1821 3381
527 295 582 344 P.
638 291 1016 343 v1RG1L11
1082 281 1483 342 MARONIs

351 299 415 360 46

351 428 449 476 Lac
473 427 594 474 mihi
622 442 715 473 non
741 425 898 472 aestate
920 439 1110 480 novum,
1133 438 1226 470 non
1250 422 1423 487 frigore
1444 425 1577 473 defit,-

348 517 518 575 Canto,
542 534 652 580 quae
675 516 852 572 solitus,
876 514 908 560 fi
933 514 1122 577 quando
1144 526 1356 561 armenta
1378 513 1596 570 vocabat,

348 607 599 670 Amphion
621 606 840 653 Dircaeus
866 605 912 651 in
940 605 1109 651 Actaeo
1132 603 1424 665 Aracyntho.

392 748 445 771 22.
469 740 529 769 Hic
542 739 611 769 mihi
625 739 754 780 Menag.
774 736 829 768 alt.
851 749 896 766 nec
910 734 1026 777 [γῇς-ονε
1041 730 1093 766 alii
1113 746 1162 777 ap.
1180 735 1288 766 Burm.
1313 735 1375 776 &stt
1400 732 1503 764 Goth.
1522 743 1571 775 pr.
1596 731 1657 763 Lae‘

345 793 480 822 mihim-01
494 791 591 834 astate,
605 802 704 834 novum
728 802 776 819 non
791 790 906 830 frigore
920 788 981 828 ‹lt-fit
992 801 1001 817 .·
1026 787 1071 817 ita
1094 786 1260 827 distinguit
1278 788 1387 817 Burm.
1433 786 1550 816 Hieme
1566 785 1655 816 enim

346 843 390 872 Iar
404 854 503 871 novum
517 840 562 883 (v,
581 839 648 871 Ecl.
664 841 708 877 V,
731 839 788 880 67)
817 839 993 879 suppetere,
1015 837 1047 868 id
1071 838 1201 868 denium
1216 836 1276 867 esse
1293 835 1480 877 gloriosum,
1509 835 1570 865 Sed
1585 834 1657 876 quis
1680 874 1685 875 ⁷

345 893 521 924 rusticanus
533 892 601 923 haec
617 891 747 922 audiens
763 900 825 920 non
841 889 998 920 subrideat
1012 889 1023 920 ?
1047 889 1176 919 inennte
1187 887 1274 918 enim
1289 887 1395 917 hicme
1410 890 1539 928 parturn
1554 883 1656 916 edunt:
1694 893 1700 896 ’

345 955 431 975 oves.
474 945 613 981 Verum,
632 941 753 974 etiamsi
770 941 837 983 post
859 954 957 970 novum
984 939 1168 981 distinguas,
1193 937 1403 980 repetendum
1432 937 1542 978 utique
1566 937 1654 967 idem

342 1007 416 1028 'voc-
439 996 472 1026 in
492 996 593 1027 altero
609 994 755 1026 membro
771 994 809 1023 de
826 993 945 1023 hieme.
992 993 1067 1022 Non
1087 1002 1164 1022 vcro
1184 990 1223 1021 de
1243 991 1352 1033 colzstro
1376 989 1474 1031 accipi
1490 988 1603 1031 potest.
1621 998 1654 1018 v.

345 1047 477 1080 Martin.

342 1150 356 1178 Ῐ
361 1157 426 1180 ΙὊΠΙ
443 1151 571 1179 Dircam.

572 1056 623 1086 23.
633 1048 666 1089 st
679 1053 777 1088 quanto
792 1057 864 1074 arm.
880 1044 1011 1074 vocabant
1032 1043 1087 1073 ms.
1108 1042 1218 1073 Barth.
1263 1043 1374 1072 Burm.
1397 1041 1480 1082 conj.
1501 1041 1654 1071 vacabant.

433 1108 484 1136 24.
509 1097 664 1129 Scribitur
683 1097 873 1131 Arm·l.›im‘lus,
897 1096 1072 1124 Arm-hiatus
1088 1101 1169 1131 etc.;
1191 1093 1270 1123 item
1286 1094 1418 1128 Arc‘lhecz,
1442 1092 1528 1133 lapsu
1549 1091 1653 1122 vario.

617 1151 660 1179 At
678 1149 721 1179 est
736 1147 872 1187 Διρκαῖος.
922 1145 1050 1175 Pindar.
1068 1145 1103 1173 P.
1120 1153 1152 1190 9‘,
1176 1153 1235 1182 153
1261 1144 1396 1186 Διρκαίων
1411 1142 1524 1174 ὑδάτων.
1549 1144 1655 1174 Totus

341 1200 450 1230 versus
465 1209 502 1229 ex
520 1199 634 1227 Graeco
652 1195 754 1226 factus
772 1195 815 1225 est
831 1205 838 1224 :
861 1194 985 1233 ’Λμφίων
1003 1196 1130 1237 Argue&
1146 1195 1169 1224 ἐν
1183 1195 1310 1235 'An-ruia?
1324 1193 1499 1238 ’Agoenu'vsffi
1521 1201 1558 1226 ut
1573 1193 1653 1226 adeo

343 1249 547 1283 manifestum
563 1247 599 1280 fit
614 1248 743 1291 poetam
756 1247 906 1277 Graecum
922 1244 981 1276 ess‘e
998 1245 1186 1289 expressum.

340 1366 524 1424 Virgilius
542 1370 580 1409 in
606 1371 692 1415 hoc,
719 1369 816 1422 quod
847 1367 960 1421 pasto-

340 1437 416 1461 rem
433 1438 579 1462 vernam
601 1424 710 1460 tantis
737 1422 881 1473 opibus,
909 1430 962 1460 tot

339 1475 524 1520 armentis,
549 1474 651 1513 beat!
684 1487 744 1513 22.
772 1474 963 1525 Suppetere

337 1524 405 1564 fibi
429 1541 492 1578 per
525 1530 639 1564 totum
670 1539 803 1562 annum
838 1537 965 1562 vaccas

337 1578 405 1622 ait,
432 1592 511 1629 quae
532 1574 666 1615 bonam
695 1576 796 1613 laetis
819 1576 963 1627 copiam

336 1627 533 1681 Praebeant,
561 1641 599 1666 ut
627 1628 792 1679 quotidie
819 1627 874 1664 lac
907 1641 960 1664 re-

336 1695 420 1719 cens
437 1681 570 1733 apponi
589 1682 702 1731 poffit.
741 1679 961 1716 Theocritus

364 1747 402 1770 ro
420 1735 510 1771 laete
525 1736 648 1783 cqseum
665 1732 829 1783 posuerat
848 1731 959 1780 Idyll.

335 1745 412 1827 BH,
447 1788 510 1834 36,
547 1784 654 1821 etiam
688 1785 759 1821 hoc
785 1797 830 1820 ex
861 1795 961 1819 more

334 1836 465 1875 harum
493 1837 705 1887 regionum:
734 1834 819 1872 vide
849 1835 960 1871 modo

338 1888 480 1939 Georg.
500 1889 572 1931 ΙΙΙ,
591 1902 681 1937 400.
700 1901 791 1936 401.

335 1977 338 1980 ,
391 1954 453 1989 23.
481 1951 634 1977 armenta
668 1938 829 1983 vocabat,
860 1951 960 1976 revo-

335 1991 457 2036 cabat,
472 1991 725 2042 compellebat,
742 2001 780 2028 ut
796 1990 962 2041 inprimis

334 2043 377 2080 fit
394 2043 547 2093 vesperi,
565 2053 604 2080 ut
621 2043 770 2080 domurn
796 2043 959 2079 reducat.

332 2095 413 2135 ¹vid.
432 2095 574 2132 suavem
591 2095 712 2132 locum
732 2093 908 2145 Apollon.
928 2094 962 2139 I,

335 2160 409 2198 575
431 2146 483 2196 sq.
502 2156 537 2183 et
552 2146 663 2183 Cexd.
720 2159 780 2194 24.
796 2146 833 2182 in
846 2147 963 2183 Αέῗοεο

332 2198 540 2248 Aracyntho.
570 2198 690 2247 Hujus
714 2197 871 2234 nominis
896 2211 960 2234 no-

334 2248 422 2286 bilis
449 2262 550 2286 mons
580 2250 627 2286 est
652 2249 866 2286 Acarnaniae
893 2249 961 2286 five

334 2300 483 2339 AEtoliae
498 2316 509 2346 3
537 2315 573 2338 v.
604 2302 661 2338 vel
691 2300 809 2338 Strab.
838 2300 893 2345 X,
920 2315 958 2351 p.

336 2355 411 2402 692
433 2353 493 2396 A;
522 2365 604 2388 nain
634 2353 719 2389 fines
746 2352 874 2389 harum
904 2365 957 2388 re-

333 2404 488 2454 gionum
507 2404 618 2441 modo
643 2403 822 2452 angustius
848 2405 959 2441 modo

331 2455 442 2493 latius
458 2465 648 2504 patuerunt
663 2472 673 2500 3
701 2468 772 2492 non
789 2455 897 2506 longe
914 2454 960 2491 ab

335 2507 424 2544 urbe
446 2506 631 2544 Pleurone.
686 2506 749 2543 Ad
776 2507 872 2543 hunc
903 2519 957 2544 re-

334 2559 482 2596 ferenda
501 2558 575 2594 haec
592 2559 658 2595 effe
675 2558 863 2596 contendit
879 2558 957 2595 Pal-

335 2610 467 2647 merius
481 2609 603 2648 Graec.
622 2621 697 2647 ant.
717 2609 789 2653 IV,
810 2623 870 2652 10,
892 2610 958 2646 do-

333 2672 462 2712 cetque
479 2675 561 2698 eum
588 2663 739 2699 tractum
758 2662 862 2699 Eam->w
885 2661 961 2698 diei

332 2714 430 2763 apud
452 2713 670 2757 Homerum,
687 2713 771 2762 quia
782 2713 914 2749 Ithacae
925 2722 960 2750 et

334 2765 582 2814 Cephalleniae
601 2764 724 2802 insulis
752 2777 795 2801 ex
815 2764 961 2801 adverso

333 2815 417 2854 situs
429 2816 475 2852 est
485 2816 524 2853 in
537 2816 754 2853 continente.
773 2815 961 2865 Amphion

332 2877 454 2906 tamen
471 2867 511 2906 in
535 2867 741 2906 Acarnania
754 2867 855 2906 fuiffe
879 2867 961 2905 nus-

1026 1380 1134 1419 quam
1179 1367 1324 1419 legitur.
1395 1367 1570 1406 Occurrit
1614 1371 1654 1409 et

1023 1418 1109 1457 huic
1129 1421 1178 1457 rei
1198 1421 1262 1464 ita,
1282 1430 1320 1457 ut
1345 1420 1476 1470 partim
1498 1434 1560 1457 nos
1578 1434 1654 1459 non

1023 1472 1147 1509 onmia
1162 1473 1206 1509 de
1225 1472 1292 1508 hac
1319 1471 1439 1508 fabula
1457 1483 1656 1510 memorata

1026 1534 1144 1560 tenere
1162 1523 1276 1567 dicat,
1286 1523 1417 1573 partim
1433 1523 1540 1560 verba
1552 1523 1650 1562 haecz

1027 1582 1062 1612 in
1097 1575 1215 1613 Aft’aeo
1251 1574 1458 1625 Aracyntho,
1502 1574 1652 1614 initium

1026 1627 1197 1664 carminis
1230 1625 1308 1663 noti
1339 1625 1463 1670 faciat,
1491 1635 1530 1663 ut
1554 1628 1652 1677 apud.

1026 1679 1186 1716 Theocr.
1208 1678 1317 1726 Idyll.
1335 1678 1407 1721 IV,
1426 1692 1484 1726 31.
1508 1692 1553 1725 32
1573 1679 1652 1717 fieri

1023 1740 1142 1780 putat,
1169 1740 1204 1766 et
1234 1740 1273 1766 ut
1303 1730 1416 1766 noster
1445 1729 1532 1767 fecit
1569 1730 1652 1769 Eeb

1026 1782 1078 1827 V,
1099 1785 1159 1821 86.
1179 1786 1242 1833 87,
1271 1791 1379 1831 utque
1406 1780 1471 1817 alii
1499 1781 1654 1828 faciunt,

1024 1847 1060 1871 V.
1080 1847 1113 1871 c.
1133 1833 1316 1883 Aristoph.
1333 1832 1538 1882 Nub.964.
1564 1834 1655 1872 Alia

1023 1886 1187 1936 exempla
1200 1900 1235 1924 v.
1251 1898 1311 1935 ap.
1325 1884 1440 1922 Bentl.
1460 1884 1505 1921 ad
1518 1885 1655 1924 Horat.

1022 1936 1040 1973 I
1056 1939 1168 1975 Serm.
1183 1951 1220 1986 3,
1242 1952 1278 1987 7.
1333 1936 1380 1972 Et
1395 1936 1489 1972 forte
1502 1936 1547 1973 ad
1561 1951 1652 1975 eun..

1022 1989 1104 2025 dem
1141 1990 1290 2025 modum
1326 1987 1494 2024 trahendi
1533 1989 1654 2027 versus

1023 2040 1148 2077 Bionis
1166 2041 1275 2090 Idyll.
1299 2039 1374 2084 III,
1399 2053 1436 2089 7.
1467 2041 1504 2083 8,
1531 2049 1571 2077 ut
1594 2054 1653 2078 ar-

1025 2102 1197 2143 gumenta
1231 2091 1431 2129 carminum
1463 2090 1545 2135 fint,
1572 2101 1653 2142 quae‘

1024 2145 1132 2194 poeta
1151 2144 1322 2181 Amorem
1340 2141 1541 2180 edocuerit.
1574 2143 1652 2181 Ve-

1027 2209 1106 2233 rum
1139 2195 1221 2232 satis
1256 2203 1424 2232 contorta
1453 2194 1500 2230 est
1533 2196 1654 2233 omnis

1025 2247 1088 2284 ina
1108 2246 1276 2284 Palmerii
1293 2245 1402 2289 ratio,
1420 2254 1456 2280 et
1471 2254 1545 2282 tota
1558 2249 1651 2285 Am-

1025 2298 1189 2348 phioniS,
1208 2298 1271 2348 qui
1299 2298 1386 2346 lyrae
1412 2307 1520 2333 cantu
1549 2298 1652 2337 The-³

1023 2350 1085 2387 bas
1101 2349 1268 2387 condidit
1285 2349 1435 2397 (Horat.
1448 2348 1530 2386 Art.
1543 2354 1652 2401 394),

1023 2402 1144 2439 fabula
1172 2402 1217 2438 ad
1254 2401 1432 2438 Boeotiam
1464 2401 1651 2449 pertinet;

1023 2453 1132 2490 etiam
1168 2453 1229 2490 hic
1258 2452 1422 2503 Amphion
1449 2451 1605 2491 Dircaeus
1630 2467 1653 2492 a

1022 2507 1123 2545 fonte
1147 2504 1310 2542 Boeotiae.
1364 2503 1464 2540 Turn
1483 2516 1568 2542 vero
1584 2518 1652 2543 nec

1022 2556 1145 2594 deficit
1155 2555 1359 2606 Aracynthi
1375 2554 1506 2592 montis
1517 2569 1651 2595 nornen

1022 2617 1058 2645 et
1087 2608 1262 2646 memoria
1291 2608 1331 2644 in
1350 2607 1516 2644 Boeotia:
1544 2603 1651 2646 Nam

1024 2657 1652 2709 nonmodoSteph.Byz.’AgovauSos·,

1024 2714 1093 2762 ’ὄξος
1129 2712 1302 2754 Βοιωτίοις,
1350 2711 1411 2759 αφ’
1461 2712 1480 2748 ἕ
1523 2711 1652 2750 Ἀθηνὶὖ

1025 2763 1244 2814 Ἀξακυνθιά,
1262 2774 1297 2800 et
1314 2762 1447 2801 Vibius
1471 2763 1652 2813 sequester

1026 2815 1065 2853 id
1080 2818 1244 2860 afferunt,
1255 2814 1341 2852 add.
1355 2815 1477 2852 Lutat.
1487 2815 1532 2852 ad
1542 2813 1651 2851 Statii

1027 2867 1148 2909 Theb.
1173 2867 1228 2914 Π,
1259 2865 1348 2919 239,
1374 2876 1410 2905 et
1437 2867 1536 2903 Sext.
1562 2865 1652 2903 adv.

1442 2917 1652 2959 Grammat.
