1987 3361
234 283 389 333 PER
435 271 537 328 AN
561 278 720 324 NOS
766 276 1149 329 DIGESTA.
1247 297 1402 331 ccxnz

93 419 206 459 buiffe
225 419 279 457 nil
299 418 446 456 mirum.
500 413 658 465 Virgilii
676 413 934 465 idiographum
954 414 1090 453 librum
1107 416 1316 469 inspec‘iurn,
1344 418 1405 457 sed

95 480 142 526 ab
159 479 253 523 aliis,
281 477 426 515 Gellius
450 483 625 514 memorat
656 473 710 511 N.
742 475 792 511 A.
820 472 897 517 IX,
929 487 987 522 14.
1041 475 1153 525 Apud
1180 476 1333 514 eundem
1352 476 1405 522 II,

95 544 270 590 3-venit
293 537 381 576 nobis
397 540 432 574 in
449 538 650 577 memoriam,
679 533 711 570 F
711 535 798 570 idum
818 532 996 582 Optatam,
1025 533 1125 571 multi
1137 541 1272 572 nominis
1290 535 1408 573 Romae

90 601 366 651 grammaticum,
393 596 550 646 ostendff’
580 593 661 632 mihi
690 592 812 630 librum
837 593 1002 630 AEneidis
1016 595 1213 642 strandum,
1240 597 1407 632 mirandae

96 668 180 698 <vesu
207 661 273 695 atis
293 655 429 705 (medio
455 654 534 692 saec.
568 652 639 702 II),
664 663 785 690 emtum
802 658 837 689 in
854 651 1038 703 Szgillarizk
1063 653 1141 689 XX
1165 659 1289 697 aureis,
1315 669 1411 704 quenz

92 720 194 768 ipsius
222 716 363 768 Virgilii
385 718 443 767 ff
464 713 631 756 credebat,
658 712 697 750 in
728 725 802 764 quo
832 712 915 750 AEn.
949 711 1004 755 II,
1031 726 1107 763 470
1125 714 1215 750 ab'na
1233 713 1406 764 scriptum

96 786 188 822 erat,
215 776 340 814 addita
357 775 462 825 supra
479 773 599 811 littera
615 773 640 810 h
658 772 792 810 facium
821 773 945 810 ahena.
1002 773 1114 823 Apud
1141 773 1250 810 eund.
1292 773 1408 819 XIII,

22 835 26 840 ’
98 851 164 881 20,
191 837 413 874 Probus-in
423 838 531 884 primo
549 834 740 885 Georgz'con,
768 846 875 883 quem
889 845 971 883 ego,
998 838 1116 883 inquit,
1142 832 1277 870 librum
1295 846 1406 870 manu

95 897 204 948 ipfius
222 895 419 934 correc‘hzm
437 893 526 944 legi,
552 893 642 930 urbis
652 904 717 943 per
731 899 746 929 i
754 892 900 930 litteram
906 893 1052 942 scripfit.

148 955 327 1006 Magnam
356 952 498 1003 copiam
529 952 693 989 versuum
722 960 758 988 et
787 950 930 988 lusuum
958 950 997 987 in
1027 948 1232 1000 Virgilium
1263 950 1409 1002 ejusque

96 1015 258 1052 carmina
276 1026 359 1050 cum
377 1012 470 1049 bona
484 1020 561 1048 tum
579 1010 686 1055 mala,
705 1009 936 1046 vetustiorum
955 1018 990 1046 et
1008 1009 1181 1046 seriorum
1199 1012 1406 1059 poetarum,

99 1073 177 1112 vid.
210 1073 286 1124 post
317 1072 502 1109 Pithoeum
528 1080 563 1107 et
580 1069 656 1119 Jos.
693 1068 915 1119 Scaligerurn
934 1069 971 1106 in
988 1068 1183 1106 Cataleffis
1200 1070 1296 1120 apud
1315 1070 1408 1108 Bur-

98 1145 222 1170 mann.
238 1131 277 1168 in
293 1131 495 1181 Antholog„
516 1128 597 1168 Lat.
616 1127 680 1167 lib.
701 1128 752 1171 II,
779 1141 835 1178 ep,
861 1141 928 1179 173
950 1128 1025 1179 sqq.

152 1191 250 1228 Cum
277 1190 389 1228 semel·
406 1188 594 1226 hominum
625 1187 814 1225 dofiorum
842 1186 988 1237 ingenia
1019 1187 1066 1224 ad
1096 1187 1217 1225 inanes
1246 1188 1341 1226 lusus
1369 1197 1408 1228 et

102 1263 214 1302 nugas
238 1249 408 1302 poeticen
435 1247 676 1285 deflexissent:
704 1246 824 1284 exorti
850 1259 994 1297 quoque
1019 1246 1116 1291 sunt,
1141 1249 1204 1298 qui
1238 1246 1410 1285 illiberali

99 1311 241 1365 prorsus
267 1309 416 1351 invento
440 1317 610 1346 centones
637 1306 866 1359 Virgilianos
895 1307 1103 1344 conderent.
1158 1307 1215 1344 Ex
1242 1308 1314 1345 hoc
1341 1322 1410 1345 nu-

102 1383 201 1408 mero
217 1370 346 1407 saeculo
364 1379 493 1419 quarto
510 1376 660 1405 exeunte
677 1366 848 1404 inclaruit
865 1365 1034 1403 Falconia
1054 1366 1184 1404 Proba.
1203 1366 1301 1404 conf.
1319 1368 1407 1407 Sax.

101 1428 288 1467 Onomast.
326 1428 377 1464 T.
415 1428 448 1470 I,
474 1441 513 1478 p.
549 1430 640 1477 438.
694 1425 807 1463 Circa
832 1424 930 1462 idern
957 1434 1097 1476 tempus
1113 1425 1308 1476 dispescuit
1325 1426 1407 1465 suos

102 1498 269 1531 centones
300 1487 496 1525 Ausonius.
549 1486 656 1523 Adeo
674 1485 824 1523 difficile
847 1485 893 1522 est
925 1484 1121 1536 perspicere
1137 1495 1172 1522 et
1188 1485 1408 1535 dijudicare,

102 1548 193 1599 quid
211 1560 334 1584 verum
350 1548 585 1597 pulcrumque
602 1546 659 1590 fit,
685 1545 709 1582 fi
727 1545 833 1583 semel
863 1544 1054 1582 hominum
1083 1545 1224 1595 judicia
1249 1558 1408 1583 occaeca-

103 1606 158 1646 vit
190 1606 289 1657 pravi
319 1606 476 1657 exempli
505 1606 671 1657 falsaeque
702 1605 885 1656 opinionis
923 1605 1125 1643 auffloritas.
1178 1603 1412 1644 Mirabantur

103 1678 226 1707 tamen
244 1666 282 1703 hi
298 1666 460 1705 homines
478 1666 683 1719 Virgilium
701 1678 773 1705 non
799 1665 915 1705 minus
945 1678 987 1704 ac
1009 1664 1152 1705 Pisones
1170 1664 1228 1704 vel
1246 1664 1404 1703 Meffalae

103 1725 287 1778 Augusteo
304 1724 446 1766 saeculo.
