1987 3361
413 307 1093 358 EDITIONIBUS.
1303 329 1419 364 cv11

104 442 274 482 Serviana
303 449 339 480 et
369 442 441 481 alia
468 442 1004 495 interpretationiinservientia
1021 443 1226 482 addideret.
1278 445 1346 484 Sin
1364 448 1424 486 in-

103 503 399 554 terpretationem
429 502 571 540 confilii
603 512 741 554 partem
785 502 1040 540 constituerat:
1069 513 1148 541 tum
1180 504 1279 542 nulla
1313 519 1421 557 opera

98 561 261 613 jejunior
285 572 321 599 et
339 562 452 612 magis
480 575 608 600 manca
626 561 792 600 adhiberi
822 561 943 613 potuit
954 577 966 607 ;
996 562 1145 600 Servius
1160 563 1258 601 enim
1277 563 1317 602 in
1332 579 1422 616 pau-

102 620 247 659 cissimis
276 621 367 659 locis
393 621 475 659 satis
507 621 615 667 facit,
640 622 804 659 admixta
820 621 930 659 habet
946 620 1134 660 innumera
1150 622 1283 666 aliena,
1314 623 1420 670 falsa,

101 679 272 726 indoeia3
300 694 381 731 quae
408 693 494 718 vero
521 681 594 732 ipse
625 690 687 719 aut
717 679 888 718 Heinfius
915 681 1033 726 affert,
1060 681 1279 732 lingularum
1310 683 1422 721 inter-

101 738 191 776 dum
219 753 350 788 vocum
376 739 628 778 illustrationes
646 753 710 791 per
727 739 895 790 congesta
911 740 999 776 loca
1016 751 1052 777 et
1070 741 1250 792 exempla,
1278 742 1422 792 poffunt

35 801 38 805 ’
99 811 143 836 ea
160 799 251 837 forte
275 800 340 837 uni
365 809 402 837 et
427 800 530 838 alteri
546 800 630 838 loco
648 801 766 838 lucem
784 798 924 842 afferre,
951 799 998 837 ad
1012 798 1187 838 summam
1205 800 1369 839 leetionis
1384 810 1422 840 et

98 857 402 910 interpretationis
418 873 544 911 parum
562 860 648 898 inde
664 858 842 911 proficias.

151 917 211 955 De
227 919 365 957 summa
381 920 550 958 carminis
565 930 603 958 et
620 920 665 958 de
683 921 821 957 summa
848 930 979 969 operae,
1007 930 1117 968 quarn
1133 916 1227 956 illud
1246 918 1417 969 postulat,

97 977 238 1015 acutius
244 978 453 1028 judicarunt
466 978 537 1018 viri
551 979 650 1016 docti
662 992 683 1016 a
696 978 728 1015 C
734 977 850 1015 riticis
860 976 1227 1028 improbati,Ruaeus‚
1236 977 1421 1022 Catroeus,

97 1035 296 1088 Trappius‚
322 1039 516 1077 Martinus.
571 1038 754 1076 Viderunt
773 1037 830 1083 hi,
857 1037 990 1088 partim
1007 1035 1101 1073 sein
1127 1040 1239 1088 po'eta
1265 1036 1418 1083 versari,

95 1094 259 1147 adeoque
287 1099 563 1148 grammaticam
592 1110 738 1147 operam
765 1095 858 1133 nihil
886 1095 987 1132 aliud
1005 1104 1243 1146 praeterquam
1261 1094 1418 1135 fundum

95 1153 255 1192 melioris
281 1155 589 1206 interpretationis
618 1164 655 1192 et
681 1155 758 1193 veri
785 1168 805 1191 e
835 1154 991 1192 lectione
1017 1153 1154 1191 fruflus
1185 1154 1250 1191 effe
1281 1154 1417 1192 haben-

94 1209 196 1256 dam,
222 1212 355 1263 partim
382 1214 543 1251 carmina
570 1214 636 1251 effe
664 1226 773 1264 opera
800 1212 954 1264 fingula,
981 1224 1137 1262 quorum
1155 1212 1288 1262 cuique
1305 1225 1414 1263 argu-

94 1279 256 1311 mentum
290 1271 478 1322 ingeniose
503 1272 724 1324 descriptum
754 1281 791 1310 et
821 1272 1075 1326 pertractatum
1111 1270 1311 1321 subjeetum
1344 1273 1417 1319 est3

93 1342 168 1367 non
197 1331 292 1382 poss‘e
316 1337 465 1383 poetam
494 1346 578 1370 cum
596 1333 781 1383 voluptate
810 1331 899 1382 legi,
928 1331 953 1368 fi
972 1339 1111 1368 tantum
1130 1330 1169 1367 in
1187 1331 1326 1369 criticis
1342 1332 1417 1369 hae-

93 1388 193 1433 seris,
220 1400 281 1427 aut
299 1391 324 1428 si
343 1391 583 1443 philologicas
600 1390 869 1430 observationes
887 1388 933 1427 ad
951 1389 1105 1440 lingulas
1129 1403 1235 1427 voces
1253 1398 1290 1427 et
1306 1389 1415 1441 phra-

92 1447 143 1486 ses
159 1450 420 1488 cumulaveris:
449 1450 570 1502 itaque
583 1450 630 1502 de
649 1448 849 1494 sententiis,
875 1448 923 1486 de
940 1448 1088 1498 po'etica
1104 1447 1158 1492 vi,
1185 1447 1232 1484 de
1250 1448 1416 1486 oratione

91 1511 212 1556 poe'tae
237 1508 391 1547 solliciti
420 1510 532 1547 fuere.
586 1510 697 1548 Latus
714 1508 898 1561 praebuere
922 1506 1208 1545 adversariorum
1226 1506 1358 1544 iffibus
1374 1507 1414 1545 in

90 1565 178 1612 hoc,
205 1568 305 1619 quod
333 1568 398 1620 ipfi
429 1582 494 1607 nec
525 1569 653 1608 critica
678 1582 744 1608 nec
771 1566 1009 1621 grammatica
1039 1566 1242 1606 subtilitate
1272 1567 1414 1607 imbuta

90 1623 174 1664 satis
193 1626 342 1677 ingenia
359 1627 573 1666 habuerunt.

141 1685 192 1722 Et
220 1685 295 1724 haec
328 1687 478 1737 quidem
505 1685 686 1725 haetenus.
738 1685 849 1736 Juvat
863 1683 1073 1723 editionum
1091 1682 1240 1722 annales
1260 1682 1412 1734 subjun-

87 1756 190 1800 gere,
215 1754 256 1783 ut
283 1745 329 1783 de
359 1745 420 1791 iis,
446 1758 525 1796 quae
553 1744 718 1783 universe
746 1744 846 1783 dicta
871 1743 969 1795 sunt,
1002 1754 1049 1780 ex
1079 1741 1285 1795 fingulatim
1317 1742 1410 1789 faeta

86 1804 357 1845 enumeratione
373 1804 499 1843 melius
516 1804 662 1843 constet.

500 1920 984 1947 ——ss—-———-·—--—--—-

564 2023 922 2089 1501.·——1601.

693 2148 806 2188 ¹50¹·

140 2215 304 2267 Virgilius
328 2229 399 2252 cum
429 2219 666 2252 commentariis
698 2219 852 2264 quinque,
889 2211 1046 2250 videlicet
1074 2210 1207 2255 Servii,
1243 2210 1407 2259 Laudinf„

84 2274 168 2313 Ant.
184 2274 397 2316 Ilffancinelli,
424 2273 568 2318 Donati,
595 2273 749 2311 Domitii.
801 2271 1040 2319 Venetiisficb
1056 2285 1144 2309 anno
1160 2272 1286 2308 domini
1305 2282 1318 2306 1
1329 2281 1399 2320 501

84 2334 138 2373 die
154 2346 178 2383 9
198 2334 312 2382 Junii.
364 2331 532 2370 Venetiis
1199 2328 1266 2366 fol.
1290 2341 1303 2365 1
1313 2340 1405 2380 5¹01.

137 2392 230 2431 Vid.
250 2391 379 2430 Goezii
392 2390 625 2430 Memorabil.
646 2389 822 2428 Biblioth.
842 2386 974 2426 Dresd.
994 2388 1046 2427 T.
1063 2387 1118 2433 II,
1137 2401 1174 2426 n.
1195 2400 1286 2439 291.
1341 2387 1403 2424 Se-

85 2451 209 2502 quitur
225 2462 343 2490 autem
361 2451 433 2489 sme
449 2451 562 2490 dubio
580 2450 667 2488 edd.
683 2448 840 2487 Venetas
863 2461 932 2498 149
937 2461 973 2500 5.
996 2460 1107 2500 1499.

141 2510 314 2562 Virgilius.
369 2509 534 2548 Venetiis
561 2525 606 2548 ex
644 2507 771 2546 aedibus
803 2506 899 2546 Aldi.
952 2505 1099 2544 Romani
1135 2504 1253 2556 Menfl‘
1290 2503 1409 2553 Aprili

84 2570 207 2608 MDI.
260 2567 425 2606 Venetiis
1231 2563 1267 2598 8.
1291 2574 1403 2613 1501,

136 2629 196 2668 De
222 2628 290 2667 hac
318 2642 354 2665 v.
377 2617 453 2679 sup.
480 2640 517 2678 p.
546 2625 597 2664 C.
650 2622 769 2676 Typis
788 2622 1006 2668 minoribus,
1033 2633 1124 2673 quos
1157 2619 1298 2664 italicos,
1325 2635 1402 2658 cur-

82 2699 202 2732 rentes,
227 2697 265 2726 et
294 2686 432 2724 Aldinos
461 2694 609 2727 vocant,
635 2683 772 2735 primus
808 2683 972 2720 omnium
999 2679 1177 2718 librorum
1209 2678 1401 2729 expressus.

83 2747 238 2797 Adjesta
267 2746 314 2783 est
345 2745 390 2782 ad
419 2744 556 2781 calcem
587 2742 735 2794 epistola
761 2742 807 2780 de
837 2739 1104 2793 orthographiae
1131 2737 1287 2776 ratione.
1340 2736 1401 2774 Est

81 2805 193 2849 etiam
210 2806 315 2856 hujus
331 2803 420 2841 edit.
440 2801 604 2854 repetitio
622 2800 692 2838 fine
710 2813 817 2839 anno.

134 2866 183 2907 P.
227 2865 270 2904 V.
309 2863 369 2903 M.
400 2860 523 2914 aliquot
553 2859 771 2912 opusculorum
794 2856 1068 2912 familiarffma
1102 2854 1315 2949 elucidatam}
1336 2860 1399 2902 pro

1154 2923 1292 2964 tyruncu
1307 2924 1398 2950 orum
