1821 3381
439 363 536 416 IN
602 356 1120 413 GEoRcieA.
1345 374 1438 427 205

131 507 282 554 novali
303 501 717 564 Militiamquesoli:
752 497 859 562 quod
890 497 1008 543 colles
1041 494 1235 541 Bacchus
1265 508 1444 554 amaret,

135 590 266 653 Quod
281 587 471 649 fecunda
511 584 633 629 Ceres
667 593 841 643 campos,
889 579 994 641 quod
1024 562 1174 623 Palla's
1209 586 1445 639 utrumque,

138 670 282 733 Atque
303 669 465 728 arbusta
490 668 614 728 vagis
644 665 766 724 effent
805 664 911 724 quod
941 661 1135 707 adultera
1166 662 1320 721 pomis,
1356 660 1449 706 Sil-

135 769 368 814 varumque
402 752 507 805 ἄξω,
525 750 784 808 sacramque
821 746 1002 799 numina,
1040 742 1273 805 Nymphas,
1317 742 1447 788 Pacis

135 848 251 898 opus,
284 848 448 896 magnos
481 843 644 878 naturae
678 830 811 876 condit
841 831 884 874 in
913 846 938 873 u
960 843 1008 873 us
1034 829 1074 873 *.
1143 827 1256 890 Qo
1289 825 1449 891 quaeso

135 917 351 980 Operum
374 930 427 961 ae
453 913 653 960 Dierum
675 912 779 958 loco
809 925 967 955 earum
1002 920 1160 955 rerum
1195 909 1446 974 vestigium

137 997 328 1061 aliquod
363 992 716 1056 deprehendas?
753 991 842 1037 Sed
873 990 1026 1052 potest
1057 990 1150 1049 hic,
1185 994 1313 1055 quod
1340 996 1447 1060 jam

137 1079 352 1125 Bentleio
376 1077 524 1123 visum
560 1075 637 1130 est,
685 1072 1012 1135 interpolatrix
1050 1089 1214 1122 manus
1250 1080 1451 1139 graffata,

140 1159 230 1205 effe
250 1158 425 1212 videri;
462 1157 510 1203 id
534 1169 691 1203 tamen
722 1172 835 1201 cum
858 1171 984 1217 aegre
1003 1156 1353 1209 admittendum
1377 1163 1449 1221 fit,

142 1241 304 1288 videor
326 1239 445 1285 mihi
472 1238 731 1283 Manilium
764 1237 998 1301 Propertii
1034 1238 1301 1289 imitatione
1329 1246 1453 1292 ulte-

142 1322 251 1378 rius,
284 1337 426 1383 quam
451 1319 609 1376 vellet,
640 1319 853 1366 eveffiwrn
877 1319 1095 1366 excusare
1109 1323 1252 1383 posse.
1319 1324 1452 1388 Lyn..

144 1419 284 1450 ceum
308 1404 346 1450 is
371 1406 400 1462 †
435 1401 644 1448 amicum
669 1402 819 1457 suum,
853 1400 1047 1463 poetam
1075 1405 1291 1466 graviora
1312 1422 1453 1471 argu-

145 1497 304 1532 menta
327 1485 524 1530 tradiare
543 1484 744 1540 solitum,
778 1499 937 1530 amore
951 1482 1054 1547 jam
1074 1497 1270 1548 captum
1290 1491 1453 1552 exagi-

146 1583 228 1626 tat,
261 1582 307 1616 et
329 1570 386 1615 ad
408 1570 563 1632 elegos
585 1569 838 1616 amatorios
870 1569 1169 1616 adhaesurum
1193 1571 1281 1619 effe
1303 1590 1455 1637 augu-

147 1665 287 1699 ratur.
356 1651 459 1697 Nec
496 1664 653 1697 tamen
677 1668 782 1697 eam
804 1666 901 1698 rem
925 1663 976 1697 ut
997 1653 1168 1714 pudori
1189 1653 1277 1700 fibi
1297 1654 1455 1717 ducat,

148 1748 227 1782 aut
258 1749 309 1782 ut
331 1736 435 1782 haec
460 1735 670 1782 carmina
692 1735 926 1782 minorem
958 1736 1078 1783 inter
1110 1736 1348 1786 Romanos
1371 1741 1457 1787 ha-

148 1818 303 1865 bitura
327 1819 412 1865 effe
434 1818 637 1881 gratiam
660 1817 910 1875 existimet,
944 1830 1130 1865 monet:
1166 1819 1283 1866 dum
1305 1821 1457 1868 buco-

151 1905 242 1950 lica
276 1903 461 1959 scribat,
506 1902 623 1948 dum
662 1901 861 1949 Hesiodi
897 1903 1117 1965 exemplo
1137 1903 1195 1951 de
1219 1921 1268 1951 re
1288 1906 1459 1952 rustica

151 2003 340 2033 carmen
379 1987 567 2045 condat,
615 2004 690 2033 non
728 1998 864 2034 lamen
899 1987 1000 2042 haec‚
1054 2001 1165 2049 quae
1209 1987 1268 2034 de
1300 2003 1460 2035 amore

151 2070 406 2131 scripturus
449 2069 520 2125 fit,
570 2070 649 2115 ulli
685 2073 854 2115 venient
888 2071 1047 2131 ingrati
1078 2069 1242 2131 legenti,
1278 2071 1382 2116 Sive
1416 2073 1461 2115 in

152 2167 292 2196 amore
314 2149 430 2195 rudis
434 2151 534 2208 five
546 2152 714 2210 peritus
733 2153 833 2195 erit.
897 2149 1122 2196 Luserant
1144 2150 1323 2208 eadem,
1350 2167 1464 2214 per-

152 2233 242 2295 git,
286 2230 383 2278 alii.
466 2230 598 2277 Dum
637 2231 904 2279 Hesiodum
942 2244 1189 2290 memorat,
1233 2233 1298 2279 ‘Tu
1332 2237 1463 2289 canis,

155 2313 326 2375 inquit,
360 2313 524 2374 Ascraei
543 2314 703 2360 veteris
721 2324 934 2376 praeceptcz
963 2322 1110 2376 poem,
1158 2316 1257 2380 Quo
1261 2316 1387 2377 seges
1418 2318 1464 2360 in

156 2407 309 2456 camp0‚
343 2413 417 2458 quo
439 2398 555 2442 viret
577 2414 663 2443 uva
673 2399 794 2461 jugo.
849 2397 993 2444 Vides
1018 2399 1239 2462 exemplo
1263 2397 1463 2445 Hefiodi

156 2476 262 2522 cani
285 2476 395 2533 dici,
430 2494 523 2524 non
557 2479 615 2525 ab
640 2479 742 2541 ipso
763 2479 1003 2535 Hefiodo;
1039 2482 1196 2543 potuit
1228 2496 1280 2526 ea
1303 2492 1464 2526 tamen

158 2558 388 2606 Manilius
406 2560 464 2606 ad
483 2561 746 2608 Hesiodum
763 2561 919 2624 ipsum
937 2562 1120 2618 referre,
1144 2574 1284 2624 atque
1305 2561 1465 2616 etiam,

158 2656 271 2687 cum
293 2638 343 2685 in
368 2640 502 2686 laude
524 2640 678 2703 po'e'tae
700 2641 967 2700 versaretur,
1000 2658 1055 2690 eo
1086 2642 1274 2697 adduci,
1309 2653 1360 2688 ut
1381 2655 1466 2687 co·-

158 2722 332 2788 piofius
357 2734 402 2768 et
424 2723 653 2779 ornatiuS‚
675 2740 726 2771 ac
752 2740 823 2772 res
849 2725 1041 2782 ferebat,
1065 2724 1268 2772 efferret.

361 2839 384 2862 ὓ
413 2838 546 2875 Manil.
567 2837 618 2880 II,
646 2850 688 2888 19
708 2838 782 2889 sqq.

365 2900 388 2938 †
418 2897 577 2949 Propert.
596 2896 662 2938 lib.
682 2896 719 2936 Π
736 2898 839 2950 Eieg.
859 2905 950 2939 extr.
972 2898 1091 2938 versus
1108 2899 1227 2938 finem.

1201 2966 1469 3014 Sententia-
