1821 3381
384 298 911 356 GEORGICON,
965 299 1112 347 LIB.
1169 301 1235 348 ΙΙ.

1375 316 1467 365 325

154 436 312 497 Atque
339 433 642 496 indignatum
667 432 852 495 magnis
876 432 1151 479 stridoribus
1179 449 1358 496 aequor,

149 523 278 584 Julia
299 539 391 585 qua
412 535 562 585 ponto
586 524 726 586 longe
751 521 880 567 sonat
904 522 1027 569 unda
1051 523 1220 579 refuso,

1377 525 1464 588 163

153 617 511 682 Tyrrhenusque
536 619 661 665 fretis
687 618 944 665 inmittitur
968 619 1103 665 cestus
1128 618 1365 669 Avernis?

193 749 266 782 162.
287 752 395 792 magnis
410 750 568 779 clamoribus
586 749 740 780 Are-tinus
764 749 796 779 in
822 750 903 791 Epp.
929 750 1048 789 laudat,
1070 750 1154 791 quod
1180 751 1334 792 probabat
1352 751 1458 785 'Waffe

403 801 444 832 ad
458 800 579 831 Sallust.
599 800 618 831 l.
635 800 655 833 1.

146 909 328 962 Agrippa,
368 910 413 950 L.
457 912 618 950 Canidio
655 912 770 952 Gallo

146 961 246 1000 Coss.
269 965 319 1000 U.
341 963 387 1000 C.
422 977 510 1014 717,
537 978 620 1003 cum
645 974 769 999 contra

145 1013 244 1052 Sext.
298 1015 505 1065 Pompeium
556 1015 647 1050 male
693 1027 767 1051 rem

143 1066 288 1117 geffiffet
316 1066 532 1103 Oetavianus
564 1065 700 1109 Caesar,
729 1075 768 1102 ut

145 1117 343 1155 reficiendis
374 1117 532 1154 claffibus
560 1117 680 1153 locum
711 1127 765 1153 tu-

144 1180 221 1206 tum
238 1169 398 1211 haberet,
428 1168 603 1219 Agrippae
618 1167 768 1205 consilio

140 1231 284 1272 portum
303 1221 475 1269 Bajanum
493 1219 531 1258 in
549 1219 623 1256 sinu
640 1218 767 1256 Puteo-

141 1274 224 1310 lano
245 1272 352 1320 (inter
379 1271 483 1307 Baias
514 1280 550 1307 et
583 1270 763 1318 Puteolos)

140 1323 425 1361 commodiorem
450 1332 485 1359 et
512 1320 682 1359 tutiorem
716 1321 765 1370 ita

139 1374 314 1418 reddidit,
352 1384 414 1411 aut
462 1373 578 1410 verius
630 1386 763 1410 novum

137 1436 282 1478 portum
300 1424 456 1475 aperuit,
481 1435 521 1462 ut
544 1425 662 1461 lacum
692 1425 763 1461 Lu-

137 1480 295 1521 crinum,
340 1476 526 1526 interjeeto
568 1488 697 1526 aggere
742 1489 761 1513 a

136 1530 228 1569 mari
245 1528 433 1573 seclusum,
452 1541 534 1565 cum
550 1527 631 1564 lacu
648 1528 758 1565 Aver-

139 1594 202 1625 no,
243 1581 307 1630 qui
341 1579 396 1616 isti
429 1578 630 1629 adjacebat,
672 1592 757 1615 con-

130 1633 311 1683 jungeret,
329 1644 494 1681 aggerem
513 1640 630 1667 autem
648 1631 758 1668 modo

135 1685 287 1726 dietum,
316 1683 378 1732 qui
399 1682 434 1718 V
452 1682 647 1719 stadiorum
666 1693 756 1726 erat,

132 1735 326 1774 latitudine
354 1733 415 1771 vix
451 1733 635 1783 quadrigis
666 1733 756 1770 reci-

132 1787 276 1839 piendis
310 1798 372 1835 par
411 1784 547 1836 (strab.
585 1784 634 1821 V.
672 1798 754 1836 pag.

134 1841 241 1890 245),
283 1838 467 1887 postquam
509 1849 552 1872 eo
606 1836 755 1886 perfosso

131 1891 271 1927 aditum
290 1889 440 1927 navibus
469 1887 508 1924 in
533 1898 675 1937 portum
705 1887 753 1923 fe-

131 1951 242 1985 cerat,
270 1941 321 1978 ita
341 1940 509 1984 muniret,
538 1950 575 1975 ut
594 1952 612 1974 a
633 1939 750 1975 flueti-

131 1993 197 2030 bus
215 1991 373 2043 superari
391 1991 570 2042 nequiret,
587 1990 751 2027 navibus-

131 2058 201 2095 que
228 2054 323 2081 tutus
352 2044 445 2080 intra
470 2055 552 2081 eum
585 2043 666 2079 esset
698 2054 750 2077 re-

130 2107 264 2146 ceptus.
309 2095 388 2132 Hic
414 2096 534 2132 Portus
551 2093 669 2142 Julius
688 2106 750 2129 vo-

127 2158 239 2185 catus.
265 2147 341 2184 vid.
375 2145 522 2183 Sueton.
555 2146 654 2194 Aug.
691 2147 748 2183 16.

128 2198 268 2237 Excisae
301 2208 378 2236 tum
410 2197 517 2241 filvae,
558 2210 637 2246 quae
671 2196 752 2233 loca

126 2250 248 2289 vicina
309 2248 548 2299 occupabant.
629 2247 749 2285 Locus

126 2303 282 2340 clafficus
339 2301 386 2337 est
446 2300 539 2350 apud
588 2298 748 2336 Dionem

129 2352 319 2396 XLVIII,
350 2365 412 2403 50,
440 2351 510 2388 alia
538 2350 638 2387 dedit
659 2350 748 2386 Clu-

125 2419 196 2443 ver.
217 2404 299 2441 Ital.
326 2414 399 2440 ant.
419 2402 492 2446 IV,
518 2416 554 2439 2.
607 2401 748 2438 Adver-

123 2458 180 2495 sus
214 2455 391 2498 Servium,
435 2455 498 2504 qui
527 2453 630 2504 plura
663 2453 747 2489 mis-

126 2508 218 2552 cuit,
247 2506 406 2557 disputat
437 2506 594 2542 Ouwens
615 2504 666 2541 N.
689 2503 744 2542 H.

122 2575 159 2611 p.
197 2561 281 2610 58¹·
337 2557 503 2594 Praelatus
539 2568 656 2593 tamen
693 2556 745 2592 se-

123 2610 250 2662 quenti
285 2618 445 2659 tempore
472 2617 594 2658 portus
630 2606 743 2644 Mise-

122 2676 200 2700 nus.
272 2662 452 2697 Memorat
490 2659 611 2708 itaque
637 2662 746 2708 po'eta

121 2724 267 2765 portum
286 2711 447 2761 Julium3
475 2723 580 2760 quem
611 2709 656 2746 sic
685 2723 742 2746 or-

122 2766 217 2802 navit
235 2777 243 2800 ε
267 2775 379 2813 portus
399 2765 599 2811 Lucrinoque
626 2762 743 2798 addita

121 2818 278 2867 claustra,
306 2815 342 2851 h.
362 2827 529 2864 aggerem
547 2812 650 2848 illum
671 2825 742 2849 non

123 2878 198 2906 tum
216 2867 373 2919 primum
389 2867 536 2911 factum,
563 2863 621 2900 sed
640 2865 742 2903 novis

748 801 817 838 164.
837 804 951 834 Averni
966 800 1049 832 Tou.
1078 810 1108 832 et
1125 804 1211 834 Serv.

833 913 999 962 operibus
1030 914 1260 960 adstrut‘tum,
1289 931 1362 968 quo
1384 918 1459 968 ipso

832 976 954 1014 partus
999 965 1140 1003 effefius
1181 969 1239 1005 est.
1322 969 1458 1007 Eodem

833 1017 942 1052 modo
972 1018 1224 1067 accipiendum
1268 1021 1315 1056 est
1361 1021 1453 1058 illud

834 1065 958 1111 Plinii,
985 1081 1030 1105 ex
1050 1070 1167 1115 nostro
1185 1071 1454 1117 adumbratum,

835 1117 1032 1164 XXXVI,
1066 1134 1124 1171 15,
1151 1121 1175 1158 s.
1198 1135 1260 1170 24,
1294 1137 1334 1160 12
1367 1141 1459 1161 mare

836 1170 1043 1220 Tyrrhenum
1075 1188 1099 1208 a
1142 1173 1284 1212 Lucrino
1325 1175 1471 1212 molibus.

819 1222 996 1273 salabim,
1023 1222 1212 1270 nimirum,
1253 1226 1342 1263 ostio
1378 1236 1455 1264 tan-

832 1282 908 1310 tum
926 1284 1047 1323 portus
1068 1275 1204 1313 relisto.
1258 1294 1372 1328 aeqnor
1388 1291 1452 1314 au-

830 1332 902 1361 tem
920 1326 1175 1375 indignabamr,
1203 1340 1244 1364 ea
1261 1341 1375 1378 parte,
1388 1345 1455 1380 qua

828 1378 918 1413 unda
933 1376 1142 1426 Jnliasonal
1167 1390 1263 1428 ponto
1287 1380 1380 1431 long-e
1398 1397 1449 1417 re-

814 1430 912 1476 βψ,
939 1428 974 1464 h.
1003 1442 1072 1478 qua
1092 1440 1214 1478 portus
1237 1430 1354 1478 Julius
1381 1432 1449 1468 im-

827 1478 928 1515 miffo
965 1480 1052 1516 mari
1091 1490 1166 1517 erat
1201 1483 1370 1529 effe&us;
1401 1500 1450 1520 re-

812 1533 927 1579 fustzs,
957 1541 994 1567 ut
1023 1530 1111 1581 saepe
1144 1532 1218 1569 fieri
1246 1533 1346 1576 solet,
1375 1539 1468 1573 non'

823 1583 1041 1619 contrariam
1061 1593 1121 1619 aut
1147 1583 1309 1621 iteratam
1330 1586 1443 1623 afflo-

822 1644 903 1669 nem
934 1643 1047 1675 notat,
1077 1633 1136 1670 sed
1167 1635 1337 1685 simplicis
1370 1638 1445 1676 vim

821 1683 939 1722 habet.
980 1684 1082 1721 Poffit
1101 1685 1247 1734 quidem
1266 1698 1301 1724 et
1320 1689 1370 1726 ita
1388 1703 1466 1734 τις(

821 1735 910 1785 cipi,
932 1746 970 1772 ut
998 1746 1126 1788 pontus
1154 1751 1172 1774 a
1207 1739 1301 1776 mole
1333 1753 1442 1791 agge-

820 1786 866 1823 ris
903 1787 940 1823 in
978 1801 1072 1824 mare
1097 1789 1244 1839 projefti
1283 1791 1442 1836 refundi,

821 1839 966 1888 reprimi
986 1839 1161 1882 videatur,
1182 1851 1219 1877 ut
1234 1855 1289 1891 ap.
1306 1842 1443 1882 Lucan.
1464 1838 1467 1843 ¹

819 1889 871 1933 II,
899 1893 968 1941 617
997 1890 1154 1929 violentos
1187 1893 1295 1940 iaegffila
1345 1896 1441 1933 Coras

818 1940 976 1991 Exczpere
997 1946 1098 1990 saxis
1127 1943 1293 1994 lapsasque
1327 1950 1440 1995 refim-

817 1994 891 2028 dere
923 1995 1030 2030 undas
1063 1993 1223 2031 dieitur:
1261 1995 1317 2032 sed
1353 1998 1439 2035 alter

816 2044 932 2080 versus
960 2045 1003 2083 ad
1033 2046 1194 2082 eamdem
1231 2046 1437 2088 sententiam

814 2095 1081 2144 exprimendam
1102 2097 1217 2134 valet:
1250 2098 1436 2150 {juv-benus

815 2150 924 2196 cestus,
951 2147 988 2184 h.
1010 2161 1104 2184 mare
1120 2149 1275 2193 aestuan3‚
1303 2149 1437 2188 immit-

814 2198 916 2240 titur,
960 2212 1022 2249 per
1071 2213 1108 2235 os
1164 2211 1301 2250 portus,
1332 2206 1436 2252 fretis

814 2251 979 2294 Averm's,
1007 2251 1044 2287 h.
1065 2251 1161 2288 lacui
1182 2252 1343 2297 Averno,
1373 2256 1435 2305 qui

813 2313 878 2350 pro
905 2301 1036 2338 intimo
1054 2313 1175 2353 portus
1195 2304 1323 2340 recessu
1342 2317 1432 2351 erat,

812 2362 848 2388 et
881 2353 925 2389 ad
963 2366 1068 2403 quem
1099 2366 1118 2390 e
1154 2354 1316 2392 Lucrino
1350 2357 1431 2396 fossa

810 2403 918 2441 duRa
934 2414 1023 2440 erat.
1053 2404 1177 2441 Lucan
1196 2405 1248 2449 ΙΙ,
1266 2408 1339 2444 616
1366 2410 1433 2448 Nec

810 2465 919 2492 tamen
937 2455 992 2493 hoc
1017 2461 1100 2494 artis
1131 2460 1298 2507 immfftm
1313 2464 1433 2509 fauci-

810 2505 869 2543 bus
887 2523 1000 2558 (equor
1022 2508 1138 2546 Portus
1164 2520 1250 2546 eras.
1297 2509 1431 2548 Immu-

809 2566 927 2595 tzivere
951 2558 1115 2595 locorum.
1150 2558 1281 2597 faciem
1319 2562 1428 2612 longa

808 2618 909 2653 aetaS,
937 2618 1107 2646 terrarum
1138 2610 1247 2646 ruina:
1274 2622 1309 2648 et
1347 2613 1427 2651 sub-

804 2660 958 2697 terranei
978 2660 1091 2710 ignes,
1118 2660 1281 2711 inprimis
1299 2665 1428 2702 Monte

807 2712 917 2749 Novo
951 2723 1095 2756 exorto,
1139 2712 1204 2754 ita,
1251 2725 1288 2750 ut
1329 2727 1427 2755 nune

805 2764 895 2801 adeo
912 2764 957 2800 de
984 2764 1048 2800 situ
1075 2772 1111 2799 et
1138 2765 1293 2814 vestigiis
1325 2767 1428 2812 hujux

803 2823 924 2863 portus
956 2814 1049 2851 inter
1081 2814 1176 2850 viros
1204 2817 1327 2853 docies
1358 2818 1425 2854 dis-

804 2875 960 2916 putetur.
1011 2865 1087 2904 vid.
1125 2865 1224 2904 Paoli
1270 2868 1423 2919 Antiqq‘

1237 2917 1422 2961 Puteolan,
