1987 3361
558 310 679 347 (τινι
874 299 990 348 DE
1056 301 1499 352 VIRGILII

557 430 705 478 servari,
731 445 753 471 a
781 433 870 471 viris
899 433 1014 473 doffis
1047 435 1257 473 affirmatur.
1283 434 1362 472 vid.
1396 434 1594 472 Burmann.
1623 435 1729 486 praef.
1759 436 1860 488 (pag.

556 492 606 539 38
627 491 695 541 sq.)
769 496 774 511 ⁸
1715 526 1720 531 .

611 549 694 589 Eros
727 551 893 590 librarius
922 561 958 589 et
989 552 1140 592 libertus
1170 551 1340 604 Virgilii.
1397 550 1562 590 Donatus
1589 551 1627 589 in
1649 551 1731 593 Vit.
1750 552 1862 604 Virg-

555 606 584 645 Ι.
603 622 668 659 49.

607 669 739 710 ,Fabius
770 667 970 707 Planciades
995 669 1189 720 Fulgentius
1223 667 1270 706 de
1303 669 1467 721 allegoria
1496 667 1611 707 libror.
1652 669 1685 704 V
1683 668 1791 720 irgilii
1814 670 1867 706 ad

557 725 770 766 Chalcidium
813 728 1106 774 Gramn1al12·mn‚·
1136 729 1204 765 slve
1238 728 1284 764 de
1317 729 1507 778 expositione
1541 728 1578 764 V
1574 727 1747 780 itgilianae
1787 743 1863 764 con-

551 789 716 824 einemiae.
770 785 931 823 Primum
959 786 1016 824 cd.
1043 801 1065 824 a
1098 787 1322 825 Commelin.
1360 788 1472 837 1589,
1499 786 1629 823 iterum
1660 797 1682 822 a
1712 785 1753 823 P.
1784 783 1861 822 Da-

557 842 650 881 niele
674 845 785 889 1600,
810 845 949 883 auffior
979 859 998 882 c
1022 847 1121 883 Cod.
1142 846 1228 884 MS.
1247 855 1283 884 et
1313 845 1454 884 recusus
1480 859 1500 882 a
1518 845 1722 883 Munckero
1739 853 1776 882 et
1791 857 1862 897 van

557 899 724 945 Staveoen
761 904 800 942 in
836 905 1009 944 auciorib.
1041 904 1323 956 Mythographis
1357 904 1513 945 Latinis.
1566 904 1643 943 Vix
1673 903 1786 941 ullum
1815 915 1860 940 ex

555 972 601 999 eo
635 962 682 999 ad
710 963 911 1014 Virgilium
942 966 1097 1003 fruftum
1129 965 1241 1015 speret
1271 964 1414 1014 aliquis,
1441 977 1525 1007 cum
1554 962 1772 1004 insulfiffime
1798 961 1862 999 de·-

556 1027 722 1070 torqueat
740 1021 927 1060 nominum
954 1034 989 1061 et
1019 1023 1273 1060 sententiarum
1294 1022 1448 1060 rationes
1474 1022 1519 1063 ad
1537 1021 1682 1060 virtutis
1702 1033 1861 1058 morum-

538 1089 628 1133 ¹que
645 1081 805 1118 occultas
823 1081 1135 1134 interpretationes
1152 1082 1408 1134 grammaticus
1432 1081 1677 1132 ineptiffimus.
1733 1080 1862 1132 Qan-

555 1137 606 1174 do
640 1139 788 1185 vixerit,
814 1155 941 1191 parurn
975 1144 1124 1185 constat,
1152 1155 1217 1180 nec
1249 1141 1418 1191 expedire
1446 1140 1567 1192 potuit
1597 1139 1794 1177 Muncker.
1820 1138 1861 1177 in

555 1197 657 1246 praef.
694 1199 739 1236 ad
775 1213 873 1246 eum,
914 1200 978 1238 nisi
1022 1202 1120 1252 quod
1158 1201 1251 1238 Afer
1285 1201 1374 1246 fuit,
1410 1208 1446 1237 et
1481 1199 1658 1238 Vandalis
1685 1197 1861 1238 'Africam

556 1257 766 1296 tenentibus
782 1259 908 1297 saeculo
927 1260 1018 1303 forte
1035 1260 1135 1297 sexto
1149 1259 1257 1303 vixit.

609 1317 837 1368 quſjhriolum
870 1319 1095 1370 Virgilmmcm
1136 1319 1256 1370 prisco
1298 1317 1465 1356 Maronis
1499 1316 1622 1355 codici
1661 1315 1860 1367 subjestum
1926 1343 1930 1348 Α
1984 1369 1985 1376 ¹

555 1376 763 1414 uasta-verat
781 1377 889 1428 Casp.
917 1378 1097 1423 Barthius,
1125 1379 1220 1415 unde
1239 1378 1277 1416 in
1303 1377 1456 1418 Advers.
1486 1376 1707 1421 XXXVII,
1733 1389 1750 1428 ς
1783 1375 1860 1426 spe-

554 1433 677 1472 cimen
707 1437 906 1487 proposuit.
972 1437 1229 1488 Comparando
1262 1447 1431 1489 poterunt
1465 1437 1562 1474 forte
1596 1435 1733 1474 firmari
1768 1447 1859 1473 non-2

555 1493 652 1531 nulla
692 1494 768 1544 jam
810 1494 956 1533 aliunde
1007 1505 1118 1541 nota3
1164 1495 1234 1533 alia
1276 1495 1374 1533 sunt'
1398 1495 1591 1547 depravata
1627 1503 1664 1534 et
1699 1494 1860 1548 interpo-

552 1551 640 1591 lata.

607 1614 724 1665 Gm‘fo.
768 1613 825 1652 M.
846 1614 1050 1652 Antonium
1069 1614 1323 1665 Gniphonem‚
1350 1614 1395 1651 de
1411 1626 1483 1664 quo
1504 1613 1653 1650 Sueton.
1672 1610 1726 1650 ill.
1743 1610 1815 1649 Gr.
1834 1623 1856 1663 7

556 1681 746 1717 memorat,
786 1672 825 1710 in
859 1673 1044 1725 Georgica
1078 1674 1260 1725 seripfiffe,
1303 1687 1322 1710 a
1360 1673 1529 1710 Charisio
1560 1670 1748 1723 proditum
1791 1671 1860 1709 effe

555 1730 779 1777 (Grammat.
799 1731 942 1769 Putsch.
971 1746 1007 1783 p.
1033 1737 1119 1783 184,
1148 1736 1185 1782 3)
1215 1733 1317 1770 aiunt
1332 1747 1343 1777 3
1372 1745 1436 1769 nec
1456 1741 1576 1769 tamen
1596 1729 1658 1768 ille
1673 1730 1776 1767 locus
1794 1743 1857 1768 ne-

552 1789 698 1826 cessario
716 1791 785 1828 hoc
801 1791 924 1829 infert.
978 1791 1143 1828 Omnino
1160 1791 1314 1828 eundern
1327 1791 1393 1827 effe
1418 1798 1525 1840 negat
1539 1789 1734 1826 Burmann.
1754 1788 1857 1838 praef,

558 1850 608 1896 (p.
627 1852 708 1897 40).
738 1849 789 1887 cf.
809 1849 939 1886 Heius.
968 1850 1015 1886 ad
1046 1849 1241 1889 Claudiam.
1269 1863 1353 1902 pag.
1386 1850 1473 1894 180,
1493 1848 1556 1889 ubi
1577 1846 1698 1884 Schol.
1718 1846 1765 1884 ad
1779 1846 1858 1906 Ge.

554 1906 609 1951 H,
632 1921 645 1945 1
659 1921 704 1958 ¹9
724 1908 808 1946 MS.
829 1908 934 1946 Leid.
954 1909 1103 1946 excitat.

605 1974 635 1990 “
664 1966 808 2006 Grillius
835 1968 880 2005 ad
901 1968 1106 2019 Virgilium
1132 1968 1178 2006 de
1202 1967 1411 2007 accentibus
1427 1965 1584 2004 scribens
1597 1964 1621 1980 '⁵
1647 1964 1744 2017 apud
1763 1963 1858 2002 Fris-e

552 2025 649 2063 cian.
669 2024 812 2064 Putsch.
831 2041 868 2078 p.
889 2029 979 2079 560,
1009 2028 1071 2065 26.
1675 2021 1677 2023 .

605 2084 752 2127 Hebrus.
805 2086 904 2124 Serv.
932 2087 978 2123 ad
1004 2086 1088 2125 AEn.
1119 2086 1213 2131 VII,
1241 2087 1264 2124 6
1294 2087 1491 2136 inerunt:
1530 2092 1559 2108 “
1589 2083 1735 2122 Hebrus
1768 2089 1857 2135 quica-

555 2149 584 2166 θ’
612 2154 692 2181 rant
710 2144 840 2195 legit.'’
893 2145 957 2182 Ad
982 2159 1015 2182 e.
1047 2146 1073 2183 l.
1107 2145 1230 2183 Burm.
1258 2153 1286 2170 “
1314 2145 1475 2182 Parrhas.
1496 2144 1644 2195 Qaefit.
1661 2157 1724 2195 per
1742 2143 1856 2194 Epist,

553 2206 583 2225 “
611 2201 686 2247 IV,
719 2216 740 2255 5
783 2202 894 2254 legit:
935 2205 1062 2246 Acron
1101 2204 1316 2243 Helenius.¹’
1401 2204 1531 2241 Parum
1569 2213 1690 2242 tamen
1725 2202 1856 2256 proba-

553 2259 640 2300 bile,

605 2322 817 2360 Herennius:
843 2321 934 2361 vitia
965 2321 1122 2374 Virgilii
1155 2332 1394 2365 contraxerat,
1448 2322 1586 2361 Donat.
1623 2320 1707 2359 Vir.
1741 2318 1854 2371 Virg.

550 2377 579 2418 s.
599 2384 661 2420 62.

603 2442 771 2493 Hyginus.
840 2442 960 2492 Julius
995 2442 1195 2493 Hyginus:
1224 2442 1319 2480 inter
1352 2443 1666 2482 Commentatores
1699 2438 1856 2491 Virgilii

551 2501 663 2551 vulgo
697 2502 875 2548 refertur;
902 2502 967 2540 nifi
996 2502 1092 2540 forte
1124 2502 1220 2540 idem
1249 2503 1323 2553 ejus
1358 2502 1450 2541 liber
1477 2502 1564 2545 fuit,
1591 2500 1656 2551 qui
1687 2501 1726 2538 de
1758 2502 1855 2552 agri-

549 2561 683 2598 cultura
712 2561 890 2600 laudatur.
945 2562 1045 2600 Gell.
1076 2561 1109 2606 I,
1139 2575 1182 2601 21
1216 2562 1363 2599 deloco
1388 2561 1461 2599 Ge.
1490 2560 1544 2606 II,
1573 2560 1658 2609 246.
1688 2571 1759 2610 247
1780 2560 1854 2609 Hy-

543 2625 660 2670 ginus',
702 2636 765 2657 non
794 2619 901 2659 hercle
931 2620 1083 2672 tgnobilIs
1121 2627 1380 2672 grammaticus,
1421 2626 1457 2657 in
1501 2622 1750 2662 commentariis,
1777 2634 1853 2669 quae

550 2681 587 2715 in
624 2679 799 2729 Virgilium
820 2679 1182 2730 ficit‚—-(invenerat
1217 2694 1352 2717 amaror
1351 2682 1375 2727 )
1409 2687 1445 2716 et
1480 2677 1595 2721 XVI,
1640 2678 1664 2714 6
1700 2678 1853 2729 Hyginus

549 2737 757 2786 Jaliszs—in
789 2751 907 2790 quarto
940 2739 1113 2782 librorum,
1157 2754 1230 2790 quos
1272 2740 1311 2775 de
1348 2738 1485 2790 Virgilio
1505 2741 1609 2788 ficit.
1679 2735 1851 2785 Exserip-

549 2794 594 2838 fit
626 2795 795 2838 Macrob.
830 2796 904 2844 VI,
930 2812 969 2850 9,
996 2796 1060 2837 ubi
1088 2803 1116 2822 “
1135 2804 1171 2836 in
1205 2802 1314 2850 quinto
1345 2795 1538 2836 librorum'’
1577 2795 1725 2852 legitur.
1789 2789 1850 2830 Est

1500 2868 1501 2871 ’
1739 2862 1851 2893 etlam
