1821 3381
212 289 304 348 164
554 277 1167 332 EXCURSUSH.

209 341 227 350 -r

211 449 267 477 rat
287 438 397 488 poeta
426 435 561 472 vastam
591 432 751 483 aliquam
777 430 840 467 sub
872 438 969 466 terra
998 437 1208 468 cavernam,
1235 434 1256 460 e
1283 433 1356 472 qua
1396 414 1519 457 omnin

213 510 363 548 flumina
381 518 462 545 orta
486 506 634 543 diverfis
667 503 738 541 viis
758 501 804 538 ad
832 511 938 538 terrre
964 496 1191 548 superficiem
1217 499 1429 545 properent,
1458 486 1521 526 ubi

212 583 273 619 illa
294 581 354 617 suo
374 577 545 629 quodque
566 575 667 611 fonte
690 586 733 610 ex
754 583 850 608 terra
870 567 1063 620 prodeant.
1123 562 1353 602 Adumbrata
1371 559 1447 598 fere
1465 569 1527 595 ret.

214 650 259 688 ad
280 663 359 686 eam
380 645 551 697 speeiem,
581 641 708 692 quain
733 639 820 678 locis
850 637 977 676 inferis
1005 635 1120 686 pofita
1138 640 1331 670 narrantur
1356 642 1415 671 ea,
1443 638 1525 677 quae

214 722 321 764 supra
340 730 472 756 terram
492 715 584 756 sunt,
612 723 651 749 ut
669 712 757 754 luci,
786 708 959 747 flumina:
1003 719 1039 743 v.
1055 718 1089 742 c.
1109 701 1226 740 Ovid.
1247 701 1349 739 Met.
1370 700 1405 741 Ι,
1439 699 1523 746 ι89.

216 790 344 827 Valer.
368 787 490 823 Flacc.
508 784 585 824 ΙΙΙ,
614 794 686 831 4ο),
707 779 801 830 sqq„
830 787 892 815 aut
908 771 1219 827 quemadmodum
1240 770 1333 818 Styx
1348 776 1384 805 et
1400 764 1527 803 Ache-

216 870 283 895 ron
303 869 347 892 ex
368 852 494 891 inferis
515 857 711 899 emergunt
728 858 764 884 et
781 847 887 897 supra
908 844 1044 882 terram
1065 841 1135 879 sese
1155 838 1359 878 effundunt.
1415 829 1528 873 Com-

217 923 340 976 parari
373 922 487 973 potest
513 918 670 970 priscum
699 916 789 954 illud
816 915 1093 966 philosophema
1125 912 1172 949 de
1199 922 1335 962 magna
1353 908 1392 946 in
1424 917 1529 945 terrae

219 992 416 1030 visceribus
446 989 569 1039 abysso
599 997 636 1024 et
654 998 830 1036 aquarum
850 982 1108 1034 receptaculo:
1154 980 1201 1018 de
1233 991 1306 1029 quo
1336 975 1531 1015 secundum

221 1063 447 1114 antiquiores
469 1061 576 1098 Plato
595 1056 795 1109 disputavit
812 1055 852 1092 in
884 1054 1065 1092 Phaedone
1087 1053 1202 1089 Tom.
1226 1051 1259 1092 I,
1288 1062 1326 1100 p.
1353 1059 1421 1085 112
1449 1044 1532 1096 (Bi-

221 1143 325 1185 pont.
341 1146 379 1183 p.
402 1144 473 1183 253
491 1129 567 1180 sq.)
601 1138 637 1165 et
656 1136 785 1165 contra
805 1138 888 1162 eum
914 1123 1126 1161 Aristoteles
1145 1117 1397 1168 Meteorolog.
1419 1116 1475 1158 ΙΙ,
1495 1127 1534 1159 2,

221 1217 262 1253 p.
283 1215 374 1252 779,
402 1200 446 1237 B.
462 1198 510 1235 C.
526 1195 575 1233 du
593 1194 711 1236 vall„
738 1192 797 1230 cui
828 1191 934 1229 inniti
965 1202 1054 1242 puto
1085 1189 1333 1227 narrationem
1352 1185 1448 1237 apud
1467 1185 1535 1222 Se-

223 1272 415 1311 nec.Nat.
432 1272 508 1321 Q
524 1269 577 1311 V,
610 1279 652 1318 15
695 1278 741 1302 ex
762 1260 1050 1313 Asclepiodoto:
1089 1259 1230 1309 demffis
1257 1274 1280 1296 a
1309 1256 1466 1306 Philippo
1500 1258 1537 1292 in

223 1343 392 1382 metallum
407 1345 582 1392 antiquum
599 1335 674 1374 olim
688 1330 1025 1383 dqst'itutum-longa
1043 1333 1111 1366 <via
1113 1332 1308 1380 fatigatos,
1336 1325 1536 1374 vidff’flu-

225 1418 317 1453 mina
335 1414 486 1463 ingentia
504 1420 536 1447 et
551 1414 718 1453 conceptus
746 1414 913 1451 aquarum
940 1401 1098 1436 inertium
1123 1399 1238 1447 vqstos
1253 1405 1354 1445 pares
1370 1395 1540 1444 nostris-

225 1483 344 1522 liberae
362 1481 536 1520 laxitatis‚
567 1473 711 1524 nonfine
724 1470 859 1506 horrore
878 1470 983 1515 vifis.
1030 1466 1058 1502 F
1062 1464 1200 1502 undum
1211 1473 1334 1501 autem
1345 1461 1465 1511 mythi
1479 1468 1542 1498 aut

229 1544 318 1583 fecit
334 1552 398 1586 aut
415 1539 590 1577 illustrare
609 1551 688 1576 rem
707 1537 822 1587 potest
840 1535 1114 1586 philosophema
1133 1532 1179 1569 de
1197 1532 1350 1569 Oceano
1374 1527 1540 1567 omnium

227 1614 383 1652 deorum
401 1610 624 1657 dearumque
647 1616 767 1658 patre,
795 1606 834 1642 h.
865 1617 899 1641 e.
921 1603 966 1640 de
985 1615 1081 1652 aqua
1099 1599 1283 1639 communi
1301 1598 1464 1637 omnium
1483 1610 1544 1634 re-

230 1697 313 1722 rum
347 1678 508 1731 origine,
535 1675 596 1713 seu
627 1674 764 1726 potius,
792 1672 989 1725 pinguiore
1017 1670 1141 1721 aliquo
1171 1667 1285 1712 sensu,
1311 1667 1358 1706 de
1381 1664 1545 1704 *humido

230 1756 430 1793 elemento,
458 1749 529 1787 fine
547 1759 620 1797 quo
639 1744 832 1796 generatio
851 1742 949 1780 nulla
967 1740 1047 1779 fieri
1066 1739 1185 1791 poffit.

286 1824 467 1861 Cavernae
485 1818 591 1867 hujus
611 1815 723 1854 facies
743 1829 764 1853 a
791 1816 903 1867 po'eita
922 1812 1139 1851 adumbrata
1165 1811 1262 1849 forte
1285 1811 1335 1848 est
1359 1810 1462 1847 haec:
1507 1815 1548 1846 ut

234 1894 303 1933 fint
327 1892 368 1930 in
396 1902 441 1928 ea
471 1888 596 1940 paffim
625 1885 801 1937 speluncae
829 1884 940 1934 inque
971 1882 1015 1920 iis
1042 1883 1144 1920 lacus
1182 1879 1308 1918 inclufi
1334 1890 1549 1929 magnaeque

235 1965 346 2007 silvae‚
373 1975 439 2014 per
465 1972 555 2010 quas
592 1956 741 1997 flumina
771 1955 892 1993 subter
918 1964 1056 1992 terram
1088 1966 1136 1990 ex
1165 1951 1313 1990 lacubus
1338 1950 1551 2001 profluant3

238 2044 280 2074 ut
311 2033 404 2071 adeo
428 2030 468 2069 hi
494 2030 594 2068 lacus
623 2028 686 2066 sub
714 2037 813 2065 terra
844 2039 912 2078 pro
939 2024 1101 2063 fontibus
1129 2023 1209 2066 fint,
1238 2021 1332 2060 unde
1350 2020 1403 2058 illi
1430 2030 1551 2057 ortum

237 2103 412 2145 habeant,
451 2099 570 2138 donec
601 2097 825 2147 aliquantum
862 2093 1038 2146 progrefli
1084 2092 1189 2143 supra
1223 2101 1359 2129 terram
1394 2089 1553 2127 emicent

239 2173 342 2212 fonte
365 2166 649 2219 unumquodque
674 2165 758 2203 suo:
805 2163 958 2215 Jamque
987 2163 1114 2200 domum
1138 2163 1264 2198 mirans
1278 2159 1356 2210 sqq.
1379 2158 1450 2209 363
1472 2158 1553 2209 sqq.

241 2243 328 2292 Qa
339 2239 394 2283 vi,
421 2251 494 2290 quo
510 2246 628 2278 motu,
657 2232 808 2272 flumina
826 2232 881 2270 ita
897 2231 936 2270 in
954 2231 1068 2268 altum
1086 2228 1266 2271 ferantur,
1286 2241 1331 2265 ex
1349 2227 1426 2265 imo
1440 2239 1555 2264 terra-

242 2323 325 2351 rum
343 2307 458 2346 fundo
489 2306 689 2355 affui-gant,
716 2309 768 2343 et,
796 2297 983 2350 quomodo
1011 2311 1058 2336 ex
1077 2310 1150 2335 uno
1172 2297 1256 2334 loco
1275 2309 1402 2334 omnes
1433 2308 1556 2332 amnes

242 2378 392 2431 prodire
410 2375 555 2427 poffint,
581 2381 623 2409 ut
640 2370 807 2413 doceret,
835 2382 856 2406 a
879 2369 992 2421 poeta
1010 2365 1198 2418 expectari
1220 2379 1296 2404 non
1320 2375 1493 2416 poterat3
1534 2377 1557 2409 a

243 2449 392 2503 physico
411 2448 481 2484 hoc
500 2443 698 2495 postulares
715 2439 811 2489 jure.

299 2520 386 2570 Jam
405 2518 578 2554 Caverna
594 2513 672 2550 haec
690 2523 759 2562 pro
777 2507 882 2560 regia
900 2506 1021 2558 aliqua
1035 2506 1228 2545 fluviorum
1243 2514 1279 2544 et
1292 2518 1468 2556 aquarum
1485 2517 1559 2542 non

246 2588 343 2627 male
361 2584 487 2624 haberi
505 2590 664 2634 poterat..
720 2578 759 2616 Si
778 2579 889 2629 poeta
908 2575 1053 2614 Oceani
1077 2575 1217 2627 regiam
1237 2588 1281 2612 eo
1299 2574 1412 2612 modo
1429 2573 1559 2610 adum-

247 2656 399 2694 brasset:
428 2652 519 2690 nihil
534 2659 623 2701 puto
643 2648 738 2686 foret
757 2646 855 2697 quod
873 2645 1105 2683 mirationem
1125 2644 1277 2681 faceret.
1331 2642 1437 2680 Talis
1454 2641 1561 2692 Nep-

248 2724 329 2763 tuni
347 2722 450 2773 regia
463 2720 586 2772 passim
606 2715 848 2759 describitur3
881 2714 979 2751 conf.
1008 2713 1124 2751 Ovid.
1145 2714 1244 2751 Met.
1261 2714 1295 2756 I,
1334 2711 1407 2762 276
1428 2711 1496 2762 sq„
1523 2710 1563 2748 in

250 2795 321 2834 hae
340 2790 548 2831 Nereidum
578 2785 698 2825 Chori
717 2784 814 2836 apud
835 2783 965 2834 Eurip.
991 2782 1136 2823 Troad.
1156 2796 1214 2836 pr.
1242 2781 1360 2831 Nerei
1378 2781 1506 2820 domus
1525 2780 1565 2818 in

252 2863 345 2903 mari
364 2863 496 2913 AEgaeo
512 2857 611 2910 apud
632 2856 807 2908 Aponon.
830 2856 903 2899 IV,
933 2866 1023 2906 772.

412 2942 426 2970 1
1515 2920 1568 2958 At
