1821 3381
298 347 829 415 GEORGICON‚
885 349 1041 407 LIB.
1093 358 1161 406 ΙΙ.

1304 375 1397 425 303

82 490 183 539 Hic
207 492 391 555 plantas
414 505 576 541 tenero
597 493 841 541 abscidens
863 495 923 542 de
944 510 1143 558 corpore
1159 505 1369 541 matrum

81 583 315 647 Deposuit
340 583 477 630 sulcis
500 608 511 638 ς
537 585 614 631 hic
637 585 799 648 stirpes
825 586 984 632 obruit
1005 586 1134 642 arvo,

79 672 477 736 Qadrifidasque
499 673 631 720 sudes
653 688 700 719 et
718 685 857 720 acuto
878 674 1049 720 robore
1071 674 1222 720 vallos
1241 697 1255 730 ;

1339 687 1398 737 25

37 770 41 775 ’
79 766 409 828 Silvarumque
431 765 537 812 aliae
559 765 733 828 pressos
758 766 1033 829 propaginis
1056 781 1192 813 arcus

79 857 389 920 Exspeekant‚
410 869 458 904 et
482 859 590 904 viva
613 857 692 904 sua
715 857 942 920 plantaria
963 870 1086 904 terra
1106 875 1120 914 ς

76 948 164 996 Nil
189 949 359 996 radicis
383 961 527 1013 egent
547 949 685 1004 aliae3
720 949 1057 1012 summumque
1080 961 1269 1013 putator

78 1032 228 1087 Haud
251 1041 437 1089 dubitat
459 1055 595 1090 terrae
616 1042 819 1089 referens
844 1042 1071 1090 mandare
1095 1059 1343 1092 cacumen.

126 1196 179 1223 23.
203 1188 264 1219 Ηὶι·
274 1189 389 1230 planias
403 1195 509 1221 teneras
523 1191 672 1233 abscindens
687 1198 796 1233 corpore
809 1203 845 1222 m.
864 1201 946 1222 unus
960 1191 1120 1223 Arundel.
1162 1192 1293 1234 abfiidens
1307 1203 1401 1236 repoe‘

79 1236 142 1270 suit
167 1239 278 1271 Heins.
301 1240 448 1271 codicum
473 1240 594 1282 aliquot
620 1241 822 1272 austoritate.
871 1243 1021 1282 abst-indens
1046 1240 1145 1284 vulgo
1168 1243 1333 1283 scribitur3
1355 1245 1402 1276 ita

79 1292 190 1321 tamen
201 1298 234 1322 et
252 1291 374 1323 Medic.
422 1293 566 1323 Omnino
582 1304 619 1323 ex
635 1293 694 1323 hac
710 1293 864 1323 varietate
886 1293 967 1323 nihil
987 1292 1106 1324 inferre
1124 1294 1211 1331 licet,
1235 1306 1307 1326 cum
1328 1307 1385 1338 per

79 1348 178 1383 petua
193 1341 253 1373 sint
269 1342 473 1374 librariorum
488 1343 625 1375 ludibria
641 1344 673 1374 in
689 1344 814 1385 abscffits,
827 1345 950 1387 abscg'ffus
963 1351 994 1375 et
1016 1344 1055 1375 fic
1074 1346 1106 1375 in
1119 1344 1283 1377 fimilibus.
1328 1355 1400 1377 tene-

82 1405 146 1424 rum
161 1394 264 1426 Goth.
280 1403 329 1437 pr.
374 1398 420 1426 At
447 1395 588 1426 tenerior
614 1394 735 1426 arboris
753 1406 825 1437 pars
849 1395 893 1426 est
919 1396 1031 1426 eadem
1056 1396 1122 1434 illa,
1144 1407 1207 1438 qua
1229 1397 1309 1429 stolo
1324 1408 1401 1440 pro-¹

315 1445 366 1477 26.
387 1448 439 1476 alii
457 1446 551 1477 Leid.

79 1444 226 1487 pullulat.

80 1555 138 1579 tum
153 1547 269 1591 fragm.
283 1549 409 1580 Moret.

77 1657 290 1709 sequuntur‚
315 1672 399 1697 cum
430 1672 475 1697 ex
508 1659 600 1702 aliis,
629 1669 708 1697 tum

79 1708 246 1760 inprimis
284 1725 329 1748 ex
371 1710 619 1761 Theophrasto
662 1712 708 1748 de

80 1761 217 1799 Cauffis
251 1761 369 1800 Plann
409 1762 476 1799 lib.
509 1763 526 1799 Ι
562 1763 708 1813 egregie

79 1812 249 1850 illustrari
287 1815 443 1865 possunt,
496 1825 535 1851 ut
561 1814 635 1864 jam
668 1814 707 1851 in

81 1864 207 1902 multis
236 1865 352 1903 fecere
376 1865 529 1902 Ursinus
556 1879 596 1902 ac
617 1866 707 1903 Cer-

79 1915 142 1953 da.
208 1917 270 1954 Ad
296 1929 371 1954 rem
393 1917 588 1954 tenendum
619 1918 708 1961 hoc,

79 1967 244 2017 pluribus
271 1968 391 2005 modis
421 1969 572 2005 eandem
599 1969 720 2009 arbo-2

81 2031 157 2056 rem
167 2019 274 2069 gigni
290 2021 383 2070 posse
391 2036 402 2065 3
420 2033 465 2057 ne
476 2031 576 2070 putes
587 2019 706 2071 fingu-

79 2069 124 2107 lis
137 2071 326 2108 arboribus
340 2085 450 2109 unum
467 2071 610 2109 tandem
629 2085 707 2109 mo-

80 2121 170 2159 dum
188 2122 402 2167 convenire3
429 2124 476 2161 est
500 2133 619 2161 tamen
637 2123 708 2162 alia

79 2173 144 2211 alii
163 2173 255 2212 ratio
271 2173 410 2212 utilior.

134 2238 155 2261 z
162 2238 197 2273 3.
238 2225 345 2263 Alius
363 2226 659 2277 avellensstolones
685 2239 707 2264 e

79 2276 205 2314 radice
233 2277 324 2326 (vid.
353 2292 388 2315 v.
426 2283 484 2330 17)
518 2278 610 2315 foffis
643 2278 705 2325 (fic

65 2327 182 2378 ,sulcus
209 2327 276 2367 inf.
309 2331 397 2379 289)
432 2331 488 2368 seu
520 2329 706 2368 scrobibus

80 2381 242 2418 mandat.
262 2380 338 2418 vid.
364 2381 458 2419 Plin.
485 2380 620 2425 XVII,
644 2395 706 2426 10,

81 2430 246 2479 s.13,et
274 2446 333 2480 13,
359 2432 385 2470 s.
407 2447 467 2471 20.
519 2433 577 2470 lta
599 2433 706 2471 avul-

65 2484 162 2532 sione
178 2483 320 2520 arbores
337 2484 567 2534 proveniunt.

16 2540 18 2545 “
134 2547 194 2582 24.
241 2535 347 2572 Alius
376 2537 505 2573 modus
531 2536 593 2578 est,
632 2549 705 2586 quo

80 2584 159 2635 quis
186 2596 314 2624 truncos
330 2586 388 2624 seu
407 2587 569 2625 vastiores
588 2599 705 2625 ramos

81 2649 122 2673 ac
151 2638 258 2674 taleas
289 2637 327 2675 in
356 2638 428 2688 pali
449 2639 613 2683 modum,
640 2649 702 2676 aut

77 2688 345 2739 quadripartito
373 2690 482 2736 fiffos,
507 2704 590 2727 cum
609 2690 704 2728 radi-

79 2738 197 2784 cibus,
241 2748 275 2777 in
301 2752 426 2779 terram
454 2745 585 2793 ilfidl'l·
654 2743 702 2780 cf.

82 2787 176 2828 Plin.
205 2790 340 2836 XVII,
363 2807 423 2845 17,
451 2792 478 2830 s.
512 2806 573 2843 27.
628 2793 705 2832 Co-

79 2838 168 2879 lum.
186 2855 268 2879 cum
289 2843 394 2889 alibi,
431 2854 508 2882 tum
528 2844 580 2888 V,
609 2861 648 2898 9,
669 2859 703 2894 3.

80 2891 167 2943 Qo
193 2895 401 2945 prodigium
429 2896 573 2947 speeian
602 2898 703 2948 quod

79 2944 275 2996 aliquando
293 2947 389 2985 hasta
418 2961 548 2987 cornea
566 2948 603 2986 in
633 2958 703 2988 ter-

644 1445 694 1476 26.
719 1455 770 1486 27.
785 1447 876 1489 flexos
888 1454 919 1489 p.
936 1460 965 1479 a.
984 1449 1076 1478 Nexae
1100 1448 1224 1490 (Steph.
1239 1449 1318 1480 edit.
1337 1450 1400 1480 Nec

71 1497 120 1536 fle)
128 1498 258 1538 spmant
272 1497 395 1528 codices
416 1498 548 1540 quidam
569 1497 654 1539 apud
669 1498 815 1530 Servium
832 1498 872 1530 ad
886 1499 954 1530 AEn
972 1500 1044 1537 .1V,
1068 1508 1143 1539 231.

1234 1499 1286 1533 28.
1311 1508 1401 1544 puta..

772 1673 851 1699 ram
875 1661 993 1699 defixa
1021 1662 1060 1699 in
1086 1660 1249 1699 arborem
1276 1675 1400 1702 exerce

775 1713 844 1751 Vite·
1034 1762 1036 1765 Υ
1116 1761 1119 1763 .

830 1767 893 1804 26.
923 1777 984 1817 27.
1015 1764 1165 1803 Tertius
1199 1766 1327 1804 modus
1361 1767 1402 1805 fit

771 1823 966 1868 propagine.
1012 1817 1068 1853 Ut
1081 1818 1174 1862 aliae,
1191 1818 1201 1854 i
1207 1816 1326 1869 nquit,
1343 1832 1401 1855 ar-

778 1868 881 1905 bores
895 1868 1122 1918 proveniant,
1141 1870 1344 1907 incurvatas
1361 1870 1403 1907 in

776 1929 907 1957 terram
936 1920 1060 1958 scrobe
1088 1921 1184 1958 fa&o
1211 1921 1403 1958 demittere

777 1973 909 2009 neeesse
927 1973 991 2015 est,
1018 1981 1055 2009 et
1081 1980 1117 2011 in
1134 1976 1205 2022 sua
1230 1984 1337 2017 terra,
1362 1974 1401 2011 h.

776 2036 833 2068 ea,
861 2023 900 2060 iu
919 2037 988 2072 qua
1006 2033 1121 2061 mater
1144 2024 1273 2069 crevit,
1298 2025 1402 2075 plan-

776 2083 864 2112 tare.
909 2075 1003 2113 Non
1021 2075 1168 2125 quidem
1186 2076 1307 2114 nescio
1323 2073 1403 2127 post

776 2125 958 2171 Servium,
976 2127 1135 2165 Cerdam
1153 2137 1320 2177 quartum
1338 2128 1405 2165 ali-

775 2191 882 2228 quem
902 2178 1051 2216 modum
1076 2180 1331 2229 ttansposttiom‘s
1355 2193 1402 2217 ex

775 2229 915 2268 verbis:
945 2242 977 2268 et
1011 2238 1105 2268 <vi-va
1122 2235 1193 2280 sua
1220 2230 1403 2281 plantaria

775 2291 884 2326 terra,
910 2281 1054 2319 inferre.
1110 2284 1162 2319 At
1181 2292 1258 2319 tum
1277 2283 1402 2320 saltem

775 2329 968 2381 legendum
1019 2334 1142 2371 foret:
1197 2345 1259 2371 aut
1303 2334 1401 2372 viva,

775 2383 868 2422 Plin.
891 2385 1025 2428 XVII,
1046 2397 1110 2430 20,
1141 2385 1168 2423 s.
1199 2390 1344 2436 34s7mt
1369 2397 1403 2423 et

766 2444 968 2487 propagines
1019 2438 1258 2474 castanearum
1270 2459 1321 2466 —
1335 2438 1407 2475 Sed

772 2488 942 2536 translata
971 2494 1067 2539 nescit
1097 2488 1258 2540 hqspitmi
1273 2500 1403 2538 pavet-

773 2555 834 2590 que
851 2538 1047 2578 nbvitatem.
1085 2540 1136 2578 cf.
1156 2539 1305 2578 Colum.
1325 2539 1403 2586 IV,

829 2619 839 2634 ‚
889 2620 896 2629 .

776 2603 890 2681 3323.
912 2654 974 2691 29·
1003 2641 1062 2680 Est
1084 2642 1152 2679 hoc
1171 2639 1320 2680 sationis
1335 2654 1402 2692 ge·

773 2707 855 2737 nus,
873 2707 954 2731 cum
975 2706 1018 2730 ex
1035 2694 1171 2731 summa
1195 2693 1321 2730 arbore
1346 2707 1401 2731 re-

772 2744 871 2783 sciffa
889 2745 991 2795 virga
1009 2744 1065 2782 seu
1086 2745 1190 2788 talea,
1217 2754 1401 2795 tamquam

758 2797 932 2846 surculus,
947 2796 1072 2834 scrobe
1086 2796 1182 2834 fafio
1197 2795 1234 2833 in
1248 2796 1399 2834 humum

772 2849 955 2899 defigitur.
1023 2860 1083 2895 29.
1113 2852 1271 2899 referens,
1298 2847 1401 2894 quia,

773 2909 919 2937 notante
934 2899 1095 2943 Reiskio,
1110 2900 1184 2949 jam
1201 2909 1281 2936 ante
1294 2897 1398 2937 illinc

773 2962 919 2991 enatum
950 2950 1081 2989 fuerat.
1135 2949 1220 2988 Nifi
1248 2949 1400 2988 omnino

1274 3011 1400 3038 ornate
