1821 3381
348 276 858 339 BU'COLICA,
923 282 1114 333 ECL.
1176 286 1217 334 Ι.
1370 305 1428 353 31

123 411 225 460 Hic
253 413 374 459 inter
393 413 555 460 densas
579 415 762 462 coruios
787 414 934 462 modo
958 433 1164 482 namque
1186 421 1433 483 gemellos,
1471 470 1477 486 x

122 503 268 565 Spem
288 503 462 567 gregis,
475 501 557 548 ah!
578 501 704 548 filice
719 502 767 548 in
784 503 907 549 nuda
923 505 1126 552 connixa
1140 507 1343 569 reliquit.
1376 522 1427 571 15

121 591 259 655 Saepe
283 593 464 638 malum
487 591 578 638 hoc
604 591 757 648 nobiS‚
780 592 813 638 fi
839 609 971 639 mens
995 610 1088 640 non
1112 595 1232 642 laeva
1252 596 1421 656 fuisset,

120 681 196 728 De
219 683 345 730 coelo
368 681 510 728 radias
536 682 737 728 memini
761 684 1022 746 praedicere
1045 701 1266 747 quercus,

119 772 144 798 ³*
163 770 297 834 Saepe
320 771 495 818 sinistra
518 787 631 818 cava
654 771 880 833 praedixit
901 773 960 819 ab
985 774 1094 821 ilice
1118 780 1284 826 cornix
1305 780 1350 827 ἕ.

118 858 210 906 Sed
234 872 410 918 tamen,
434 859 515 906 iste
539 860 652 907 deus
677 863 761 924 qui
784 862 854 919 fit,
877 862 952 921 da,
975 864 1154 929 Tityre,
1177 869 1331 918 nobis.

649 969 886 1002 TITYRUS.

115 1039 317 1099 Urbem,
329 1057 471 1105 quam
488 1041 654 1090 dicunt
671 1042 893 1102 Romam,
910 1044 1160 1106 Meliboee,
1171 1054 1336 1113 putavi
1368 1069 1428 1105 20

112 1130 293 1178 Stultus
308 1148 398 1196 ego
414 1133 525 1180 huic
546 1134 717 1180 nostrae
735 1134 953 1193 similem,
975 1153 1069 1199 quo
1085 1138 1209 1203 saepe
1223 1141 1427 1193 solemus

155 1272 206 1300 14.
229 1262 308 1292 Hinc
335 1263 505 1304 Augustin.
532 1264 570 1295 de
598 1267 744 1296 Gl'amm.
792 1266 861 1297 JIaec
884 1268 957 1299 duo.
1003 1272 1128 1303 corulos:
1162 1273 1215 1305 alii
1247 1279 1351 1315 cwilos,
1373 1279 1424 1311 vel

107 1315 217 1356 corylos.
262 1313 319 1344 Nil
343 1314 461 1353 refert3
485 1315 538 1346 sed
559 1315 664 1347 nullus
691 1318 802 1348 dubito
833 1319 998 1361 antiquam
1035 1322 1223 1365 scripturam
1257 1328 1290 1359 in
1318 1329 1368 1362 his
1392 1338 1426 1363 et

108 1363 261 1395 similibus
294 1364 372 1396 suffe
398 1358 434 1395 u}
460 1376 498 1397 ex
535 1367 795 1408 pronuntiatione
823 1376 932 1400 autem
965 1370 1055 1402 fuiffe
1093 1385 1310 1418 comparatam
1350 1392 1425 1414 cum

107 1417 168 1446 Gr.
190 1427 223 1453 υ;
250 1416 387 1458 hincque
414 1424 462 1448 tot
493 1429 586 1449 voces
607 1429 665 1460 per
680 1433 701 1461 y
733 1420 863 1461 scriptas
892 1421 1032 1454 invasisse
1054 1426 1210 1459 Latinum
1232 1430 1424 1465 sermonem.

109 1467 281 1497 Conversae
306 1468 379 1499 inde
404 1468 492 1499 fuere
509 1470 670 1501 nonnullae
687 1471 719 1501 in
736 1474 769 1501 i:
790 1480 825 1503 ut
839 1474 959 1503 lacrimae
974 1485 1033 1516 pro
1050 1478 1188 1516 lam-mm,
1212 1491 1284 1511 cum
1301 1482 1424 1515 {aetum

105 1516 182 1548 effet
195 1519 334 1561 lacrymae.
356 1521 441 1560 deaeffos
457 1520 551 1551 Leid.
572 1532 589 1551 a
605 1532 650 1552 m.
666 1522 723 1553 sec.
818 1534 866 1563 ις.
889 1538 908 1555 α
933 1525 973 1556 al.
993 1535 1028 1557 ut
1053 1529 1119 1559 fere
1145 1530 1269 1574 semper
1283 1533 1317 1564 in
1342 1536 1425 1567 anti·

105 1569 270 1610 quioribus
295 1571 510 1609 membrani53
533 1572 664 1604 seriores
681 1575 727 1604 ha.
753 1578 781 1606 in
805 1579 890 1606 media
907 1578 987 1608 Cod.
1006 1580 1105 1611 Nonii
1127 1583 1282 1615 Marcelli.
1326 1591 1424 1619 conixa

102 1621 154 1651 sex
172 1621 264 1653 MSS.
290 1622 423 1664 antiquo
450 1633 550 1655 more.
570 1635 601 1655 v.
629 1625 742 1657 Heins.
837 1639 884 1667 17.
902 1630 949 1659 De
963 1632 1020 1660 coelo
1036 1635 1145 1663 memini
1168 1639 1257 1666 talias
1281 1637 1420 1682 Menag.

192 1671 241 1703 18.
265 1673 383 1704 Versus
408 1673 460 1704 hic
482 1686 500 1705 a
526 1675 760 1715 vetustioribus,
790 1679 886 1710 etiam
903 1690 920 1711 a
937 1681 1046 1713 multis
1061 1684 1239 1724 fenoribus,
1261 1696 1329 1720 uta
1350 1691 1423 1722 nos—

100 1722 171 1760 tris,
192 1722 259 1754 fere
284 1723 386 1763 abest3
405 1725 523 1766 ejedms
539 1737 556 1757 a
572 1728 737 1769 Naugerio
752 1728 785 1759 in
801 1730 878 1761 Ald.
893 1738 970 1764 tert.
988 1741 1018 1764 et
1033 1733 1100 1775 jam
1115 1744 1188 1767 ante
1205 1738 1243 1769 ab
1259 1740 1421 1782 Egnatio;

99 1773 229 1807 adsutus
250 1782 282 1806 et
309 1775 516 1807 adumbratus
532 1789 570 1808 ex
585 1778 651 1809 Ecl.
669 1781 730 1817 IX,
748 1789 798 1819 15.
816 1792 844 1812 v.
869 1783 979 1814 Heins.
1005 1793 1036 1815 et
1058 1786 1141 1817 Pier.
1167 1787 1200 1818 in
1228 1791 1315 1832 cujus
1339 1792 1422 1824 binis

98 1832 168 1856 erat
192 1827 292 1856 dicebat
312 1827 346 1856 ab
362 1830 381 1857 i.
472 1837 527 1869 19.
550 1831 609 1870 quis
622 1831 666 1872 stt
689 1831 810 1873 septem
827 1834 928 1864 Codd.
945 1846 997 1876 ap.
1018 1837 1123 1868 Heins.
1139 1845 1204 1870 tres
1218 1842 1328 1874 Burm.
1346 1855 1418 1876 cum

99 1875 202 1908 Goth·
221 1887 269 1918 pr.
287 1878 347 1909 Sed
363 1889 394 1909 v.
420 1879 530 1911 Heins.
549 1881 589 1912 ad
605 1882 672 1913 Ecl.
691 1884 730 1921 II,
745 1893 782 1925 ¹9
801 1892 832 1916 et
849 1885 959 1928 pasfim
976 1887 1064 1922 alios.
1154 1900 1205 1924 21.
1222 1905 1276 1935 qna
1295 1896 1420 1930 Moret.

98 1937 155 1959 un.
172 1938 199 1959 a.
217 1939 262 1960 m.
277 1928 338 1961 sec.
371 1932 432 1972 quoi
451 1932 532 1973 conj.
551 1935 660 1965 Burm.
683 1934 748 1966 vid.
766 1936 845 1969 Not.

95 2038 182 2064 vero
215 2029 318 2073 ducit,
351 2028 440 2066 fune
473 2029 596 2069 trahit.
661 2046 720 2084 ¹5·
788 2046 859 2076 etc.
909 2053 967 2090 19.
987 2042 1046 2087 da,
1066 2043 1146 2089 ede,
1164 2046 1242 2092 dic,
1258 2048 1417 2095 edissere,

94 2085 235 2117 connixa
252 2080 396 2131 reliquit,
425 2082 523 2130 quod
545 2082 583 2119 in
602 2085 720 2134 prosa,

94 2137 195 2168 enixa
237 2134 290 2182 est.
366 2132 509 2183 reliquit,
547 2136 721 2184 majorem

92 2181 202 2219 etiam
252 2182 519 2222 miserationem
571 2186 720 2227 excitat.

80 2233 177 2282 filice
209 2240 244 2271 in
278 2237 384 2277 nuda,
428 2249 502 2273 non
543 2236 722 2277 substratis

93 2284 225 2329 herbis,
242 2286 315 2322 Ge.
328 2286 401 2329 III,
416 2300 502 2338 297.
546 2291 603 2328 16.
626 2290 721 2329 Bene

92 2334 167 2373 haec
202 2337 247 2374 ad
282 2336 564 2387 superstitionem
592 2341 719 2379 talium

91 2386 281 2425 hominum
316 2388 503 2433 dicuntur,
537 2405 619 2429 cum
656 2394 719 2430 ad-

90 2439 177 2476 versi
210 2439 351 2490 aliquid
379 2441 424 2478 iis
441 2441 590 2481 accidit.
645 2444 720 2482 De-

89 2488 201 2528 buiffe
218 2491 251 2528 se
265 2492 356 2528 hanc
375 2491 616 2532 calamitatem
631 2510 719 2546 prae-

92 2541 214 2579 videre
254 2542 306 2579 ait
340 2556 385 2581 ex
422 2545 609 2584 arboribus
647 2548 719 2585 fre-

89 2604 239 2642 quenter
265 2593 417 2633 fulmine
453 2597 583 2634 tastis:
620 2600 720 2649 quod

88 2644 136 2682 est
169 2645 264 2682 inter
299 2647 442 2684 ostenta.
508 2648 554 2685 In
586 2665 718 2701 querca-

90 2695 148 2732 bus
175 2696 383 2747 caeterisque
411 2699 558 2736 Servius
584 2701 719 2752 aliique

89 2745 333 2786 Grammatici
382 2750 443 2788 hic
490 2762 717 2802 argutantur.

86 2797 187 2838 lae-va
237 2816 340 2845 mens,
392 2801 546 2852 stupida,
600 2806 717 2844 tarda.

88 2847 225 2891 Horat.
247 2853 332 2892 Art.
349 2866 436 2904 301.
474 2854 508 2892 Ο
526 2871 582 2910 ego
599 2856 716 2898 laevus

789 2100 829 2126 ut
842 2097 949 2141 accipe
958 2094 1058 2138 audi,
1071 2096 1155 2135 AEn.
1171 2098 1223 2143 Π,
1237 2113 1297 2151 25·-
1311 2103 1415 2142 Serv.

788 2140 933 2179 Notent
961 2144 999 2180 in
1027 2145 1083 2191 iis,
1110 2162 1188 2198 quae
1206 2150 1413 2201 sequuntur,

784 2193 921 2232 tirones
948 2195 1072 2246 longas
1100 2202 1315 2242 narrationis
1339 2218 1414 2243 am-

785 2243 894 2296 bages
930 2248 1074 2296 pastoris
1110 2251 1302 2304 imperitia:
1342 2271 1414 2295 non,

785 2298 876 2334 male
895 2300 1164 2348 convenientes,
1183 2316 1222 2342 ut
1245 2319 1291 2344 ne
1312 2311 1361 2357 (v.
1380 2323 1415 2347 c„

784 2360 869 2385 cum
910 2363 1046 2401 nupero
1082 2356 1224 2394 Poe‘tz'ces
1268 2360 1414 2400 Gallicae

785 2400 943 2446 auGtore,
1002 2406 1199 2445 acutiffimo
1250 2409 1412 2459 homine,

784 2449 1064 2501 Marmonteli0‚
1100 2460 1256 2512 Pob‘tique
1300 2463 1412 2502 Fran-

783 2506 861 2553 fofi
880 2503 930 2541 T.
951 2504 1004 2549 H,
1023 2521 1057 2558 p.
1089 2513 1150 2561 85.
1177 2513 1241 2561 86)
1270 2514 1339 2553 hoc
1360 2517 1413 2553 vi—

784 2553 874 2592 tiose
892 2555 968 2593 fieri
987 2569 1102 2606 putes.

838 2619 899 2645 20.
929 2608 1038 2646 Adiit
1057 2612 1209 2662 Tityrus
1237 2616 1410 2663 Romam,

785 2668 868 2694 cum
895 2658 982 2696 alias
1009 2671 1148 2702 tantum
1175 2668 1221 2703 ad
1248 2668 1409 2708 vicinum

783 2709 960 2760 oppidum
1017 2727 1207 2755 excurrere
1268 2720 1409 2761 soleret.

782 2772 846 2797 21.
874 2762 954 2802 huic
986 2768 1118 2816 nostrae,
1148 2768 1324 2815 Mantuae.
1373 2790 1412 2813 uo

780 2822 894 2862 agnos
911 2827 1019 2864 agere
1036 2818 1201 2858 solemus.
1254 2823 1349 2873 depe!
1359 2841 1411 2863 ere

780 2861 875 2903 forte
917 2868 1026 2907 nimis
1067 2871 1281 2916 violentum,
1325 2888 1409 2914 nam

1225 2936 1412 2976 portantur

1482 507 1487 519 t

1446 536 1497 582 xi
