1821 3381
351 318 409 361 ¹4
517 299 623 348 DE
672 295 1042 345 CARMINE
1086 295 1504 346 BUCOLICO.

342 447 454 494 quae
481 428 714 492 copiosius
739 427 798 474 ab
822 427 925 473 aliis
950 427 1036 472 hac
1066 426 1111 472 in
1136 436 1270 488 parte
1283 426 1518 489 disputata
1534 427 1655 475 sunt.

344 512 402 558 In
426 512 513 558 hac
540 510 639 574 ipsa
664 523 821 556 tamen
854 508 1163 572 simplicitate
1196 508 1463 555 excluditur
1485 526 1542 556 ex
1567 511 1655 557 hoc

341 609 529 658 genere,
551 592 798 655 quicquid,
827 591 910 638 etsi
950 590 1100 654 ipsam
1129 590 1245 636 vitae
1274 590 1462 637 rusticae
1485 592 1659 638 verita-

343 692 440 725 tem
495 675 739 738 exprimit,
790 675 1031 738 ingratum
1069 685 1228 720 tamen
1272 674 1331 721 ad
1376 673 1557 722 sensum
1600 693 1654 724 ac

343 760 596 806 molestum
649 759 745 814 est;
803 775 955 822 neque
1009 759 1128 805 adeo
1185 758 1497 806 admittendae
1551 759 1656 807 sunt

343 841 514 900 sordes,
548 856 658 905 quae
696 840 916 887 nauseam
976 853 1213 897 moveant,
1257 857 1352 887 non
1399 843 1654 891 verborum

344 924 576 972 rusticitas
607 937 653 970 et
675 922 915 985 asperitas,
949 938 1044 969 non
1068 921 1260 985 agrestis
1291 935 1336 969 et
1363 923 1491 971 foeda
1521 924 1655 987 spur-

341 1007 505 1054 cities:
542 1023 634 1070 qua
675 1006 721 1051 in
756 1021 806 1051 re
843 1003 968 1051 haud
1003 1004 1144 1067 pauci
1180 1005 1369 1068 egregie
1393 1005 1492 1052 falfi
1514 1006 1654 1065 fuere,

339 1089 461 1136 dum
485 1088 764 1136 imitationis
789 1087 1037 1134 veritatem
1063 1086 1188 1132 male
1203 1086 1452 1150 jactarent.
1522 1088 1654 1138 Posse

342 1173 448 1220 sane
471 1188 584 1219 cum
606 1183 705 1217 arte
728 1182 774 1217 et
798 1185 912 1216 cum
937 1169 1130 1232 ingenio
1152 1170 1364 1216 carmine
1388 1170 1521 1218 reddi
1545 1189 1653 1219 om-

341 1257 434 1312 nia,
467 1254 574 1318 quis
609 1250 782 1316 neget?
833 1251 1076 1316 Qorsum
1120 1263 1280 1299 tamen
1324 1252 1503 1299 studeas
1542 1254 1655 1302 imi-

341 1335 488 1384 tando
511 1334 775 1398 exprimere
805 1349 872 1389 ea,
905 1349 931 1379 a
964 1333 1152 1396 quibus,
1190 1332 1224 1379 fi
1260 1333 1390 1380 casus
1415 1335 1653 1394 obtulerit,

341 1421 503 1468 oculos
533 1419 843 1480 animumque
880 1417 1173 1464 avertimus?
1219 1429 1268 1464 et
1297 1434 1408 1480 quae
1445 1420 1524 1466 illa
1554 1421 1650 1467 laus

340 1503 428 1549 effe
450 1502 617 1565 potest,
649 1500 685 1547 fi
711 1500 979 1547 imitatione
1013 1516 1066 1546 ea
1100 1500 1220 1546 bene
1250 1499 1522 1558 reddideris,
1544 1502 1653 1564 qui..

340 1583 444 1640 bus,
476 1583 510 1629 fi
535 1583 584 1629 in
608 1599 718 1629 vera
755 1584 851 1630 vita
887 1581 1171 1644 exprefferiS,
1204 1581 1427 1629 omnibus
1450 1583 1654 1646 ingenue

341 1665 460 1711 natis
482 1666 782 1729 importunus
805 1681 859 1712 ac
885 1665 1105 1712 molestus
1144 1663 1392 1728 foedusque
1415 1666 1614 1714 videaris
1634 1668 1653 1714 ἓ

343 1747 537 1806 Contra,
572 1749 719 1796 modo
754 1750 940 1812 placeat
975 1747 1116 1811 po'e'ta
1149 1762 1202 1794 ac
1228 1747 1446 1806 delectet,
1478 1748 1511 1796 si
1535 1766 1654 1797 con-

339 1829 444 1877 filio
481 1830 563 1878 suo
605 1831 882 1895 respondere
919 1829 1150 1895 ejusmodi
1186 1828 1436 1876 audaciam
1478 1831 1652 1890 videat,

340 1911 457 1975 quid
500 1930 611 1961 eum
646 1926 774 1962 vetet
804 1914 1048 1962 interdum
1088 1913 1148 1960 ad
1191 1912 1454 1973 mythicam
1491 1914 1653 1962 homi-

339 2009 457 2039 num
479 1993 628 2041 vitam
652 1996 848 2059 propius
873 1995 1111 2051 accedere,
1145 2007 1190 2041 et
1214 1994 1356 2040 talem
1385 2011 1540 2041 rerum
1570 2012 1652 2041 or-

338 2074 519 2134 dinem,
568 2077 784 2135 modum,
820 2090 866 2124 et
911 2077 1053 2125 fitum
1100 2078 1336 2135 exhibere,
1373 2079 1455 2141 qui
1493 2081 1650 2127 nullus

336 2172 551 2219 unquam
573 2157 660 2204 nifi
682 2160 731 2206 in
759 2160 1010 2206 hominum
1045 2159 1234 2223 egregia
1271 2160 1566 2223 imaginandi
1602 2164 1652 2210 vi

336 2240 624 2301 pollentium
647 2242 817 2294 animis
844 2242 935 2288 fuit
953 2265 966 2296 ;
1002 2258 1055 2288 ea
1088 2253 1247 2288 tamen
1270 2242 1489 2288 cautione
1511 2244 1650 2291 adhi-

338 2322 454 2380 bita,
488 2336 541 2371 ut
579 2342 638 2371 ne
676 2325 974 2372 incredibilia
1010 2326 1151 2388 plane
1193 2336 1239 2372 et
1272 2325 1330 2371 ad
1364 2326 1649 2388 praesentem

335 2405 453 2450 vitae
496 2405 887 2453 consuetudinem
926 2407 1056 2455 nullo
1084 2407 1230 2453 modo
1255 2407 1524 2457 verisimilia
1556 2411 1650 2456 fin-

335 2496 435 2547 gat.
505 2485 752 2533 Interdum
793 2502 904 2532 vero
943 2487 1057 2549 quid
1096 2503 1206 2533 eum
1252 2504 1478 2551 negemus
1525 2492 1650 2538 anti-

336 2583 482 2630 quam
518 2568 631 2615 vitae
653 2568 911 2632 pastoritiae
935 2569 1168 2615 rationem
1192 2570 1432 2632 elegantiis
1459 2584 1503 2618 et
1526 2572 1648 2619 deli-

336 2648 422 2695 ciis
455 2665 480 2696 e
512 2650 666 2696 nostra
687 2650 784 2696 vita
819 2650 993 2713 petitis,
1028 2650 1174 2698 modo
1198 2651 1302 2698 satis
1323 2653 1647 2704 consentaneae

336 2728 440 2785 fint,
471 2740 737 2793 temperare
760 2731 1017 2778 commode
1053 2733 1212 2795 posse?
1248 2734 1359 2780 Non
1397 2736 1526 2782 enim
1562 2755 1648 2784 na-

332 2820 438 2866 tura
475 2810 615 2876 hujus
653 2812 875 2860 carminis
920 2814 1078 2862 statim
1118 2815 1315 2874 tollitur,
1355 2817 1388 2863 fi
1422 2822 1645 2868 naturalis

1350 2900 1647 2970 fimplicitaS,

1805 1176 1815 1845 l

1805 1931 1810 1948 1

1804 1979 1809 2091 ·

1802 2294 1807 2452 l
