1821 3381
339 289 399 336 36

343 423 408 470 Et
433 422 561 468 durae
585 433 781 482 quercus
803 415 1035 463 sudabunt
1060 411 1237 459 roscida
1261 412 1421 460 mella.

519 285 572 331 P.
633 278 1012 330 VIRGILII
1079 277 1476 326 MARONIS

1590 427 1654 474 30

345 511 499 559 Pauca
522 522 679 555 tamen
707 507 929 553 suberunt
953 503 1122 568 priscae
1147 502 1341 567 vestigia
1365 502 1557 560 fraudis,

342 602 470 666 Qae
495 612 670 646 tentare
691 598 889 644 Thetim
912 596 1107 652 ratibus,
1141 611 1248 658 quae
1272 595 1462 658 cingere
1484 593 1632 640 muris

386 750 438 781 30.
464 741 567 771 Edarae
587 738 668 780 conj.
697 737 831 775 Voffius,
853 744 889 768 ut
916 738 975 767 Ge.
999 737 1055 771 IV,
1076 744 1148 774 145.

681 799 732 830 32.
759 789 859 819 ‘Thetin
876 789 938 819 aluo
955 799 1005 829 ap.
1028 786 1141 819 Heins.

338 791 434 831 binis,
455 799 490 822 ut
506 790 590 822 alibi.

349 924 436 962 109.
492 923 551 958 30.
567 909 754 959 sudabunt,
772 908 966 945 stillabunt.

343 976 381 1000 v.
419 962 549 998 Cerda.
614 960 795 997 Videntur
829 959 969 1009 antiqui

343 1015 415 1052 hoc
445 1013 555 1050 aetatis
592 1025 704 1049 aurea:
735 1012 870 1048 bonum
903 1011 969 1046 du-

341 1066 489 1118 pliciter
521 1065 694 1106 extulisse,
733 1074 770 1099 ut
799 1073 858 1099 aut
885 1063 969 1105 mel,

345 1119 446 1167 quod
460 1117 496 1153 in
513 1116 712 1164 quercubus
725 1128 804 1165 apes
816 1113 969 1156 faciunt,

345 1179 422 1206 tam
441 1166 626 1218 copiosum
657 1167 754 1210 esset,
777 1177 816 1203 ut
843 1166 880 1203 in
900 1176 969 1201 ter-

345 1233 421 1258 ram
452 1219 641 1262 deflueret,
670 1229 708 1254 ut
737 1218 850 1255 Ovid.
882 1217 969 1255 Am.

344 1272 419 1316 III,
450 1276 486 1314 8,
519 1283 580 1318 40.
638 1269 770 1306 Horat.
806 1269 883 1306 Od.
918 1269 969 1311 II,

351 1337 494 1373 19,11.
533 1321 651 1372 Epod.
688 1321 746 1364 16,
767 1336 828 1371 47.
869 1319 969 1357 conf.

347 1375 499 1412 Hesiod.
537 1383 616 1424 Εξγ.
661 1386 758 1420 2333
806 1373 897 1408 alios
934 1385 967 1410 ν.

346 1428 441 1477 apud
462 1426 583 1463 Urfin.
616 1425 660 1460 ad
693 1425 730 1460 h.
762 1425 813 1467 l.;
843 1435 902 1459 aut
930 1433 970 1459 ut

347 1478 436 1516 folia
453 1478 587 1528 ilignea
615 1476 684 1512 mel
714 1474 911 1524 eliquarent
937 1485 972 1511 et

348 1529 516 1567 sudarent
567 1540 634 1577 pro
678 1526 832 1576 glutine,
873 1525 972 1575 quod

349 1594 444 1618 nunc
463 1580 526 1617 illa
546 1579 636 1616 folia
665 1577 771 1614 certis
802 1577 972 1626 tempori-

349 1632 416 1669 bus
446 1632 599 1669 obfidet.
655 1629 715 1666 Sic
743 1629 858 1666 Ovid.
880 1629 972 1665 Met.

348 1684 382 1728 I,
414 1697 497 1721 112.
551 1683 690 1732 Georg.
710 1680 744 1724 Ι,
775 1694 838 1729 131
861 1680 977 1717 mella-

348 1752 408 1787 que
423 1733 668 1785 decuſjitfhliis,
681 1732 725 1769 de
739 1732 842 1782 Jovis
855 1741 973 1776 aetate3

349 1797 386 1825 et
412 1787 507 1823 hunc
538 1786 576 1823 in
605 1785 739 1821 sensum
767 1783 904 1820 ditium
935 1783 973 1819 h.

349 1839 392 1882 1.,
419 1852 528 1889 quare
551 1847 585 1874 et
615 1837 734 1885 roscida
763 1835 861 1872 mella
880 1834 975 1871 acci-

351 1889 434 1941 pi0‚
461 1903 541 1939 quae
558 1888 648 1926 roris
677 1900 775 1924 more
802 1900 864 1937 per
887 1886 978 1923 folia

351 1942 525 1993 guttatim
546 1941 579 1978 se
597 1939 830 1990 colligebant.
871 1937 974 1987 Ejus-

353 1993 455 2030 modi
478 1994 548 2030 mel
576 2004 619 2028 ex
647 1990 754 2027 certis
772 1989 976 2033 arboribus,

351 2059 388 2081 v·
417 2058 450 2082 c.
480 2046 611 2094 palma,
640 2042 678 2079 in
710 2040 851 2083 Media,
884 2041 977 2076 Ara-

351 2095 427 2141 bia,
456 2096 632 2146 variisque
666 2094 759 2130 Afiae
788 2092 875 2129 locis
904 2091 977 2142 legi

353 2159 585 2184 memoratur.
614 2144 689 2182 vid.
721 2143 914 2194 Weffeling
932 2143 978 2179 ad

354 2198 512 2237 Diodor.
555 2197 670 2239 XIX,
700 2210 763 2247 94.
837 2195 914 2232 Effe
940 2195 979 2232 id

354 2253 466 2301 οἵγςιον
484 2250 572 2288 illud
598 2253 690 2296 μέλι,
723 2261 794 2298 quo
822 2247 980 2295 Joannes

356 2304 436 2340 usus
466 2303 529 2346 est,
564 2311 691 2352 putant
734 2298 916 2342 nonnulli,
944 2309 980 2336 et

355 2354 421 2392 sub
449 2354 595 2390 Mannae
624 2351 770 2389 nomine
795 2362 840 2387 ex
871 2349 980 2386 Suida

357 2406 564 2456 complexus
589 2405 637 2441 est
666 2401 811 2440 Salmas.
832 2402 869 2438 in
889 2400 980 2438 Diff.

357 2458 419 2496 sua
453 2457 498 2493 de
531 2456 682 2493 Manna.
737 2454 847 2504 Apud
880 2453 980 2489 Con-

359 2508 549 2546 stantinum
565 2509 590 2545 1.
611 2509 634 2544 l.
654 2511 800 2556 Σκληξῶν
812 2506 848 2545 δὴ
866 2507 984 2544 πεύκης

360 2563 503 2607 λαγόνων
540 2563 673 2605 μέλιτος
716 2563 761 2608 ῥέε
806 2562 897 2604 νᾶμκ
937 2570 982 2594 CX

361 2613 482 2664 priore
501 2612 636 2648 ratione
653 2610 864 2661 exponitur:
879 2610 984 2645 Duris

362 2681 406 2701 ex
426 2671 594 2713 picearum
620 2669 741 2700 truncis
770 2661 872 2698 mellis
891 2661 984 2697 latex

350 2718 473 2765 fluxit.
539 2715 601 2752 Cf.
631 2714 676 2751 ad
706 2712 849 2750 Tibull.
882 2712 916 2755 I,
947 2725 984 2760 3,

365 2781 429 2817 45.
502 2766 732 2803 Transtulere
764 2765 879 2815 poetae
913 2764 982 2800 hoc

367 2818 464 2855 idem
500 2827 634 2855 naturae
676 2816 891 2853 miraculum
937 2815 983 2851 ad

368 2869 539 2921 prodigia
554 2880 591 2908 et
623 2868 810 2913 miracula,
837 2880 916 2918 quae
944 2866 984 2905 in

1210 737 1295 780 rqfida
1317 742 1349 767 et
1374 734 1427 767 hic
1453 734 1599 766 scribitur
1623 734 1656 765 in

1021 906 1223 953 ⁴Bacchicis
1241 904 1604 955 initiisjaCtabantur,
1619 911 1659 940 ut

1035 959 1094 996 dei
1121 957 1307 1009 praesentia
1326 957 1430 994 mella
1457 956 1577 1006 passim
1596 955 1659 991 de-

1035 1010 1184 1047 fluerent
1226 1008 1393 1046 arborum
1433 1007 1580 1045 truncis.
1624 1020 1660 1044 v·

1036 1062 1162 1113 Eurip.
1202 1061 1335 1099 Bacch.
1377 1073 1444 1110 142
1473 1059 1523 1110 sq.
1571 1071 1660 1110 703.

1036 1128 1124 1166 710.
1155 1114 1288 1150 Horat.
1304 1112 1341 1149 ΙΙ
1356 1111 1480 1148 Carm.
1503 1123 1562 1162 19,
1583 1123 1642 1147 11.

1091 1179 1188 1214 31—
1195 1168 1254 1213 36.
1285 1166 1402 1202 Pauca
1418 1174 1541 1200 tamen.
1582 1161 1661 1197 He-

1036 1231 1136 1254 roum
1169 1216 1237 1253 erit
1272 1216 1346 1252 haec
1375 1225 1471 1259 aetas,
1499 1212 1661 1250 nondum

1034 1269 1097 1305 illa
1134 1268 1323 1305 Saturnia:
1370 1266 1417 1303 ad
1452 1278 1559 1316 quam
1599 1276 1663 1313 per

1035 1321 1134 1357 istam
1155 1321 1314 1357 exactam
1344 1331 1461 1356 rerum
1491 1315 1588 1354 orbis
1607 1328 1662 1351 re-

1034 1371 1143 1408 dibit.
1223 1371 1374 1407 Enarrat
1421 1370 1511 1406 adeo
1555 1369 1665 1417 poeta

1034 1423 1111 1465 illa,
1139 1436 1218 1472 quae
1235 1422 1280 1458 ab
1309 1421 1455 1458 heroica
1483 1419 1557 1456 vita
1587 1431 1661 1455 non

1038 1474 1199 1511 abfuere.
1251 1475 1394 1524 vestigia
1409 1472 1564 1523 fraudis,
1591 1469 1664 1506 sce-

1037 1525 1135 1570 leris,
1162 1529 1325 1575 πξοτέξας
1342 1526 1440 1567 dvm,
1468 1533 1509 1560 ut
1541 1524 1664 1570 13sce·

1039 1577 1115 1614 [eris
1131 1580 1274 1628 ‘vestigia
1301 1579 1408 1626 nostri,
1437 1575 1475 1612 h.
1507 1574 1600 1611 mala
1629 1581 1666 1610 et

1042 1627 1131 1665 vitia
1163 1629 1352 1671 nonnulla,
1391 1640 1435 1663 ex
1471 1624 1666 1662 serioribus

1042 1679 1204 1717 aetatibus
1233 1679 1377 1724 inolita,
1402 1678 1463 1715 etfi
1490 1690 1574 1714 curn
1599 1676 1666 1713 ho-

1044 1744 1124 1768 rum
1144 1741 1345 1780 temporum
1377 1728 1604 1780 simplicitate
1631 1737 1668 1765 et

1043 1782 1252 1820 innocentia
1285 1782 1471 1819 nonsatis
1497 1779 1667 1817 conveni-

1045 1844 1134 1879 unt3
1179 1844 1220 1871 ut
1272 1833 1476 1884 navigatio,
1521 1831 1666 1869 urbium

1046 1885 1216 1930 munitio,
1246 1885 1382 1930 arati03
1421 1897 1500 1936 quae
1544 1882 1666 1920 omnia

1045 1951 1128 1975 cum
1157 1938 1279 1974 adulta
1308 1937 1409 1984 pueri
1440 1944 1543 1973 aetate
1563 1934 1670 1972 ceffa-

1045 1989 1136 2026 bunt
1156 2003 1189 2025 ν.
1211 2003 1272 2040 37.
1301 1989 1398 2025 Cum
1411 1988 1449 2025 in
1465 1996 1545 2025 vate
1557 1985 1671 2023 verse-

1046 2054 1140 2085 mur,
1153 2040 1338 2091 interpreti
1357 2039 1612 2076 subsistendum
1628 2037 1668 2075 in

1045 2093 1115 2129 hoc
1146 2091 1390 2141 phantasmate
1405 2090 1574 2141 poeti003
1605 2101 1671 2128 nec

1046 2144 1254 2193 quaerendus
1270 2153 1430 2186 eventuS,
1445 2142 1507 2192 qui
1525 2141 1671 2192 respon-

1045 2196 1141 2232 deat.
1196 2195 1295 2232 Male
1312 2194 1434 2243 itaque
1453 2194 1498 2230 ad
1524 2206 1576 2230 res
1599 2193 1674 2242 ejus

1048 2248 1132 2283 anni
1150 2247 1297 2290 referas,
1323 2245 1421 2296 quod
1447 2245 1522 2295 post
1557 2244 1672 2282 Brun-

1048 2298 1208 2335 dusmam
1228 2311 1351 2348 pacem
1372 2307 1485 2334 metus
1503 2296 1548 2332 de
1570 2295 1672 2333 Sexti

1050 2348 1213 2400 Pompeii
1240 2349 1399 2386 clastibus
1424 2347 1540 2385 adhuc
1571 2347 1673 2398 supe-

1046 2411 1154 2444 rerat,
1180 2414 1285 2452 quem
1304 2413 1415 2437 annus
1432 2399 1575 2449 sequens
1588 2411 1676 2450 pace

1050 2453 1242 2490 Puteolana
1259 2452 1437 2489 sublatum
1455 2450 1564 2489 vidit.
1608 2464 1670 2499 34.

1048 2503 1220 2555 Indulget
1258 2503 1324 2541 fibi
1356 2507 1479 2553 poeta,
1504 2515 1559 2547 ea,
1595 2515 1677 2553 quae

1050 2555 1204 2593 heroicis
1238 2555 1402 2592 aetatibus
1424 2553 1574 2591 eveniffe
1594 2566 1674 2590 nar-

1050 2617 1189 2652 rantur,
1219 2605 1562 2651 commemorand03
1601 2606 1676 2641 Ar-

1050 2670 1290 2709 gonautarum
1333 2658 1472 2695 seilicet
1528 2656 1676 2706 naviga-

1051 2711 1202 2754 tionem,
1217 2721 1251 2746 et
1272 2710 1496 2746 Achivorum
1515 2709 1559 2744 ad
1579 2708 1676 2745 Tro-

1047 2763 1122 2812 jam
1141 2761 1422 2812 expeditionem.
1477 2759 1568 2797 Sunt
1590 2773 1675 2797 vero

1051 2815 1157 2866 plane
1183 2813 1395 2857 adumbrata
1417 2825 1461 2849 ex
1488 2811 1679 2849 Hefiodeis

1054 2867 1114 2904 vff.
1134 2866 1198 2904 161
1220 2864 1296 2916 sqq.
1335 2863 1483 2902 Delec‘los
1499 2864 1612 2901 heroas
1630 2862 1677 2899 il-

1519 2914 1680 2952 lustravit
