1987 3361
509 341 680 379 civ111
857 321 972 370 DE
1037 313 1476 367 VIRGILII

504 463 603 502 inter
619 455 774 508 Virgilii
793 458 1090 492 commentatores
1108 445 1274 489 refertur,
1300 441 1454 494 petitum
1471 441 1519 480 est
1535 452 1582 479 ex
1594 440 1686 480 Vita
1702 440 1817 491 Virg.

505 514 771 557 Pseudodonati
791 513 817 550 s.
837 515 900 551 60.

557 576 705 615 Pet-ilius
725 574 896 621 Fafflinus
914 569 1012 606 furta
1030 562 1186 616 Virgilii
1199 561 1407 613 collegerat.
1446 559 1586 599 Donat.
1599 558 1690 596 Vita
1703 557 1818 609 Virg.

508 633 539 672 s.
561 638 624 673 62.

562 691 682 731 Pollio.
747 689 790 727 In
826 683 1006 724 Servianis
1038 681 1084 719 ad
1113 680 1199 718 AEn.
1235 678 1309 724 VI,
1350 691 1438 731 5¹54,
1481 675 1547 716 ubi
1579 676 1625 714 de
1666 688 1752 714 aura
1777 687 1819 712 ac

511 761 620 791 vento
638 750 675 788 in
692 749 782 787 locis
800 745 924 785 inferis
953 743 1074 795 agitur
1094 739 1209 791 (conf.
1229 739 1275 776 ad
1303 738 1377 776 Ge.
1395 737 1470 783 IV,
1497 739 1588 788 484)
1617 743 1645 760 “
1666 737 1724 775 De
1753 735 1822 772 il-lo

512 819 544 836 “
571 810 667 847 enim
687 810 769 845 loco
788 804 892 844 multi
912 811 1073 853 quaerunt
1092 814 1101 837 z
1131 804 1201 852 quis
1220 807 1334 836 tantus
1347 797 1507 849 plangor.
1523 797 1573 834 ad
1587 799 1723 835 auras?
1749 794 1821 832 Sed

513 876 544 895 “
573 867 694 906 Pollio
727 865 821 904 dicit
854 862 978 900 AEneae
1009 870 1044 898 et
1074 859 1235 908 Sibyllae,
1261 869 1347 907 quas
1373 855 1428 893 illi
1460 855 1578 893 secum
1611 862 1792 893 traxerant
1811 866 1827 899 3

514 935 545 953 “
573 940 658 965 cnm
675 925 808 963 constet
826 922 933 959 etiam
954 919 1030 958 illic
1050 918 1115 955 effe
1133 915 1276 954 auras.''
1329 909 1575 965 Jul.'Sabinus
1593 914 1638 951 ad
1658 913 1731 958 VI,
1753 925 1827 962 134

516 988 579 1024 Bis
609 987 748 1035 Sygim.
827 988 854 1005 “
886 978 1004 1017 Pollio
1036 976 1250 1021 admiratur,
1290 988 1373 1012 cum
1410 974 1542 1013 AEneas
1571 974 1651 1012 effet
1685 973 1827 1011 futurus

517 1054 547 1071 ‘⁶
575 1046 674 1090 deus,
711 1056 775 1080 cur
811 1040 908 1078 dicat
936 1039 998 1076 bis.
1070 1036 1232 1074 Solvitur
1266 1035 1351 1078 hoc,
1377 1034 1464 1085 quia
1493 1035 1589 1085 apud
1621 1033 1827 1071 Homerum

517 1113 548 1131 “
576 1104 716 1154 Ulyffes
745 1100 839 1138 vidit
865 1098 1031 1136 umbram
1052 1096 1224 1133 Herculis
1243 1095 1339 1145 apud
1358 1094 1534 1132 inferos.’'
1587 1092 1733 1131 Similes
1756 1092 1826 1129 ita-

519 1176 589 1215 que
616 1161 770 1212 ineptias
801 1158 839 1196 in
872 1158 1063 1195 Maronem
1095 1155 1338 1199 contulerant,
1363 1153 1482 1204 quales
1515 1151 1711 1204 Porphyrii
1737 1150 1828 1189 alio-

519 1235 669 1273 rumque
687 1222 787 1258 fuere
804 1219 843 1256 in
864 1218 1083 1261 Homerum.

572 1282 717 1320 Probus.
790 1278 944 1316 Valerius
968 1275 1095 1314 Probus
1132 1274 1430 1319 Grammaticus;
1458 1273 1523 1324 qui
1557 1272 1600 1310 fit
1644 1270 1741 1308 inter
1765 1281 1830 1307 va·

520 1342 596 1381 rios
641 1340 792 1383 Probos‚
820 1337 1064 1388 disputantem
1097 1334 1173 1373 vid.
1206 1334 1401 1372 Burmann.
1428 1333 1508 1371 Sec.
1542 1331 1644 1383 praef.
1674 1334 1727 1382 (p.
1757 1331 1826 1382 33)

519 1411 558 1440 et
602 1401 716 1439 Tom.
749 1399 766 1435 Ι
799 1397 955 1435 Anthol.
989 1409 1072 1447 pag.
1108 1408 1197 1447 739.
1269 1393 1430 1432 Probum
1459 1392 1564 1430 illum
1603 1402 1759 1431 veterem
1784 1403 1833 1428 ex

523 1461 686 1501 Neronis
702 1458 923 1510 temporibus
948 1457 1038 1495 bene
1055 1455 1223 1493 novimus
1254 1467 1300 1492 ex
1328 1455 1428 1492 Suet.
1454 1454 1513 1491 Ill.
1543 1454 1616 1491 Gr.
1648 1466 1729 1503 cap.
1755 1464 1833 1500 243

523 1524 614 1563 alter
648 1522 718 1560 fuit
751 1519 871 1557 saeculi
904 1518 1095 1555 Adrianei.
1163 1515 1351 1553 Laudatur
1385 1528 1407 1552 a
1434 1515 1561 1552 Gellio
1597 1513 1674 1557 IX,
1707 1525 1731 1564 9
1758 1514 1835 1563 ejus

519 1581 706 1632 judicium
750 1578 796 1616 de
829 1576 931 1615 verff.
967 1576 1052 1614 AEn.
1088 1575 1123 1618 I,
1153 1588 1229 1627 500
1262 1574 1332 1625 sq„
1377 1573 1478 1612 aliud
1515 1573 1631 1619 XIII,
1676 1585 1743 1617 20,
1769 1571 1835 1610 ubi

526 1640 801 1690 Georgicorum
843 1634 908 1673 ms.
943 1633 1205 1686 autographum
1245 1633 1402 1684 Virgilii
1453 1631 1614 1670 habuiffe
1656 1640 1837 1670 narratur.

528 1698 629 1749 Saepe
666 1696 792 1734 Servio
825 1694 864 1732 in
900 1693 1109 1738 AEneidem,
1141 1692 1249 1730 semel
1284 1691 1324 1729 in
1354 1692 1559 1743 Georgica,
1587 1700 1836 1736 memoratur3

525 1758 639 1796 etiam
658 1757 807 1794 Donato
835 1753 874 1790 in
903 1754 1051 1790 comm.
1072 1751 1112 1789 in
1129 1751 1278 1789 Terent.
1295 1759 1331 1788 et
1347 1751 1517 1789 Macrob.
1535 1750 1588 1796 V,
1608 1764 1669 1790 22.
1722 1753 1839 1790 Com-

529 1815 727 1856 mentarius
775 1813 851 1863 ejus
893 1812 931 1850 in
967 1811 1142 1849 Bucolica
1183 1820 1220 1849 et
1262 1811 1452 1861 Georgica
1484 1802 1753 1856 circumfertur,
1777 1809 1840 1848 sed

529 1875 677 1914 nomine
711 1883 875 1917 tantum3
911 1871 993 1909 sunt
1026 1870 1140 1915 enim,
1175 1883 1249 1908 uno
1292 1871 1350 1908 vel
1385 1871 1498 1908 altero
1533 1871 1617 1908 loco
1654 1869 1748 1908 forte
1775 1883 1840 1908 ex-

529 1945 653 1986 cepto,
692 1931 815 1969 tenuia
848 1940 884 1968 et
917 1930 1042 1981 jejuna
1089 1939 1273 1980 excerpta,
1319 1942 1431 1980 eaque
1478 1930 1711 1981 interpolata,
1759 1942 1842 1980 quae

529 1994 665 2045 primus
701 1991 739 2028 in
770 1990 889 2027 lucem
924 1988 1077 2039 protulit
1107 1989 1168 2037 Jo.
1205 1989 1310 2040 Bapt.
1345 1989 1521 2039 Egnatius
1555 1990 1593 2027 in
1620 1989 1711 2028 edit.
1744 2001 1839 2039 1507

532 2059 562 2076 “
589 2048 896 2102 quemadmodum
923 2047 985 2084 illa
1013 2060 1058 2084 ex
1083 2047 1213 2085 codice
1240 2048 1466 2086 vetustiffimo
1499 2049 1565 2087 ms.
1595 2048 1706 2086 Bobii
1725 2061 1841 2099 quon-

532 2117 562 2136 “
590 2110 675 2146 dam
710 2121 731 2145 a
765 2106 932 2157 Georgio
968 2105 1115 2144 Merula
1144 2106 1295 2144 invento
1330 2108 1602 2146 adnotaverat.'’
1655 2108 1845 2158 Repetitus

535 2169 624 2208 inde
651 2169 697 2206 est
724 2181 744 2206 a
775 2166 900 2205 multis
928 2176 964 2204 et
992 2166 1124 2211 Servii,
1153 2167 1306 2212 Donati,
1333 2167 1559 2219 aliorumque
1576 2167 1847 2207 commentariis

533 2228 611 2267 fere
628 2227 799 2277 adjectum

588 2287 732 2323 Servius
754 2286 903 2323 Maurus
926 2286 1116 2323 Honoratus
1142 2283 1220 2323 saec.
1239 2284 1278 2322 V
1305 2286 1575 2336 grammatiCUS.
1629 2286 1688 2324 De
1704 2299 1748 2324 eo
1765 2285 1845 2324 vid.

539 2344 734 2383 Burmann.
760 2344 859 2395 praef.
896 2346 949 2394 (p.
982 2358 1029 2383 20
1059 2344 1142 2395 sq.).
1198 2344 1320 2390 Alios,
1345 2346 1392 2383 de
1423 2360 1467 2384 eo
1491 2346 1554 2396 qui
1588 2346 1744 2397 egerint,
1768 2345 1846 2384 vid.

537 2405 634 2456 apud
653 2404 803 2441 Saxiurn
828 2404 1014 2442 Onomast.
1033 2404 1198 2449 Tom.1‚
1224 2417 1308 2455 pag.
1327 2419 1416 2457 471.
1447 2406 1531 2443 add.
1563 2405 1717 2444 Masvic.
1744 2404 1848 2455 praef.

540 2463 601 2501 De
641 2463 980 2514 interpolationibus
1021 2463 1072 2501 cf.
1118 2462 1209 2512 Justi
1252 2463 1408 2515 Specim.
1445 2465 1546 2503 Obff.
1586 2464 1671 2503 crit.
1716 2477 1753 2514 p.
1783 2475 1846 2514 35.

540 2522 856 2562 Commentarium
870 2523 907 2560 in
925 2523 1115 2560 AEneidem
1133 2523 1232 2574 prius
1259 2534 1480 2570 exaraverat,
1506 2533 1585 2562 turn
1613 2525 1653 2562 in
1676 2523 1848 2573 Eclogas,

541 2582 673 2620 ultimo
708 2583 792 2620 loco
824 2582 863 2620 in
895 2581 1110 2633 Georgica3
1139 2582 1241 2620 conf.
1273 2583 1468 2622 Burmann.
1493 2584 1596 2635 praef.
1629 2585 1683 2634 (p.
1717 2586 1781 2631 22)
1811 2589 1849 2618 et

543 2643 590 2681 ad
609 2642 684 2680 Ge.
703 2641 737 2686 I,
767 2642 854 2681 208.
909 2641 967 2679 Ex
995 2641 1100 2680 trinis
1126 2642 1182 2680 his
1209 2642 1491 2681 Commentariis
1509 2643 1680 2680 habemus
1696 2640 1850 2691 farragi-

543 2714 627 2739 nem
664 2700 771 2739 bonis
805 2699 994 2751 malisque,
1033 2701 1132 2739 seriis
1163 2714 1204 2738 ac
1239 2703 1361 2753 nugis,
1388 2702 1479 2740 adeo
1511 2702 1764 2743 commixtam,
1793 2708 1850 2743 ut,

542 2760 635 2812 quid
669 2762 716 2797 ad
750 2760 866 2797 Servii
900 2761 1149 2799 austoritatem
1181 2760 1315 2799 referre
1350 2762 1469 2807 malis,
1494 2762 1675 2799 interdum
1689 2760 1774 2803 ‘vix
1811 2757 1850 2796 in

543 2828 689 2871 promtu
715 2818 859 2860 habeas.
910 2820 1007 2860 Usus
1033 2819 1158 2860 saltem
1188 2821 1265 2871 ejus
1290 2821 1338 2860 ad
1366 2820 1673 2873 interpretandum
1701 2822 1850 2871 poetam

1782 2873 1852 2911 effe
