1821 3381
355 338 449 374 110

535 324 589 373 P.
648 318 1029 371 VIRGILII
1098 317 1491 367 MARONIS

478 901 1029 971 ECLOGA.
1095 898 1530 964 SEXTA.

361 1293 568 1375 PRIMA
589 1320 831 1385 Syracosio
854 1320 1048 1384 dignata
1070 1318 1133 1365 est
1156 1316 1315 1365 ludere
1336 1315 1467 1364 versu

356 1421 544 1476 Nostra,
579 1434 664 1465 nec
688 1416 877 1464 erubuit
899 1415 1033 1462 filvas
1057 1415 1285 1469 habitare,
1320 1412 1506 1460 Thalia.

354 1511 522 1573 Qum
544 1523 761 1556 canerem
782 1523 913 1571 reges
936 1517 983 1553 et
1002 1504 1189 1569 proelia,
1213 1503 1444 1566 Cynthius
1466 1518 1628 1550 aurem

359 1600 521 1657 Venit,
544 1611 590 1646 et
613 1597 886 1646 admonuit:
924 1597 1180 1653 Pastorem,
1206 1595 1385 1657 Tityre,
1403 1594 1594 1658 pinguis

401 1726 431 1750 1.
455 1717 600 1759 Syractfio.
647 1717 694 1747 Ita
720 1715 888 1745 Romanus
912 1713 1020 1746 Pierii.
1066 1713 1230 1758 Συξακὸσιον
1245 1711 1340 1755 ᾆσμα.
1386 1712 1496 1755 Vulgo
1520 1713 1671 1756 Syraczfio,

358 1769 509 1801 mendose
522 1779 529 1799 z
555 1768 640 1810 quod
655 1768 722 1809 jam
738 1766 930 1798 Benedietus
945 1766 1085 1797 monuitae
1128 1767 1260 1808 Syracusa
1275 1765 1400 1796 Moreti
1415 1765 1506 1802 alter,
1531 1766 1667 1807 Menag.

356 1821 436 1852 alter
453 1828 485 1851 et
500 1819 643 1850 Parrhas-

359 1872 467 1903 Pierii.
485 1870 524 1902 cf.
541 1869 651 1901 Heins.

357 1924 475 1955 vitium
487 1923 535 1954 ed.
547 1921 634 1953 Rob.
652 1920 762 1964 Steph.

426 2033 440 2057 1
449 2047 458 2056 .
488 2019 512 2055 S
501 2019 648 2069 yracqfio
660 2039 712 2046 --
725 2031 792 2053 ver
804 2031 840 2061 u,
859 2015 982 2052 Theo-

358 2070 485 2108 criteo.
504 2084 538 2106 v.
558 2069 639 2107 Ecl.
671 2068 745 2112 IV,
777 2082 809 2105 1.
863 2069 983 2104 Prima

357 2122 570 2171 intelligunt
583 2121 694 2170 vulgo
711 2133 720 2156 ς
750 2132 770 2156 e
789 2118 982 2163 Romanis3

358 2188 379 2212 e
408 2174 539 2224 quibus
565 2172 600 2209 se
625 2173 784 2223 primum
811 2171 857 2207 ad
880 2180 986 2207 tenue

358 2227 430 2263 hoc
450 2223 619 2261 carminis
636 2236 747 2274 genus
773 2221 987 2258 descendiffe

359 2276 556 2328 significet:
598 2285 637 2312 ut
686 2274 758 2311 Ge.
803 2273 855 2318 Il,
901 2286 984 2324 175·

360 2329 419 2365 Ita
453 2326 653 2377 accipiebat
676 2337 818 2375 quoque
850 2325 986 2375 Popius

360 2378 527 2430 Pastoral.
554 2378 645 2428 Ipr.
699 2375 834 2413 Melius
861 2376 905 2413 de
941 2390 985 2412 ae-

359 2442 434 2468 tate
451 2430 622 2479 accipias,
652 2428 750 2478 quod
781 2427 818 2463 in
850 2428 985 2465 adoles-

360 2483 480 2520 centia
499 2481 542 2518 iis
569 2479 788 2518 carminibus
819 2479 853 2517 se
877 2478 985 2516 dede-

361 2544 433 2578 rat,
453 2547 524 2570 non
541 2532 666 2583 epicis,
686 2530 736 2568 vs.
760 2544 796 2578 3,
817 2544 837 2567 a
855 2530 986 2580 quibus

363 2584 556 2623 revocabat
574 2597 654 2621 eum
675 2582 826 2633 Apollo.
874 2596 909 2620 2.
918 2583 985 2632 fil-

360 2654 429 2675 vas
444 2636 614 2678 habitare,
641 2634 686 2671 ad
710 2647 820 2685 genus
846 2633 987 2671 bucoli-

362 2702 447 2726 cum
467 2688 630 2725 refertur.
645 2700 680 2723 V.
701 2686 745 2722 ad
762 2685 841 2722 Ecl.
858 2685 915 2721 IV
933 2699 987 2735 pr.

363 2740 494 2778 ‘Thalia
512 2740 661 2775 omnino
679 2751 743 2788 pro
763 2736 870 2773 Musa
892 2737 990 2773 dicia

364 2792 480 2829 videri
513 2791 645 2840 potest3
678 2789 739 2825 etfi
771 2801 813 2824 ea
846 2788 990 2838 proprie

363 2844 425 2881 hic
444 2852 653 2885 memorata,
669 2839 754 2890 quia
778 2839 989 2877 bucolicum

364 2908 508 2933 narnien
540 2894 613 2944 ejus
637 2891 722 2930 fidei
753 2904 794 2929 ae
826 2891 991 2943 praefidio

732 1827 764 1850 2.
787 1831 868 1859 neque
883 1829 899 1849 e
909 1818 1035 1860 scriptis
1049 1818 1188 1860 reposuit
1204 1816 1315 1848 Heins.
1336 1810 1395 1859 pro
1406 1829 1462 1847 nec.
1466 1818 1552 1860 silvis
1570 1818 1669 1847 Rom.

742 1879 773 1907 4.
797 1871 918 1901 admovit
933 1868 1092 1901 Rottend.
1111 1879 1149 1902 ex
1163 1879 1254 1901 more
1269 1868 1376 1901 librar.
1408 1864 1553 1913 Pqslorur'n
1571 1868 1672 1911 Tityre

1045 2013 1224 2053 creditum
1241 2013 1451 2052 habebatur.
1487 2025 1522 2062 3.
1541 2012 1672 2050 Voluit

1046 2067 1160 2117 igitur
1178 2067 1286 2102 Maro
1305 2066 1506 2103 adolescens
1520 2065 1672 2115 aggredi

1048 2118 1165 2155 statim
1195 2130 1302 2167 epos:
1340 2134 1427 2168 reges
1456 2128 1487 2154 et
1515 2116 1671 2166 pradia,-

1053 2169 1164 2220 (quod
1185 2169 1301 2206 minus
1319 2168 1408 2206 bene
1424 2169 1470 2205 de
1493 2167 1673 2218 tragoedia

1050 2221 1303 2271 interpretatur
1335 2219 1464 2257 Heins.
1490 2221 1535 2257 ad
1556 2219 1670 2256 Ovid.

1049 2272 1108 2308 IV
1139 2285 1184 2308 ex
1213 2271 1254 2310 P.
1293 2284 1331 2314 z,
1375 2275 1409 2319 1)
1455 2271 1594 2308 Oudin.
1632 2270 1672 2307 in

1050 2323 1161 2361 Misc.
1182 2323 1284 2361 Obff.
1302 2323 1383 2361 crit.
1401 2336 1483 2360 nov.
1504 2323 1576 2360 To.
1595 2321 1672 2366 IV,

1049 2388 1086 2426 p.
1118 2378 1188 2424 308
1209 2375 1255 2412 ad
1272 2374 1441 2412 Culicem
1458 2375 1526 2412 hoc
1546 2374 1672 2418 trahit,

1052 2427 1325 2464 Pseudodonato
1355 2436 1391 2463 et
1415 2426 1540 2463 Servio
1560 2426 1672 2462 advo-

1051 2488 1146 2515 cato.
1201 2477 1306 2515 Poffis
1337 2490 1382 2514 ex
1411 2478 1536 2514 Servio
1561 2476 1671 2514 etiam

1050 2530 1211 2574 laudare,
1230 2530 1327 2580 quod
1346 2542 1398 2567 res
1419 2529 1599 2566 Romanas
1614 2528 1673 2564 seu

1050 2595 1175 2632 regum
1227 2581 1453 2618 Albanorum
1497 2579 1675 2631 aggrefl‘us

1050 2634 1116 2670 effe
1135 2633 1245 2670 Maro
1271 2632 1395 2670 fertur.
1450 2632 1519 2669 Sed
1547 2643 1674 2682 parum

1052 2694 1130 2721 tuta
1148 2686 1237 2728 haec,
1254 2697 1336 2721 cum
1351 2684 1432 2721 aliis
1448 2697 1505 2734 ap.
1520 2682 1674 2720 Pseudo-

1053 2736 1177 2773 donat.
1203 2736 1241 2772 in
1275 2735 1366 2772 Vita
1402 2735 1427 2772 s.
1446 2738 1508 2772 28.
1560 2749 1676 2772 aurem

1053 2787 1154 2824 ‘vellit
1170 2804 1183 2830 ,·
1212 2796 1316 2823 notus
1336 2787 1552 2824 admonendi
1582 2799 1673 2826 mos,

1054 2839 1117 2888 qui
1136 2839 1225 2875 adeo
1244 2838 1283 2875 in
1309 2837 1462 2888 gemmis
1487 2838 1673 2888 expreflus.

1055 2904 1090 2929 v.
1110 2890 1279 2929 Museum
1297 2889 1394 2929 Flor.
1414 2890 1464 2929 T.
1483 2890 1536 2936 ΙΙ,
1563 2898 1589 2925 t.
1611 2901 1676 2976 ΖΞ,

1580 2952 1627 2977 un
1656 2952 1679 2977 e
