1987 3361
398 247 731 323 PRIORIS
773 268 1243 324 EDITIONIS.
1417 293 1480 329 :x1

175 408 460 465 recenfione
488 407 683 478 septem
712 407 887 458 Codd.
917 409 1184 461 varietates
1229 409 1330 463 suis
1359 414 1486 470 locis

176 501 382 559 inserui,
432 511 482 550 et
526 517 592 550 ex
651 498 1050 570 Edimburgenfi
1100 503 1488 562 emendationes

178 591 561 664 Cuninghami,
603 590 858 642 Codicem
885 591 1195 644 Mediceum
1231 614 1259 645 a
1287 596 1490 670 Foggi-

176 686 267 738 nio
294 682 604 756 expreffum,
631 683 864 734 Vaticani
895 682 1106 735 Codicis
1145 683 1434 756 fragmenta
1459 713 1487 745 a

177 775 406 828 Bottario
430 771 637 833 excusa,
671 773 883 823 Codicis
912 773 1141 824 Romani
1167 776 1328 827 varias
1353 780 1489 832 Lec..

174 865 341 916 tiones
368 865 428 917 ad
456 865 647 916 calcem
675 864 737 915 ab
763 863 875 935 ipso
895 864 1116 935 adjectas
1145 864 1319 920 sedulo
1337 889 1486 925 com..

173 960 350 1029 paravi
392 971 440 1009 et
483 955 764 1027 exscripfi3
805 958 965 1010 trium
1004 958 1160 1010 etiam
1206 961 1487 1028 Codicum,

173 1068 303 1120 quos
349 1068 471 1100 cum
511 1047 698 1121 infigni
743 1048 920 1119 aliquo
964 1049 1095 1100 bene
1139 1050 1201 1102 de
1238 1072 1322 1106 me
1348 1070 1398 1109 et
1424 1059 1489 1112 de

179 1141 404 1212 Virgilio
432 1140 664 1192 merendi
689 1139 855 1191 studio
885 1140 978 1191 Vir
1005 1141 1193 1196 Illustr.
1222 1145 1332 1212 Jul.
1363 1150 1484 1205 Car.

174 1231 495 1304 Schlaegerus
538 1243 586 1282 et
621 1230 873 1282 obtulerat
916 1243 964 1282 et
1006 1231 1354 1304 inspiciendos
1382 1244 1487 1295 mi..

174 1322 317 1382 serat,
347 1334 611 1394 excerptas
646 1322 917 1383 lectiones',
966 1321 1029 1375 de
1074 1325 1262 1396 quibus
1307 1333 1486 1401 paullo

171 1414 287 1486 post
317 1413 507 1472 dicam,
545 1412 756 1484 subjeci.
864 1414 1222 1469 Constitutum
1269 1422 1483 1492 quidem

171 1506 237 1558 ab
267 1506 417 1557 initio
442 1505 716 1567 habebam,
742 1506 997 1559 dilectum
1024 1508 1256 1580 aliquem
1284 1516 1487 1569 varian-

173 1600 308 1650 tium
333 1599 618 1650 lectionum
646 1597 829 1650 facere.
910 1599 1212 1661 Enimvero,
1243 1622 1350 1674 quo
1370 1625 1485 1659 ma-

173 1690 254 1761 gis
281 1690 521 1749 rationes,
561 1688 768 1748 cauffas,
813 1700 861 1738 et
888 1688 1006 1741 usus
1043 1710 1217 1744 earum
1256 1695 1311 1746 in
1353 1716 1486 1769 quo-

174 1798 379 1851 cunque
403 1777 641 1849 scriptore
668 1779 1004 1839 intellexeris,
1047 1800 1107 1832 eo
1136 1783 1486 1843 difficiliorem

172 1870 325 1942 hujus
388 1870 585 1923 confilii
649 1870 895 1923 effectum
961 1872 1058 1924 effe
1121 1877 1405 1944 praevideas
1434 1885 1481 1935 ³⁶.

172 1961 399 2022 Deinde,
442 1961 476 2013 fi
496 1962 780 2032 juventutis
807 1962 1084 2014 utilitatem
1108 1963 1483 2036 respiciendam

171 2052 268 2106 effe
294 2053 519 2113 duxeris,
536 2066 591 2105 ut
618 2054 653 2104 ii
681 2054 912 2124 aliquem
935 2052 1118 2106 harum
1142 2075 1313 2110 rerum
1333 2061 1482 2115 usum

169 2142 563 2215 consequantur,
604 2145 659 2195 in
685 2145 773 2195 tali
799 2144 1046 2206 editione,
1095 2149 1263 2200 multo
1307 2165 1481 2206 autem

170 2240 338 2310 magis
364 2239 417 2290 in
445 2240 532 2290 tali
558 2245 708 2310 po‘eta
734 2237 867 2290 nihil
895 2239 1058 2291 abeffe
1084 2242 1345 2306 volebam,
1376 2264 1481 2318 quo

170 2327 233 2379 ad
261 2328 558 2379 varietatem
584 2328 823 2379 lectionis
851 2329 1062 2402 ejusque
1083 2331 1231 2384 usum
1259 2337 1480 2389 omnino

170 2415 586 2486 cognoscendum
637 2416 1025 2471 adducerentur.
1106 2422 1303 2475 Reiss<ii
1353 2444 1481 2478 con-

167 2505 390 2578 jecturas
417 2508 693 2561 nonnullas
731 2520 780 2560 et
805 2507 1179 2565 observationes
1204 2533 1300 2586 pro
1340 2518 1480 2569 mul-

222 2671 246 2692 '³⁶
274 2672 365 2710 Vid.
392 2672 503 2710 modo
537 2673 725 2711 Wetstenii
757 2674 895 2726 proleg.
933 2677 978 2713 ad
1010 2677 1064 2715 N.
1097 2677 1146 2716 T.
1183 2693 1219 2729 p.
1253 2694 1480 2731 199—201,

171 2730 336 2770 Pierson.
365 2733 465 2783 praef.
497 2731 543 2770 ad
577 2731 715 2771 Moerin
733 2746 770 2785 p.
800 2733 893 2773 XX.
922 2735 1018 2774 Ven.
1053 2735 1191 2775 Ernesti
1224 2740 1324 2791 praef.
1355 2741 1480 2781 Taciti

172 2803 207 2830 a.
230 2804 266 2842 3.

1316 2886 1481 2958 tiplici
