1821 3381
438 361 535 408 IN
620 356 1137 407 GEORGICA
1354 373 1435 420 ης

124 489 314 537 minum
355 502 519 536 natura
552 489 731 536 diversa
764 487 942 534 indoles
976 485 1271 538 continetur;
1310 486 1357 530 in
1390 503 1438 532 re

124 572 402 634 exponenda
426 584 471 618 et
494 571 700 617 ornanda
722 570 836 616 illud
863 579 992 613 tanto
1014 565 1162 629 majus
1180 567 1436 613 artificium

124 655 338 715 requirit,
372 670 468 716 quo
492 655 727 699 minorem
753 653 851 696 vim
878 667 948 695 res
987 650 1081 712 ipsa
1109 650 1167 695 ad
1199 650 1437 695 delestan-

122 733 240 784 dum
289 735 458 780 habere
511 735 680 796 potest,
735 749 920 795 quoque
961 733 1111 794 magis
1167 732 1434 778 cavendum

122 815 275 878 poetae
301 817 378 873 est,
414 834 471 862 ne
494 818 552 863 ad
577 816 797 863 subtilem
822 817 1210 878 praeceptionem,
1235 833 1326 879 qua
1350 834 1433 863 ne-

122 915 204 945 mo
227 898 362 945 facile
387 900 655 956 delectatur,
690 914 768 944 aut
791 899 849 944 ad
874 915 1053 944 meram
1072 915 1224 945 rerum
1247 901 1433 961 descrzp-

118 983 268 1026 tionem
291 997 477 1027 carmen
505 981 594 1026 hoc
612 993 813 1035 revocet,
838 996 929 1041 qua
943 980 1123 1024 animos
1142 981 1316 1026 nostros
1336 997 1429 1027 non

118 1063 200 1108 diu
235 1080 347 1109 cum
384 1062 621 1123 voluptate
659 1065 804 1106 teneri
838 1060 941 1105 satis
977 1061 1154 1106 constat
1179 1063 1218 1105 ἢκ.
1264 1059 1431 1123 Itaque

118 1160 173 1190 ex
196 1157 296 1191 toto
320 1144 529 1190 materiae
551 1154 775 1205 apparatu
802 1158 854 1187 ea
885 1143 1134 1205 deligenda
1162 1142 1282 1198 sunt,
1319 1159 1427 1204 quae

117 1242 229 1272 cum
265 1227 418 1287 aliqua
458 1226 696 1287 voluptate
731 1225 896 1281 audiri,
921 1238 1014 1280 aut,
1038 1224 1070 1269 si
1109 1241 1195 1287 per
1230 1225 1273 1270 se
1306 1225 1427 1270 nihil

116 1307 353 1355 suavitatis
378 1309 564 1365 habent,
599 1309 751 1353 ornari
775 1321 820 1353 et
842 1308 1076 1353 nobilitari
1101 1308 1159 1352 ab
1189 1320 1286 1354 arte
1318 1307 1428 1370 pos-

116 1388 226 1443 fint‚·
253 1407 547 1452 quaecunque
567 1403 722 1436 autem
748 1390 986 1436 [metanda
1018 1388 1243 1452 selegeris,
1269 1408 1320 1437 ea
1354 1408 1426 1437 re-

115 1488 222 1522 rum
250 1472 365 1518 facie
388 1473 515 1534 quasi
547 1489 599 1518 ac
634 1473 765 1518 vultu
801 1488 947 1533 eoque
975 1472 1130 1517 colore
1160 1474 1423 1520 exhibenda

112 1553 230 1610 sunt,
248 1571 342 1616 quo
359 1555 567 1600 maxime
588 1555 779 1610 niteant,
798 1554 1140 1616 hominumque
1160 1557 1342 1602 animos
1365 1557 1423 1604 ad

112 1637 490 1699 cognoscendam
529 1654 628 1682 rem
664 1650 709 1682 et
749 1638 1166 1697 contemplandam
1211 1640 1421 1685 alliciant

112 1730 158 1762 et
193 1718 408 1763 invitent.
480 1717 608 1763 Turn
634 1718 940 1780 perspicuitas
963 1737 986 1764 a
1012 1721 1185 1777 lucido,
1221 1739 1312 1767 non
1338 1739 1421 1768 au-

113 1811 208 1843 tem
233 1798 497 1854 dialectico,
533 1815 689 1844 rerum
717 1799 894 1854 ordine,
929 1815 1318 1862 argumentorum
1346 1804 1420 1849 di-

112 1879 249 1937 lectu,
284 1880 584 1943 dispositione
615 1894 660 1926 et
694 1881 981 1943 expositione
1013 1884 1069 1929 ad
1104 1887 1317 1932 animum
1348 1901 1420 1932 te-

112 1963 319 2009 nendum
343 1964 716 2018 accommodata,
733 1964 993 2011 arceffenda
1009 1967 1088 2012 est.
1127 1969 1312 2015 Tenent
1336 1988 1419 2016 au-

112 2060 206 2092 tern
231 2046 445 2091 animum
468 2062 533 2101 ea,
568 2062 676 2107 quae
700 2063 791 2092 non
817 2047 960 2093 modo
983 2049 1101 2094 nihil
1127 2052 1353 2096 molestiae
1375 2052 1417 2097 ei

108 2143 281 2185 creant,
329 2128 445 2174 dum
490 2127 853 2191 cognoscuntur,
902 2146 1064 2176 verum
1095 2132 1253 2190 etiam,
1300 2135 1417 2180 dum

109 2213 201 2258 leni
227 2228 278 2257 ac
306 2210 432 2257 facili
457 2210 592 2256 cursu
618 2211 664 2256 in
688 2212 903 2259 animum
937 2214 1153 2271 influunt,
1187 2232 1279 2262 non
1305 2218 1416 2263 hor-

107 2294 207 2341 rida
231 2292 384 2353 aliqua
406 2305 458 2336 ac
474 2288 637 2352 jejuna
660 2290 915 2337 subtilitate
937 2295 1220 2352 exarescunt,
1254 2296 1331 2342 sed
1358 2315 1413 2344 eo

106 2391 301 2437 corpore
322 2389 375 2418 ac
401 2373 558 2418 colore
593 2370 819 2437 succoque
855 2375 1042 2436 expleta
1073 2376 1192 2435 sunt,
1226 2395 1322 2440 quo
1353 2380 1413 2427 ad

106 2457 417 2520 impellendos
455 2454 606 2499 sensus
637 2455 813 2500 nostros
853 2457 1160 2522 animumque
1203 2464 1411 2526 aliquam

109 2539 206 2584 vim
229 2538 444 2583 habeant.
502 2536 614 2599 Qo
644 2537 713 2593 fit,
736 2549 788 2583 ut
812 2538 858 2583 in
882 2553 1045 2587 ornatu
1069 2542 1251 2590 summa
1273 2545 1410 2609 hujus

104 2619 327 2666 carminis
371 2617 519 2680 posita
563 2617 790 2665 videatur.
871 2620 949 2666 Ad
994 2636 1211 2670 ornatum
1251 2638 1411 2673 autem

105 2703 263 2748 omnia
301 2699 541 2747 referenda
577 2698 696 2755 sunt,
737 2717 848 2748 cum
889 2718 954 2759 ea,
994 2703 1087 2750 fine
1120 2706 1291 2767 quibus
1330 2708 1410 2753 ille

107 2784 226 2850 recle
251 2784 338 2830 effe
362 2784 539 2847 nequit,
574 2785 827 2831 verborum
853 2802 1249 2851 numerorumque
1270 2790 1411 2846 reela,

349 2907 372 2926 ἢ
401 2906 492 2944 Vid.
509 2906 558 2943 du
579 2906 646 2944 Bos
666 2907 803 2946 Reflex.
820 2908 940 2959 critiq.
961 2909 1001 2947 P.
1021 2911 1054 2955 1,
1070 2911 1105 2948 S.
1127 2925 1164 2962 9.

761 2978 809 3023 N
844 2993 870 3024 2
1207 2980 1408 3044 elegans,
