1821 3381
306 327 839 385 GEORGICON‚
892 327 1128 375 LIB.1.
1307 342 1395 392 275

87 462 322 511 Dulcibus
344 463 394 510 in
416 463 590 526 stagnis
614 462 846 508 rimantur
867 473 1000 525 prata
1021 460 1217 523 Caystri,

86 554 318 601 Certatim
340 553 496 617 largos
519 553 726 600 humeris
751 552 1000 599 infundere
1023 568 1163 610 roreS,
1294 555 1384 614 385

81 641 226 690 Nunc
249 655 395 705 caput
408 641 642 706 objeciare
656 641 800 697 fretiS,
817 658 942 689 nunc
961 658 1145 689 currere
1162 643 1211 689 in
1226 643 1390 701 undas,

78 732 145 780 Et
168 735 322 781 studio
344 735 572 782 incaffum
595 735 756 781 videas
777 734 943 797 gestire
965 736 1170 783 lavandi.

79 823 211 873 Tum
234 827 399 873 cornix
422 827 563 890 plena
585 828 802 891 pluviam
825 839 965 875 vocat
986 828 1187 893 inproba
1211 844 1341 887 voce,

77 911 143 959 Et
166 913 262 960 sola
284 915 334 960 in
356 914 477 962 ficca
500 916 660 963 secum
684 916 911 979 spatiatur
933 934 1086 965 arena.

119 1044 193 1084 384.
217 1046 357 1076 mirantur
371 1047 453 1087 Reg.
471 1057 500 1077 a.
517 1057 561 1077 m.
579 1057 626 1087 pr.
718 1047 792 1085 386.
817 1049 845 1076 iu
861 1050 958 1077 undam
975 1047 1098 1079 Medic.
1114 1058 1132 1078 a
1156 1057 1200 1078 m.
1224 1047 1282 1078 sec.
1299 1045 1385 1085 Gud.

74 1102 107 1126 et
130 1107 211 1127 unus
235 1097 347 1127 Mead„
391 1098 468 1127 undis
492 1097 600 1128 Mead.
626 1096 718 1134 alter,
739 1104 775 1128 ut
798 1097 942 1128 nonnulli
966 1099 1051 1140 apud
1075 1099 1228 1129 Pierium.
1270 1101 1299 1128 in
1315 1100 1387 1129 unda

74 1145 400 1190 alii.--—387.studio
415 1148 533 1187 incensas
548 1145 687 1177 malebat
702 1148 752 1189 Jo.
769 1147 931 1179 Schrader.
1021 1149 1095 1188 388.
1119 1150 1195 1179 ‘Tunc
1206 1149 1331 1180 Nonius
1352 1150 1387 1188 in

67 1198 183 1239 pluvia.
228 1211 312 1228 rauca
327 1211 389 1228 voce
410 1198 536 1228 Servius
559 1204 591 1229 et
618 1197 688 1228 edd.
717 1199 898 1237 nonnullae3
922 1200 1008 1241 quod
1034 1200 1148 1242 probat
1173 1201 1311 1243 Kingius
1334 1211 1385 1242 ap.

74 1249 224 1287 Martin.,
245 1249 297 1280 sed
313 1249 356 1281 est
378 1249 508 1280 alterius
534 1249 696 1291 gloss'ema.
734 1251 847 1291 plenam
870 1251 922 1282 ed.
939 1253 1024 1283 Ven.
1112 1252 1186 1294 389.
1211 1252 1282 1283 Post
1300 1252 1385 1283 hunc

72 1301 199 1332 Versun'l
214 1301 334 1332 addunt
350 1300 516 1332 nonnulli:
543 1302 586 1331 At
600 1309 681 1343 caput
700 1300 810 1343 objeHaz‘
839 1304 979 1343 querulum
1003 1306 1166 1335 venientibus
1187 1307 1274 1342 antiss,
1299 1312 1334 1335 ut
1350 1305 1385 1338 in.

73 1353 185 1383 Franc.
202 1352 289 1384 Leid.
308 1360 339 1384 et
355 1351 455 1390 Voss'„
477 1352 509 1383 in
532 1351 592 1382 hoc
609 1352 750 1394 quidem,
771 1360 806 1383 ut
827 1360 857 1383 er
883 1353 914 1383 in
933 1353 1055 1385 Bodlei.
1078 1362 1109 1386 et
1135 1366 1199 1386 uno
1215 1355 1386 1394 Arundel..

70 1403 141 1444 post
157 1413 187 1433 v.
204 1403 279 1442 388.
322 1405 358 1434 In
375 1404 497 1434 Medic.
515 1403 599 1434 Gud.
619 1404 757 1434 Mentel.
777 1404 921 1435 Parrhas.
937 1405 968 1434 in
986 1406 1130 1448 margine
1153 1413 1220 1437 erat
1238 1406 1380 1448 scriptus.

71 1454 155 1496 Reg.
171 1460 203 1485 et
224 1454 332 1486 Mead.
361 1465 434 1485 cum
461 1454 512 1485 ed.
538 1454 686 1485 Norimb.
704 1454 884 1486 habebant:
910 1457 952 1486 Et
966 1463 1057 1498 caput.
1104 1459 1139 1488 In
1157 1457 1312 1490 Cantabr.
1328 1458 1383 1489 de÷

69 1512 139 1536 erat
153 1506 274 1547 objecvat.
320 1505 494 1537 Confectus
509 1506 615 1537 versus
631 1517 647 1537 e
664 1517 695 1537 v.
709 1506 784 1547 386.

69 1615 135 1652 ster
178 1615 214 1654 fl.
262 1617 411 1673 egressus
450 1617 561 1668 ripas,
587 1617 693 1654 imm·
749 1615 870 1668 pelagi
893 1618 1064 1668 tardaeque
1083 1616 1220 1666 paludis
1238 1618 1382 1657 Cernere

69 1666 191 1705 dando
208 1667 342 1712 vicina,
358 1668 460 1717 facit)
482 1674 601 1707 rimari
606 1680 691 1720 pra-

68 1728 107 1755 ta
138 1719 222 1768 Asta
254 1725 480 1757 circumcirca:
520 1733 585 1771 pro
615 1721 692 1758 vul-

68 1770 163 1820 gari,
203 1769 335 1807 versari
370 1770 409 1807 in
451 1771 508 1808 iis.
573 1775 696 1809 rimari

69 1830 187 1858 autem
218 1822 263 1858 de
291 1822 436 1872 cygnis,
461 1823 629 1873 pabulam
656 1832 692 1859 et

67 1872 194 1911 herbas
233 1873 484 1923 quaerentibus.
549 1873 690 1924 Georg.

67 1923 121 1966 ΙΙ,
155 1936 224 1974 199
253 1923 350 1960 dixit
383 1924 566 1962 Mincium
603 1927 690 1975 Pas-

63 1985 183 2012 centem
200 1982 312 2012 niveos
326 1975 454 2025 herboso
459 1980 601 2024 flumine
621 1992 689 2026 cyc-

64 2041 119 2063 nos
133 2041 145 2063 .·
170 2029 302 2078 stagna
335 2027 427 2064 reete
461 2028 587 2071 dulcia,
632 2038 688 2064 ut-

64 2086 151 2127 pote
190 2077 265 2114 vivi
298 2087 334 2115 et
374 2079 537 2128 perennis
569 2079 688 2123 fluvii,

60 2141 137 2165 non
187 2127 252 2166 fitu
294 2129 528 2179 putrescentis
574 2144 686 2180 aquae.

65 2180 181 2230 Afiam
195 2179 354 2230 paludem
375 2180 473 2219 dixit
489 2182 574 2218 AEn.
594 2181 686 2226 VII,

65 2244 153 2282 701.
237 2233 290 2268 At
349 2233 530 2270 Homerus
572 2231 685 2272 ’Ἄσιον

61 2287 216 2329 λειμῶνα.
269 2282 329 2320 Est
361 2295 479 2321 autem
509 2285 591 2334 Asta
623 2298 685 2321 an-

60 2335 181 2385 gustus
214 2335 343 2371 tractus
375 2336 526 2386 paluster
557 2335 687 2386 Lydiae

0 2385 3 2390 ’
63 2385 111 2422 ad
157 2385 362 2434 Caystrum,
408 2400 480 2424 non
517 2388 623 2438 longe
664 2401 685 2425 a

63 2436 215 2480 Tmolo,
243 2436 326 2473 satis
339 2447 444 2475 notus
462 2451 506 2475 ex
530 2438 683 2476 Homer.

61 2486 186 2526 Illiad.
204 2490 244 2532 β,
272 2489 342 2536 461
366 2491 385 2529 ἢ
413 2491 524 2528 κύκνων
542 2490 683 2540 31&qu-

60 2538 164 2589 δείξων
187 2539 289 2589 Ἀσίῳ
327 2544 354 2578 ἔν
381 2547 506 2588 λειμῶνι
532 2544 684 2591 Κκϋςςίὸ

59 2591 150 2640 ἆμφῖ
197 2590 329 2641 ῥέεθςα·
369 2606 474 2642 quem
523 2594 685 2643 expreffit

63 2641 200 2693 Virgil.
231 2644 290 2680 vss'.
331 2645 416 2692 383.
453 2648 541 2693 384.
581 2645 680 2683 conf.

59 2693 236 2731 Waltheri
257 2694 519 2733 Animadverff.
549 2695 627 2733 hist.
646 2706 682 2734 et

60 2745 142 2783 crit.
171 2758 208 2782 n.
242 2744 310 2782 IV.
367 2746 519 2797 Reliqua
550 2747 683 2797 partim

46 2808 80 2838 ‚a
99 2796 262 2834 Varrone
281 2797 440 2835 Atacino
458 2798 593 2842 sumfit,
620 2811 681 2836 cu-

56 2846 113 2895 jus
145 2847 276 2898 fragm.
310 2849 349 2886 in
383 2849 577 2887 Cataleffls
609 2859 683 2887 vet.

58 2902 264 2949 pofitarum3
295 2899 381 2939 Tum
413 2901 511 2942 liceat
538 2899 686 2940 ‘volucres

755 1669 915 1718 inexpleto
937 1672 1046 1719 studio
1086 1671 1271 1716 (ἄπληςονς
1309 1670 1381 1708 hoe

755 1721 816 1765 est,
844 1721 942 1770 quod
962 1722 1076 1757 noster
1095 1724 1248 1771 inc-(ssim
1266 1721 1379 1769 dixit)

754 1784 880 1809 certare
895 1771 1057 1816 lavandi,
1085 1773 1133 1808 Et
1157 1773 1252 1810 velut
1274 1773 1382 1822 itffoli-

754 1834 823 1860 tum
834 1829 951 1872 pennis
966 1825 1138 1874 infimdere
1156 1839 1257 1861 rorem
1270 1837 1282 1860 .·
1303 1837 1383 1875 par-

754 1874 821 1912 tim
850 1874 894 1911 ab
924 1874 1040 1911 Arato
1075 1874 1236 1912 Diosem.
1292 1888 1379 1915 210.

759 1939 824 1963 211
857 1927 1007 1963 Πολλάκι
1037 1930 1185 1973 λιμναῒαι
1203 1928 1222 1966 ἢ
1241 1928 1378 1965 aiudha}

756 1976 872 2026 ὅξνιὲες
899 1977 1068 2018 ’Ἃπληςον
1098 1977 1270 2025 κλύζονται
1306 1983 1379 2017 ἐνιέ-

753 2047 847 2075 μενκι
866 2029 1064 2073 §cidus-mm
1092 2030 1130 2068 h.
1161 2041 1259 2080 caput
1275 2030 1380 2081 objec-

753 2085 954 2131 tantfi·etis‚
980 2080 1007 2118 s,
1027 2080 1127 2131 aquis
1154 2080 1376 2120 immersant.

755 2132 849 2184 Qae
875 2131 998 2168 omnia
1032 2133 1056 2168 fi
1094 2131 1187 2169 inter
1216 2133 1249 2169 se
1278 2145 1378 2170 com-

751 2197 863 2234 pares,
871 2183 1051 2234 poeticam
1065 2182 1102 2219 in
1112 2184 1241 2227 nostro,
1253 2197 1380 2234 quam-

752 2248 859 2284 quam
892 2235 1093 2271 noviffimus
1118 2235 1192 2284 post
1214 2234 1293 2272 illos
1317 2249 1377 2273 ve-

752 2286 822 2330 nit,
849 2286 992 2337 copiam
1009 2299 1080 2322 non
1098 2286 1283 2324 defideres.

805 2340 892 2387 388.
943 2338 1075 2374 Aratus
1128 2337 1266 2388 plenius
1313 2339 1376 2377 vff.

753 2401 967 2440 217—221.
997 2389 1171 2425 conversis
1189 2402 1209 2425 a
1228 2389 1311 2426 Cic.
1330 2391 1377 2427 de

752 2440 841 2477 Div.
876 2440 909 2484 I,
936 2453 973 2489 9.
1026 2440 1197 2477 Nostrum
1232 2442 1374 2491 expres-

749 2491 821 2528 sere
839 2491 1032 2529 Claudian.
1049 2490 1142 2536 XV,
1156 2504 1203 2541 49
1209 2505 1244 2540 3,
1300 2492 1376 2529 Lu-

750 2556 830 2580 can.
851 2542 904 2587 V,
933 2554 1019 2593 555.
1042 2542 1127 2593 5¹56.
1180 2549 1371 2589 cornixjm-

742 2594 864 2644 proba,
882 2594 952 2631 five
971 2593 1113 2630 infausti
1132 2594 1278 2637 ominis,
1302 2594 1373 2632 five

747 2645 895 2696 improba
937 2655 1052 2688 vocat,
1085 2658 1151 2695 pro
1193 2645 1372 2695 improbe,

747 2697 904 2734 clamore
920 2695 1104 2745 improbo,
1129 2695 1260 2738 nimio,
1283 2709 1371 2733 con-

747 2747 845 2786 tinua
855 2746 1089 2784 crocitatione
1097 2759 1208 2796 eaque
1226 2746 1368 2784 odiosa:

746 2799 824 2837 vid.
863 2799 938 2850 sup.
989 2797 1034 2835 ad
1053 2812 1087 2835 v.
1122 2811 1207 2849 145·
1266 2798 1371 2847 plena

746 2866 841 2894 voce,
867 2863 887 2887 e
921 2849 1026 2901 pleno
1058 2859 1218 2898 gutture,
1252 2849 1372 2935 Ghallis

1311 2913 1368 2936 am

1250 2966 1334 2989 ‘L'Osa
1338 2966 1369 2987 Γ(

743 2915 855 2953 gras:
898 2904 1024 2951 παχέα
1059 2900 1225 2951 uestigia-cra.

801 2953 877 2989 Sz
