1987 3361
541 335 574 377 4
704 315 807 364 DE
851 314 1216 363 CARMINE
1259 315 1679 364 BUCOLICO.

540 461 700 496 autem
724 448 948 512 cujusque
973 460 1018 494 et
1044 446 1282 510 judicium
1308 446 1424 492 illud
1449 447 1851 507 circumscribere,

541 544 849 594 naturamque
889 544 935 578 et
973 533 1202 577 rationem
1245 531 1471 578 carminis
1510 549 1567 579 ex
1603 532 1683 581 suo
1722 533 1851 582 sensu

542 615 678 660 finire
708 631 760 661 ac
789 613 1043 677 designare.
1092 612 1245 659 Nobis
1278 625 1434 659 tamen
1461 629 1570 661 cum
1599 615 1852 679 Virgiliani

541 695 834 760 potissimum
860 695 1081 742 carminis
1106 694 1225 741 ratio
1257 694 1471 741 habenda
1495 694 1565 751 fit,
1592 712 1645 742 ea
1667 709 1851 744 tantum

541 779 774 842 attingere
817 795 941 824 nunc
982 777 1159 831 licebit,
1194 793 1301 839 quae
1336 776 1394 824 ad
1430 776 1527 841 ejus
1571 777 1782 825 indolem
1806 791 1854 826 et

541 864 800 910 artificium
826 863 1160 910 declarandum
1196 863 1405 925 aliquam
1441 863 1542 910 vim
1578 861 1750 908 habere
1780 862 1874 908 vi«

543 948 759 997 deantur.
1199 951 1201 953 ’

607 1033 674 1080 Et
717 1035 954 1082 Carminis
992 1036 1189 1098 quidem
1230 1036 1416 1091 bucolici,
1449 1036 1525 1082 σι’πὸ
1565 1035 1642 1080 τῶν
1671 1036 1855 1088 βεκόλων,

542 1116 669 1181 quod
705 1118 942 1180 pastorum
978 1133 1126 1180 genus
1173 1116 1540 1164 honestissimum
1580 1125 1691 1171 erat,
1725 1113 1857 1169 dicti,

545 1203 593 1249 h.
623 1218 661 1248 e.
682 1202 911 1262 pastoraii,
945 1201 1082 1263 origo
1116 1200 1243 1246 varie
1278 1199 1495 1255 traditur,
1533 1208 1578 1244 et
1609 1213 1635 1243 a
1665 1194 1857 1242 diversis

546 1281 717 1330 fabulis
751 1283 994 1345 repetitur.
1065 1283 1182 1328 Sunt
1218 1281 1300 1343 qui
1338 1279 1436 1344 ejus
1474 1281 1600 1326 initia
1634 1278 1682 1324 in
1721 1288 1859 1323 aetate

545 1382 697 1422 aurea,
732 1364 836 1411 sunt
869 1364 949 1427 qui
990 1364 1038 1409 in
1078 1364 1285 1412 Arcadia
1322 1375 1402 1410 aut
1445 1363 1492 1410 in
1535 1361 1698 1409 Sicilia
1725 1374 1860 1422 quae-

545 1461 649 1495 rant
675 1450 714 1494 ³³⁵.
805 1447 904 1494 Alii
946 1448 1185 1494 auctorem
1227 1446 1462 1493 Diomum
1500 1446 1724 1508 aliquem,
1778 1441 1860 1488 alii

548 1531 881 1587 Stesichorum,
938 1530 1018 1576 alii
1074 1528 1388 1576 Theocritum
1429 1528 1609 1575 faciunt
1631 1530 1675 1588 †.
1768 1527 1862 1590 Sed

547 1615 743 1661 fluctuat
768 1626 867 1660 tota
889 1615 991 1661 haec
1015 1613 1273 1676 disputatio
1291 1612 1532 1660 etincerta
1556 1612 1715 1669 fertur,
1733 1612 1862 1675 quod

549 1713 644 1743 non
682 1696 1066 1743 animadvertunt
1095 1695 1224 1742 docti
1254 1694 1361 1751 viri,
1394 1695 1517 1741 aliud
1544 1694 1632 1741 effe
1669 1711 1862 1741 carmen

548 1780 863 1845 pastoritium,
896 1797 991 1843 quo
1015 1780 1248 1837 homineS,
1281 1779 1363 1843 qui
1404 1795 1570 1842 greges
1608 1777 1864 1841 pascerent,

550 1876 604 1911 ut
647 1865 811 1912 nostris
857 1863 1170 1927 temporibUS‚
1221 1863 1286 1908 ita
1331 1863 1501 1925 primis
1557 1859 1713 1910 statim
1752 1862 1865 1907 vitae

551 1947 772 1994 humanae
821 1947 984 2004 initiis,
1020 1947 1220 2008 longum
1259 1944 1390 1991 diem
1438 1944 1701 2000 fefellerint,
1734 1944 1866 2001 aliud,

550 2047 646 2094 quo
677 2030 891 2076 homines
922 2028 1148 2093 ingeniosi
1188 2029 1302 2075 vitae
1339 2029 1524 2075 rusticae
1553 2027 1677 2074 bona
1704 2042 1756 2073 ac
1781 2025 1867 2072 de-

552 2114 684 2160 licias
722 2124 848 2159 certa
887 2113 1066 2157 ratione
1105 2123 1150 2156 et
1185 2121 1283 2155 arte
1320 2108 1663 2155 adumbrarint.
1731 2107 1866 2155 Prius

553 2195 673 2242 illud
704 2194 829 2242 haud
853 2194 999 2240 dubie
1022 2193 1145 2238 inter
1169 2191 1513 2253 antiquissimos
1550 2191 1769 2237 homines
1792 2189 1868 2235 vi·-

552 2279 673 2343 guit,
707 2289 962 2338 antequam
1010 2273 1057 2319 in
1118 2288 1316 2336 magnos
1364 2284 1518 2318 coetus
1560 2283 1606 2318 et
1653 2271 1868 2318 civitates

554 2362 768 2412 coirent;
806 2358 1027 2419 idemque
1052 2356 1173 2401 inter
1210 2371 1373 2401 omnes
1410 2355 1611 2418 populos
1645 2354 1870 2401 usitatum

553 2445 643 2494 effe
666 2445 822 2501 debet,
857 2443 939 2506 qui
964 2441 1056 2487 five
1093 2440 1239 2503 vagis,
1283 2439 1564 2486 Nomadum
1600 2453 1746 2493 more,
1776 2435 1871 2483 five

555 2529 696 2576 certis
741 2526 928 2574 sedibus
991 2536 1175 2572 utentes
1243 2523 1356 2570 dant
1405 2520 1633 2586 gregibus
1689 2518 1870 2566 alendis

556 2627 778 2676 operam:

607 2750 631 2772 ὅ
659 2748 752 2786 Vid.
790 2747 933 2786 Servius
976 2760 1031 2798 pr.
1063 2745 1179 2784 Com·
1297 2745 1320 2781 †
1342 2742 1533 2781 Athenaeus
1551 2739 1666 2785 XIV,
1682 2738 1868 2789 pag-619.

556 2809 669 2839 ment.
717 2801 857 2837 Aueior
894 2798 992 2836 Vitae
1025 2798 1179 2849 Virgilii
1246 2795 1405 2833 Diodor.
1434 2794 1507 2840 IV,
1535 2798 1596 2843 84.
1631 2791 1796 2829 AElianus
1818 2788 1872 2832 V,

559 2852 777 2890 Donatianae
793 2865 897 2889 C.21.
908 2850 1180 2889 Grammaticus
1247 2849 1302 2889 H.
1324 2848 1380 2893 X,
1401 2862 1414 2887 1
1425 2849 1461 2892 8,
1476 2845 1540 2885 ubi
1555 2845 1632 2884 vid.
1649 2843 1744 2886 Noto.

559 2904 709 2946 Graecus
726 2918 782 2957 pr.
801 2902 1008 2942 Theocriti.
1687 2906 1691 2909 “
1747 2902 1749 2904 ’

1825 2950 1875 2993 Et
