1987 3361
413 274 529 323 AR
554 273 601 320 G
625 273 674 319 U
696 272 756 319 M
779 272 821 318 E
842 271 892 318 N
917 271 962 318 T
986 272 1048 318 A.
1167 287 1397 321 ccxxxrrr

87 414 362 469 Ascanium,
398 411 563 457 frustra
586 424 612 453 a
635 419 770 468 tergo
793 405 1053 452 comitante
1080 403 1278 453 Creusa:

85 497 318 558 Ereptam
339 494 459 539 hanc
483 491 607 536 fato:
643 487 790 534 socios
815 486 863 533 in
887 497 1047 533 monte
1070 499 1300 549 receptos
1334 504 1402 550 30

636 603 831 634 TERTII.

86 678 195 725 Post
209 676 365 727 eversa
383 677 624 737 Phrygum
645 688 800 735 regna,
814 683 865 717 ut
884 671 996 735 fuga
1012 682 1174 734 coepta
1192 673 1397 720 moveri:

89 761 256 823 thue
273 759 329 805 fit
352 759 401 804 in
427 758 644 803 Thracen
668 755 829 818 primo
852 754 1071 801 devedtus
1092 774 1102 802 ε
1139 755 1302 820 ibique

19 839 22 842 ’
85 842 277 889 Moenia
293 840 574 896 condiderit,
610 838 830 900 Polydori
853 837 986 883 caede
1008 837 1152 901 piata.

84 923 231 986 Regis
254 935 298 969 et
321 921 608 985 hospitium:
644 933 696 968 ut
716 920 889 967 Phoebi
914 919 1130 982 responsa
1152 921 1401 981 canebant,

85 1007 471 1069 Coeptumiterin
484 1008 676 1054 Cretam
692 1025 702 1052 ε
720 1005 877 1052 rursus
891 1021 1012 1051 nova
1024 1004 1116 1051 fata
1127 1018 1324 1068 reperta.
1337 1020 1395 1070 35

82 1088 352 1154 Naufragus
362 1102 414 1136 ut
429 1090 567 1137 fuerit
578 1087 863 1151 Strophadas
878 1086 1148 1149 compulsus
1161 1086 1219 1134 ad
1234 1087 1400 1136 undas.

82 1170 201 1218 Inde
217 1172 401 1234 fugam,
433 1183 481 1217 et
504 1171 621 1217 dirae
639 1181 820 1215 enarrat
835 1183 1076 1231 praecepta
1093 1169 1341 1220 Celaenus:

84 1251 302 1315 Liquerit
323 1265 468 1315 utque
490 1252 734 1300 Helenum
756 1249 1007 1313 praeceptis
1026 1252 1188 1299 ordine
1212 1253 1338 1313 fatis,

82 1335 363 1399 Supplicem
419 1334 797 1384 Achaemeniden
853 1333 1151 1397 POIyphemo
1200 1351 1401 1402 urgente

279 1432 478 1483 recepit,

86 1501 418 1566 Amissumque
453 1515 639 1567 patrem
677 1503 906 1566 Drepani,
955 1516 1098 1568 atque
1139 1504 1252 1551 hinc
1288 1506 1402 1554 inde

280 1586 481 1648 quievit.
1335 1606 1400 1651 40

629 1702 844 1744 QJARTI.

81 1770 149 1817 At
173 1769 336 1833 regina
350 1772 485 1834 gravi
509 1771 705 1819 Veneris
722 1772 826 1836 jam
849 1774 1060 1837 carpitur
1083 1776 1202 1840 igni.

83 1851 355 1898 Consulitur
374 1853 502 1899 soror
522 1854 680 1899 Anna:
718 1855 872 1916 'placet
896 1856 1202 1906 succumbere
1218 1861 1392 1908 amori:

80 1933 225 1981 Fiunt
248 1934 372 1981 sacra
390 1935 487 1981 deis
507 1953 517 1981 :
552 1947 806 1982 onerantur
825 1938 1021 1985 numina
1044 1939 1194 1987 donis.

79 2015 183 2062 Itur
203 2028 443 2065 venatum.
515 2017 707 2064 Veneris
732 2018 857 2064 clam
882 2017 1061 2068 foedera
1072 2021 1301 2087 jungunt.

81 2095 211 2143 Faffl
227 2097 353 2144 fama
369 2099 512 2145 volat.
550 2099 769 2146 Monitus
789 2113 899 2147 tunc
915 2104 1111 2150 numine
1131 2106 1299 2154 divum
1329 2124 1390 2175 45

78 2177 252 2225 AEneas
273 2181 558 2244 classemque
583 2183 711 2245 fugae
735 2183 974 2247 sociosque
995 2188 1205 2249 parabat.

80 2261 229 2308 Senfit
247 2279 409 2310 amans
430 2264 574 2321 Dido,
608 2265 828 2328 precibus
849 2279 1015 2315 conata
1036 2274 1226 2320 morari.

79 2342 334 2407 Postquam
359 2347 453 2393 fata
468 2347 656 2411 jubent,
681 2365 766 2396 nec
784 2349 890 2412 jam
911 2350 1051 2398 datur
1070 2355 1165 2402 ulla
1181 2356 1395 2422 facultas,

83 2425 461 2491 Conscenditque
481 2446 664 2492 pyram,
698 2432 912 2495 dixitque
936 2435 1180 2485 noviffima
1204 2442 1362 2501 verba,

81 2509 147 2575 Et
171 2510 322 2557 vitam
345 2512 510 2577 infelix
536 2516 690 2562 multo
714 2531 826 2562 cum
849 2515 1075 2580 sanguine
1099 2520 1238 2573 fudit.
1330 2541 1392 2591 50

629 2623 841 2673 QJINTL

81 2691 292 2757 Navigat
316 2695 486 2743 AEneas
507 2716 517 2743 ε
554 2697 731 2745 Siculas
755 2701 961 2748 defertur
982 2702 1040 2748 ad
1064 2719 1180 2750 oras.

83 2773 182 2822 Hic
197 2793 355 2824 manes
371 2779 576 2826 celebrat
597 2782 797 2842 patrios:
833 2799 923 2829 una
947 2783 1115 2847 hospes
1140 2786 1348 2845 Acestes,

82 2853 243 2922 Ludos
264 2860 321 2906 ad
341 2863 580 2910 tumulum
604 2862 807 2912 faciunt:
845 2866 1102 2914 certamina
1124 2881 1326 2930 ponunt.

1113 2949 1389 3017 Prodigium
