1821 3381
336 302 441 352 „444
523 281 578 328 P.
629 279 1009 329 VIRGILII
1075 280 1468 328 MARONIS

340 415 672 465 Armentarius
695 412 814 460 Afer
834 411 947 475 agit,
969 411 1259 474 tediumque,
1282 411 1566 478 Laremque,

340 510 599 572 Armaque,
645 503 1046 567 Amyclaeumque
1101 519 1287 560 canem,
1347 505 1657 570 Cressamque

535 597 824 659 pharetram.
1564 609 1657 659 345

339 692 459 740 Non
482 687 610 735 secus
634 702 687 733 ac
712 685 876 748 patriis
901 700 1006 731 acer
1026 682 1269 730 Romanus
1298 686 1346 731 in
1371 684 1517 732 armis

338 782 519 847 Injusto
541 780 626 827 sub
651 777 770 825 fasce
791 777 919 824 viam
942 793 1093 849 quum
1116 776 1285 839 carpit,
1309 789 1356 825 et
1378 777 1497 825 hosti

338 876 470 929 Ante
492 871 814 935 exspectatum
835 869 999 934 pofitis
1021 871 1108 918 stat
1140 870 1188 917 in
1211 871 1404 934 agmine
1420 871 1596 919 castris.

386 1047 464 1078 344.
488 1039 692 1070 Armentarnus
707 1037 821 1083 fragm.
838 1036 943 1069 Vatic.
960 1047 978 1067 a
994 1046 1038 1068 m.
1053 1036 1112 1068 sec.
1157 1036 1325 1078 laboremque
1339 1037 1518 1074 Romanus,
1538 1033 1662 1067 librarii

342 1089 479 1132 stupore.
571 1099 643 1129 345.
671 1089 845 1132 Crtffzmque
860 1090 992 1130 Menag.
1008 1087 1061 1119 alt.
1101 1088 1317 1130 pharetramque
1338 1087 1386 1119 ed.
1406 1089 1497 1130 Junt.
1586 1084 1661 1125 346.

343 1142 518 1183 Haudsccus
537 1140 699 1184 Qintstil.
717 1142 778 1179 IX,
804 1150 835 1180 3.
879 1141 1027 1182 Necftcus
1044 1139 1145 1170 Goth.
1171 1139 1393 1178 sec.—-—347.
1416 1140 1507 1170 Inulto
1518 1139 1573 1179 sub
1581 1139 1664 1179 fasce

343 1193 462 1236 fragm.
480 1193 585 1225 Vatic.
629 1204 708 1234 quom
733 1193 830 1223 Rom.
856 1199 888 1223 et
913 1191 1031 1234 fragm.
1055 1191 1158 1223 Vatic.
1204 1193 1266 1221 dum
1287 1190 1412 1222 Nonius
1436 1188 1607 1221 Marcellus
1628 1188 1663 1220 in

335 1248 430 1288 jbstes
447 1252 478 1276 et
496 1247 618 1276 Donat.
642 1244 675 1275 in
701 1244 836 1275 Terent.
860 1243 963 1274 Andr.
980 1245 1005 1281 I,
1033 1253 1061 1281 1,
1083 1252 1114 1285 9.
1161 1243 1262 1273 Porro
1288 1249 1313 1272 et
1337 1243 1431 1285 htstem
1450 1240 1568 1272 Medic.
1584 1251 1602 1271 a
1617 1249 1664 1271 m.

341 1307 393 1340 pr.
409 1307 482 1328 cum
498 1295 568 1326 aliis
584 1294 746 1326 nonnullis
761 1294 898 1332 Heinfii,
921 1295 1057 1337 Regius,
1080 1293 1178 1325 Goth.
1206 1294 1264 1324 sec.
1294 1292 1375 1331 Erf„
1396 1293 1476 1323 item
1503 1291 1572 1322 cod.
1602 1293 1662 1322 Fa-

340 1347 435 1380 bricii
452 1346 619 1377 Chemnic.
638 1353 669 1376 et
684 1345 816 1387 Vegetii
831 1352 909 1376 vett.
926 1345 997 1377 edd.
1016 1346 1042 1383 Ι,
1060 1353 1113 1386 19,
1135 1344 1198 1375 duo
1211 1350 1291 1374 vett.
1306 1343 1380 1374 libri
1396 1343 1480 1385 apud
1492 1342 1636 1374 Pierium
1653 1352 1664 1374 z

338 1399 395 1432 sed
409 1408 588 1440 perperam.
631 1398 666 1427 In
684 1397 814 1438 Vegetii
833 1396 924 1427 codd.
947 1406 1044 1437 porro
1062 1395 1105 1426 est
1130 1396 1206 1438 hqstis
1222 1395 1403 1437 erspcc‘t'atus,
1425 1400 1457 1423 et
1479 1394 1570 1436 hqstes.
1594 1393 1662 1425 vid.
1716 1404 1718 1407 ·

344 1452 444 1485 Misc.
459 1449 545 1481 Obss.
556 1449 629 1482 Vol.
648 1450 720 1487 VII,
744 1460 779 1491 p.
799 1457 874 1490 139.
917 1449 982 1491 hrsti
998 1448 1096 1479 etiam
1108 1449 1205 1478 Rom.
1223 1453 1255 1477 et
1271 1445 1388 1487 fragm.
1404 1445 1508 1476 Vatic.
1521 1452 1665 1479 tuentur.

343 1502 506 1542 ..---348.
516 1503 579 1545 stat
602 1502 711 1542 agmine
737 1500 801 1531 fine
828 1503 857 1530 in
883 1501 1060 1531 Romanus.
1096 1499 1159 1542 stat
1182 1500 1211 1528 in
1235 1499 1326 1527 ordine
1346 1496 1460 1528 recitat
1492 1496 1666 1528 Arusianus

344 1555 476 1590 'Mcffius
486 1551 742 1584 Grammaticus.
790 1553 832 1582 Et
848 1551 887 1582 fic
903 1551 996 1582 Leid.
1013 1559 1044 1582 et
1061 1559 1174 1590 margo
1190 1546 1299 1578 Periz.
1314 1557 1365 1589 ap.
1377 1547 1562 1589 Vegetium‚
1580 1547 1668 1591 quod

343 1605 491 1655 placebat
505 1604 588 1638 Viro
606 1602 702 1636 doeio
716 1602 750 1633 in
767 1600 863 1632 Misc.
882 1599 968 1633 obfl‘.
984 1598 1045 1632 1.1.

344 1745 433 1784 344.
459 1731 602 1769 Locum
619 1730 715 1766 hunc
733 1727 896 1765 imitatus
915 1726 972 1764 Si-
1022 1726 1093 1776 sub
1115 1728 1229 1777 fasce,
1277 1736 1411 1775 magno
1459 1737 1581 1767 onere,
1625 1731 1668 1760 ut

345 1786 418 1824 lius
435 1784 489 1828 H,
504 1795 722 1833 441—445.
742 1779 887 1816 Habuit
906 1779 973 1816 eti-
1036 1779 1137 1816 Serv.
1153 1780 1227 1828 jam
1262 1776 1455 1827 explicuit,
1487 1776 1588 1814 conf.
1619 1776 1668 1813 acl

346 1852 407 1875 am
434 1845 516 1874 ante
540 1835 666 1872 oculos
684 1832 810 1870 Valet.
848 1829 972 1869 Flacc.
1038 1831 1180 1881 Georg.
1199 1829 1233 1874 Ι,
1257 1842 1341 1879 119.
1360 1829 1424 1866 ubi
1439 1831 1576 1879 irqiusta‚
1602 1833 1668 1864 ini-

343 1889 419 1934 VI,
441 1899 659 1938 324—339,
690 1892 730 1922 ut
756 1884 832 1934 jam
862 1892 968 1920 nota-

343 1952 422 1980 tum
453 1939 550 1991 apud
578 1939 700 1975 Burm.
756 1948 842 1986 345.
871 1934 973 1985 Amy-

345 1994 464 2033 claeum
486 1991 577 2041 (sup.
610 2003 646 2026 V.
683 1987 750 2039 89)
783 2002 910 2031 canem,
938 1995 974 2024 et

344 2046 511 2096 Crffzm,
542 2042 569 2080 s.
604 2039 804 2082 Creticam,
847 2038 975 2087 phare-

342 2109 448 2141 tram,
490 2109 511 2133 a
561 2091 800 2145 praestantiore
846 2102 976 2140 genere

346 2149 440 2199 (vid.
459 2147 505 2184 ad
522 2161 556 2185 v.
579 2147 668 2194 312)
690 2143 867 2180 nominat.
909 2141 974 2178 Li-

344 2210 403 2240 cet
419 2197 539 2250 po'etis
565 2194 741 2246 ejusmodi
767 2204 977 2232 ornamenta

344 2262 502 2303 captare.
541 2249 672 2287 Horat.
691 2248 768 2285 Non
785 2257 857 2297 eget
869 2246 977 2284 Mau-

345 2302 542 2357 rl'sjczczclis.
581 2299 631 2338 cf.
647 2299 800 2337 eundem
821 2298 894 2342 ΠΙ,
915 2310 976 2348 19,

345 2359 385 2394 8.
454 2353 528 2398 ΙΙΙ,
560 2352 624 2396 26,
663 2365 722 2391 10.
787 2348 870 2386 Nifi
903 2348 975 2386 hoc

349 2407 448 2450 esset,
477 2406 523 2443 de
559 2403 731 2440 Nomade
760 2400 856 2438 Afro
890 2399 977 2438 talia

347 2456 542 2498 memorari
560 2468 633 2492 non
653 2455 802 2505 possent..

404 2514 492 2560 346.
507 2509 598 2546 Non
615 2506 714 2544 secus
731 2519 772 2542 ac
791 2505 977 2541 Romanus

348 2562 473 2600 omnia
492 2561 609 2598 secum
632 2557 723 2609 agit,
747 2569 830 2594 cum
861 2569 976 2593 arma-

347 2623 406 2652 tus
437 2611 588 2650 incedit.
657 2615 782 2660 patriis
795 2629 846 2636 —
859 2613 977 2652 armis,

349 2665 503 2716 pulchro
532 2662 719 2714 epithet03
763 2658 862 2710 quod
910 2670 977 2710 pa-

348 2723 452 2754 triam
482 2722 660 2758 virtutem,
690 2712 910 2763 dg'sctplinam,
937 2710 976 2747 in

349 2769 514 2811 animum
531 2774 688 2807 revocat.
742 2776 829 2817 347.
851 2762 978 2816 Injzfio

1036 1898 1120 1935 qua,
1147 1881 1309 1932 improba,
1338 1881 1384 1917 de
1417 1880 1545 1917 iisdem
1572 1878 1668 1923 dici,

1038 1948 1117 1984 quae
1150 1932 1349 1970 immodica
1374 1931 1471 1974 sunt,
1494 1931 1668 1969 vidimus.

1040 1986 1113 2023 Res
1129 1986 1176 2021 est
1199 1994 1286 2021 nota
1303 1985 1349 2021 de
1366 1983 1535 2021 Romano
1552 1982 1670 2020 milite

1039 2038 1095 2075 vel
1123 2050 1169 2074 ex
1187 2036 1272 2074 Cic.
1290 2036 1401 2073 Tusc.
1433 2035 1509 2088 Q.
1528 2035 1582 2080 H,
1606 2034 1667 2078 16,

1041 2098 1077 2126 et
1107 2088 1273 2127 laudatur
1294 2087 1426 2138 Veget.
1446 2087 1479 2129 Ι,
1511 2099 1555 2137 19
1576 2088 1668 2124 Pon-

1041 2143 1101 2178 dus
1117 2156 1238 2193 quoque
1253 2139 1409 2191 bzy'ulare
1424 2143 1521 2190 lfsque
1536 2140 1588 2175 ad
1597 2138 1675 2176 LX

1038 2193 1161 2236 libras,
1190 2202 1222 2229 et
1250 2197 1314 2229 iter
1329 2195 1451 2242 facere
1466 2192 1580 2243 gradu
1606 2195 1669 2225 mi-

1039 2244 1141 2281 litari
1163 2253 1235 2280 etc.
1288 2241 1339 2280 cf.
1359 2242 1484 2294 Intpp.
1515 2241 1561 2278 ad
1590 2241 1668 2278 Ta·-

1040 2296 1108 2333 citi
1127 2296 1301 2332 German.
1337 2306 1397 2344 30.
1454 2297 1542 2343 348.
1576 2294 1668 2331 Ante

1039 2354 1247 2398 expediatum
1264 2345 1355 2396 hosti,
1381 2354 1572 2395 antequam
1585 2344 1669 2382 hos-

1040 2399 1088 2436 tis
1118 2399 1322 2450 expestaret
1357 2401 1408 2448 (v.
1442 2396 1601 2444 Burm.),
1627 2396 1669 2440 h.

1041 2451 1176 2495 subito,
1209 2458 1367 2501 repente,
1395 2448 1667 2499 ἆπξοσδοκῆτως.

1029 2505 1106 2554 stat
1136 2509 1171 2540 in
1203 2507 1349 2553 agmine,
1368 2501 1479 2538 adstat
1508 2500 1671 2552 agmine,

1043 2564 1083 2591 ut
1117 2556 1275 2597 incedere,
1307 2559 1368 2596 ire,
1387 2556 1497 2603 sequi,
1524 2558 1670 2603 agmine.

1043 2605 1243 2643 Ufitatiore
1277 2604 1388 2641 modo
1416 2603 1577 2641 diceres:
1606 2619 1671 2654 ag-

1042 2673 1116 2695 men
1129 2660 1216 2708 stat.
1270 2655 1419 2693 Scilicet
1449 2671 1567 2707 agmen
1593 2654 1670 2705 ipse

1040 2708 1237 2754 exercitus,
1254 2707 1342 2745 dum
1358 2707 1510 2745 incedit.
1558 2707 1670 2756 pofitis

1040 2763 1169 2817 castris,
1199 2760 1288 2799 dum
1323 2758 1460 2799 interea
1505 2757 1668 2847 celerifter

1556 2821 1599 2848 ca
1630 2821 1668 2849 ra
