1821 3381
454 359 570 408 AD
647 357 1159 406 BucoLICA,
1373 364 1459 423 185

156 494 216 532 ΙΙΙ
234 493 303 545 Ep.
328 508 341 532 1
365 504 400 531 et
422 507 480 532 ro.
535 493 637 530 Add.
659 492 782 530 Burm.
811 492 858 529 ad
885 491 1039 530 Anthol.
1060 492 1142 530 Lat.
1163 491 1237 530 To.
1261 492 1294 536 Ι,
1321 506 1357 543 p.
1379 506 1466 544 353.

156 553 265 590 Adeo
292 564 326 589 et
358 554 461 603 hujus
490 552 649 589 hominis
676 552 841 602 exemplo
872 552 1052 601 proposito
1085 562 1312 589 contemnere
1338 552 1468 602 aliquis

152 614 271 651 discat
290 614 447 651 nominis
466 613 598 650 famam
621 622 657 650 et
684 612 1016 650 immortalitatem:
1047 613 1084 649 in
1109 626 1178 664 qua
1201 624 1236 650 et
1266 614 1340 665 ipsa
1369 615 1468 651 casus

152 683 190 710 et
210 674 354 710 fortuna
373 683 507 723 regnat.

208 732 381 782 Contigit
404 744 522 769 tamen
550 732 644 769 inter
673 732 765 775 haec,
794 740 834 768 ut
862 732 989 776 multa,
1009 745 1087 781 quae
1111 731 1156 768 ad
1175 731 1278 769 Galli
1299 746 1350 770 res
1368 733 1466 784 spec-

155 799 248 834 tant,
293 792 492 829 accuratius
540 790 850 828 constituerentur.
939 791 1079 827 Contra
1114 804 1198 828 vero
1240 805 1304 829 nec
1350 793 1469 831 minus

154 851 227 888 alia
258 851 419 889 virorum
450 851 637 888 doftorum
673 850 824 900 argutiis
860 850 958 887 fuere
991 850 1168 901 impedita
1199 860 1236 888 et
1266 852 1468 897 obscurata,

153 911 264 948 etiam
296 911 332 947 in
367 911 426 956 iis,
453 924 532 961 quae
559 911 603 947 ad
635 909 837 960 Virgilium
868 910 1037 960 speciant.
1094 910 1152 947 De
1179 911 1294 948 amica
1314 914 1468 962 Lycoride

155 970 377 1020 disputatum
402 971 448 1007 est
476 970 514 1007 in
533 970 689 1020 Argum.
720 969 799 1006 Ecl.
829 968 879 1007 X.
933 969 1123 1021 Ingenium
1143 969 1244 1007 Galli
1264 980 1299 1006 et
1317 972 1468 1008 faculta-

155 1037 227 1065 tem
261 1029 443 1079 poeticam
474 1042 587 1080 pauca
616 1028 785 1065 testantur
814 1028 1031 1079 fragmenta,
1059 1043 1138 1079 quae
1167 1030 1375 1080 supersunt3
1404 1031 1468 1067 ad-

154 1087 292 1126 struunt
333 1099 450 1125 autem
497 1101 576 1126 eam
618 1097 777 1125 veterum
822 1088 1016 1138 praeconia,
1062 1089 1171 1139 inque
1206 1090 1262 1126 his
1298 1089 1468 1140 Virgilii.

155 1145 294 1184 Verum
329 1147 389 1184 hic
424 1161 496 1184 non
540 1157 612 1184 tam
649 1148 694 1183 ab
734 1146 929 1197 Elegorum
965 1147 1141 1184 felicitate
1176 1161 1257 1185 eum
1295 1148 1467 1191 celebrat,

153 1219 262 1255 ‚quam
295 1207 340 1244 ab
366 1207 511 1244 alterius
541 1206 680 1257 generis
710 1206 897 1243 carmine:
925 1208 1036 1243 altero
1061 1207 1142 1244 loco
1171 1206 1242 1251 VI,
1271 1221 1317 1259 72
1344 1210 1474 1259 Grynei

154 1273 291 1303 nemoris
323 1273 478 1318 orzginem
515 1275 765 1316 argumentum
801 1265 899 1303 illius
929 1266 1144 1303 constituisse
1175 1265 1322 1304 innuit:
1366 1281 1466 1312 nam,

153 1337 237 1363 cum
267 1326 418 1363 Gallum
448 1326 588 1363 summo
617 1326 752 1362 honore
781 1339 800 1361 a
826 1325 939 1363 Mufis
956 1335 1145 1376 acceptum
1164 1327 1328 1363 narrasset
1342 1327 1466 1369 Maro,

154 1384 291 1422 Linum
323 1386 373 1423 ait
399 1385 434 1422 ei
465 1386 613 1423 fistulam
647 1385 799 1423 Hesiodi
828 1385 1026 1435 praebuiffe,
1054 1385 1172 1422 verbis
1201 1385 1371 1435 adjec’tis:
1402 1388 1469 1424 His

159 1444 338 1493 (calamis)
376 1444 440 1481 tibi
471 1446 601 1495 Grynei
626 1450 762 1481 nemoris
796 1446 930 1481 dicatur
962 1447 1049 1495 01·ng
1065 1459 1077 1481 .·
1108 1444 1160 1480 Ne
1190 1450 1259 1494 quis
1277 1445 1331 1494 sit
1361 1445 1467 1489 lucus,

152 1519 214 1554 quo
230 1507 271 1554 fi
294 1505 371 1554 plus
394 1507 508 1555 jaHet
534 1503 662 1554 Apollo.
717 1504 844 1541 Altero
874 1504 957 1540 loco
983 1504 1063 1540 Ecl.
1098 1503 1152 1546 X,
1181 1516 1241 1553 50.
1272 1518 1312 1555 5¹
1338 1503 1468 1542 Gallus

153 1563 338 1613 loquitur:
367 1564 443 1608 Ibo,
473 1563 539 1607 ait,
574 1574 606 1600 et
647 1563 839 1600 Chalcidico
873 1579 948 1614 quae
970 1565 1056 1611 sunt
1090 1562 1175 1599 mihi
1202 1565 1332 1599 condita
1366 1567 1467 1613 versu

154 1623 338 1668 Carmina,
367 1625 504 1674 pqstort's
535 1622 641 1660 Siculi
668 1622 858 1660 modulabor
886 1639 1015 1660 avena.
1084 1621 1214 1658 Gallus
1247 1622 1337 1660 adeo
1369 1627 1469 1672 versu

154 1680 346 1718 Chalcidnv
378 1687 531 1719 carmina
563 1682 761 1718 condiderat.
834 1680 1080 1730 Euphorionis
1116 1679 1278 1717 carmina
1320 1681 1466 1732 respici,

153 1738 218 1788 qui
246 1739 493 1777 Chalcidensis
527 1753 572 1776 ex
607 1739 746 1776 Euboea
781 1740 866 1785 fuit,
894 1740 976 1776 satis
1008 1740 1203 1783 convenit3
1232 1740 1376 1790 ejusque
1407 1755 1468 1778 ne-

152 1799 240 1836 cesse
270 1800 316 1836 est
347 1809 409 1836 aut
440 1799 646 1836 transtuliffe
674 1812 819 1836 carmen
849 1799 998 1850 aliquod
1031 1800 1069 1836 in
1096 1800 1301 1836 Romanum
1338 1801 1469 1838 sermo-

154 1870 235 1895 nem
271 1859 437 1902 Gallum,
473 1868 536 1895 aut
589 1857 794 1895 imitatione
843 1859 1048 1909 expressisse.
1133 1857 1298 1895 Proclive
1339 1861 1386 1896 est
1421 1861 1467 1898 ad

153 1918 444 1967 conjectandum,
474 1917 586 1967 ipsum
612 1916 702 1954 illud
725 1930 868 1954 carmen
897 1918 942 1954 de
961 1917 1134 1968 Apolline
1153 1917 1305 1966 Gryneo
1323 1920 1469 1970 ejusque

153 1978 300 2015 oraculo
329 1978 432 2014 fuiffe
462 1978 567 2020 illud,
597 1978 693 2027 quod
724 1976 969 2028 Euphorionis
994 1987 1055 2014 aut
1074 1977 1154 2014 stilo
1173 1987 1234 2013 aut
1252 1991 1350 2016 more
1368 1993 1468 2016 com-

152 2036 318 2087 posuerat
354 2036 497 2075 Gallus‚
571 2035 756 2072 Hactenus
790 2037 1027 2073 consentanea
1063 2035 1160 2080 sunt,
1193 2049 1272 2085 quae
1305 2037 1468 2089 apposui.

153 2094 294 2132 Similia
310 2095 382 2132 illis
399 2095 505 2132 habet
524 2094 666 2132 Servius
683 2095 728 2132 ad
747 2095 827 2132 Ecl.
845 2095 916 2139 Vl,
937 2109 982 2144 72
1002 2104 1038 2132 et
1058 2095 1112 2139 X,
1135 2108 1197 2145 50.

206 2155 403 2192 Enimvero
434 2155 503 2192 viri
534 2154 633 2192 ducii
661 2154 863 2205 suspicione
892 2165 928 2191 et
955 2154 1166 2205 opinatione
1193 2155 1353 2204 adjecere
1372 2155 1469 2201 alia3

153 2214 226 2260 VI,
270 2217 331 2266 69.
377 2228 427 2265 70
464 2215 566 2265 Opus
601 2213 751 2264 aliquod
786 2213 1030 2264 Euphorionis
1083 2213 1255 2250 Hefiodei
1299 2214 1471 2252 carminis

153 2286 283 2323 genere
316 2273 488 2323 scriptum
518 2272 675 2323 respici;
711 2273 809 2310 Cum
842 2283 959 2310 autem
993 2272 1206 2324 Euphorion
1244 2272 1403 2310 Varroni
1430 2284 1467 2311 et

154 2333 368 2372 Columellae
390 2334 485 2372 inter
509 2334 696 2385 scriptores
716 2333 767 2370 rei
792 2334 928 2371 rusticae
951 2345 1171 2378 numeretur,
1199 2347 1341 2371 carmen
1361 2335 1469 2378 illud,

153 2394 251 2442 quod
273 2395 427 2443 Hcfiodus
444 2393 656 2444 inscriptum
676 2395 741 2430 effe
767 2394 946 2438 debuerit,
974 2404 1009 2431 et
1037 2395 1083 2431 est
1115 2408 1172 2445 ap.
1202 2394 1351 2430 Suidam
1377 2394 1470 2432 inter

154 2451 397 2502 Euphorionis
424 2452 553 2504 scripta
577 2454 737 2498 Ἡσίοδος,
766 2452 953 2503 Georgica
983 2453 1084 2490 fuisse
1118 2453 1274 2490 censent.
1330 2453 1469 2491 Verum

155 2525 238 2548 cum
258 2522 471 2563 argumento
497 2513 567 2549 hoc
595 2526 722 2562 parum
740 2511 958 2549 conveniunt
977 2513 1096 2550 versus
1116 2511 1264 2562 subjecti
1282 2525 1290 2547 :
1321 2514 1388 2550 His
1405 2513 1472 2550 tibi

156 2572 285 2619 Grynei
310 2578 444 2609 nemoris
472 2574 605 2609 dicatur
628 2579 715 2623 orzgo
743 2581 813 2608 etc.
869 2571 1080 2610 Videndum
1109 2572 1232 2622 itaque
1258 2572 1305 2608 est
1337 2572 1382 2608 de
1414 2571 1470 2608 his

154 2631 276 2680 paullo
293 2630 517 2682 diligentius.

207 2690 408 2739 Euphorion,
437 2690 613 2728 Chalcide
650 2689 812 2735 Euboeae,
850 2701 888 2728 ut
928 2690 1022 2735 dixi,
1054 2691 1243 2736 oriundus,
1289 2691 1469 2729 Antiochi

154 2746 216 2785 Μ.
251 2749 342 2799 regis
387 2750 500 2799 Syriae
547 2748 779 2787 bibliothecae
821 2750 1018 2800 praefeftus,
1062 2764 1192 2800 magna
1237 2750 1325 2787 olim
1376 2751 1471 2787 fama

157 2805 292 2846 floruit.
347 2808 405 2845 De
435 2822 478 2845 eo
509 2810 582 2859 post
611 2808 749 2846 Meurs.
779 2809 823 2846 ad
857 2809 1070 2846 Helladium
1093 2810 1206 2859 (Opp.
1226 2810 1298 2846 To.
1320 2809 1407 2855 VJ),
1435 2820 1471 2846 et

156 2864 257 2907 Voss.
277 2867 320 2905 de
339 2867 416 2918 hist.
445 2867 514 2907 Gr.
535 2869 568 2914 I,
601 2882 661 2920 17,
688 2869 786 2908 etde
810 2873 909 2920 poet.
928 2868 998 2907 Gr.
1027 2881 1061 2908 c.
1095 2873 1115 2908 8
1141 2882 1224 2908 cum
1243 2868 1397 2922 Casaub.
1425 2869 1471 2905 ad

1368 2928 1468 2966 Suet.
