1821 3381
269 275 846 354 <BU'COL1CA‚
916 293 1204 347 ECL.1.'

1350 317 1408 365 33

104 427 329 494 Respexit
350 442 525 486 tamen,
549 439 596 476 et
619 429 762 492 longo
782 428 887 491 post
911 439 1128 492 tempore
1152 431 1296 488 venit,
1347 448 1411 494 30

100 519 358 584 Postquam
379 537 462 567 nos
484 518 741 582 Amaryllis
764 518 921 575 habet,
947 517 1142 566 Galatea
1166 521 1376 585 reliquit.

90 609 337 676 ·Namque,
361 612 542 659 fatebor
563 612 705 666 enim,
727 609 845 656 dum
870 625 947 656 me
971 608 1168 657 Galatea
1191 613 1398 671 tenebat,

97 701 205 750 Nec
228 704 330 767 spes
353 704 583 751 libertatis
607 713 718 758 erat,
739 713 825 747 nec
849 715 959 746 cura
979 701 1167 762 peculi:

141 844 193 875 30.
218 836 256 866 R.
273 837 378 866 tandem
394 835 474 867 Cod.
492 835 603 866 Koler.
621 844 685 865 non
706 826 799 865 male.
846 833 907 864 Sed
923 839 1009 864 totus
1028 831 1136 863 versus
1151 840 1218 864 tam
1234 833 1340 866 scaber
1355 834 1414 874 est,

93 892 133 918 nt
148 888 201 918 vix
214 897 289 918 eum
303 899 322 919 a
335 889 430 930 poeta
443 887 625 930 profestum
639 887 691 919 sed
708 897 725 917 e
741 884 886 927 margine
901 884 1028 915 illatum
1042 883 1102 915 effe
1116 892 1239 927 putem.

96 994 169 1033 Sed
204 996 243 1034 in
277 996 383 1034 Italia
412 995 542 1042 villici,
572 1006 608 1035 et
636 996 718 1048 qui-

95 1060 249 1098 cumque
285 1048 324 1086 in
359 1049 454 1100 agris
484 1051 605 1094 effent,
645 1062 719 1086 non

92 1098 202 1136 facile
219 1100 289 1136 alia
307 1114 413 1150 quam
440 1101 562 1138 servili
588 1099 719 1137 condi-

81 1149 194 1187 ffione
211 1151 312 1188 fuiffe
330 1151 510 1189 videntur.
559 1151 636 1203 Qi
654 1152 719 1188 ho-

93 1201 208 1239 mines
224 1216 268 1239 an
287 1203 379 1239 rec'te
391 1203 428 1239 in
441 1203 627 1253 pastoritio
642 1211 719 1239 car-

93 1252 206 1298 mine,
253 1255 350 1303 quod
395 1254 548 1291 senfibus
591 1254 717 1291 nostris

90 1304 146 1342 nil
178 1317 412 1356 praeterquam
449 1305 717 1342 amoeniffimam

91 1369 271 1406 quamque
303 1366 339 1393 et
368 1357 598 1394 suavissimam
636 1356 719 1394 vitae

92 1408 230 1445 rusticae
260 1408 413 1459 speciem
447 1408 619 1445 exhibere
654 1408 716 1445 de-

92 1457 169 1502 bet,
188 1473 208 1496 a
226 1463 332 1510 poeta
350 1460 503 1498 excitari
519 1459 717 1511 potuerint,

92 1522 189 1548 nunc
208 1526 281 1548 non
299 1512 468 1563 disputo,
498 1512 571 1548 fieri
598 1522 718 1548 tamen

87 1562 248 1600 'debuisse
280 1575 353 1600 non
384 1563 574 1608 existin103
604 1564 662 1600 sed
691 1563 719 1600 ii

90 1612 268 1657 homines,
294 1615 317 1651 fi
344 1615 525 1665 peculium
550 1615 615 1651 fibi
641 1614 720 1652 satis

88 1679 262 1716 magnum
294 1668 479 1717 parassent,
506 1666 622 1716 pretio
648 1666 713 1703 do-

88 1717 198 1754 minis
234 1718 349 1755 soluto
385 1719 422 1755 in
449 1717 650 1755 libertatem
678 1718 713 1754 se

87 1767 274 1806 vindicare
294 1779 469 1820 poterant.
524 1769 625 1806 Nota
645 1782 712 1813 res,

87 1819 134 1857 de
170 1835 241 1871 qua
275 1834 380 1858 nemo
414 1821 520 1858 facile
554 1821 726 1862 dubitet„

87 1871 379 1910 Subministravit
387 1884 503 1910 tamen
513 1872 711 1909 virdoffiiss‘.

86 1924 335 1961 auetoritatem
380 1924 491 1975 Lipfii
534 1925 579 1961 ad
616 1924 709 1961 Tac.

86 1973 202 2018 XIV,
216 1989 280 2026 42.
327 1976 493 2014 Burman.
510 1977 554 2012 ad
567 1976 710 2014 Petron.

87 2036 151 2079 75,
182 2037 217 2064 et
248 2028 363 2066 Ovid.
396 2029 483 2065 Am.
518 2028 551 2071 Ι,
584 2032 619 2072 8,
646 2028 708 2076 63.

85 2080 184 2130 eonf-
215 2079 363 2130 Apulei.
392 2078 487 2117 Met.
506 2079 618 2122 VIII,
645 2093 708 2128 43.

86 2130 252 2181 Tityrus,
271 2132 334 2182 qui
352 2145 416 2183 per
430 2131 562 2169 multos
582 2144 708 2176 annos,

84 2181 172 2220 dum
190 2183 352 2221 Galateae
369 2183 483 2220 amori
500 2182 709 2228 indulserat,

81 2233 217 2286 peculii
233 2248 358 2286 parum
372 2235 583 2286 diligentem
599 2235 709 2272 ratio-

83 2299 165 2324 nem
179 2287 364 2331 habuerat,
375 2289 449 2337 jam
463 2286 566 2324 senex
581 2287 708 2330 satftus,

83 2350 166 2376 cum
184 2339 466 2387 Amaryllidem,
493 2352 571 2388 quae
588 2338 709 2389 fruga-

80 2387 154 2428 lior
185 2400 221 2427 et
255 2391 399 2440 parcior
428 2400 519 2434 erat,
555 2390 709 2426 amicam

81 2434 242 2484 haberet,
260 2452 299 2478 ut
312 2441 512 2478 libertatem
529 2441 594 2478 fibi
608 2455 708 2478 com-

81 2503 235 2544 pararet,
249 2492 404 2530 Romam
415 2493 461 2529 ad
472 2494 597 2530 herum
609 2494 708 2530 suum

80 2545 260 2596 profefflus
276 2545 338 2582 est.-
380 2544 463 2593 Jam
479 2545 524 2581 de
542 2545 710 2582 libertate

80 2596 246 2647 quidem,
270 2610 378 2646 quam
395 2597 617 2641 obtinuerat,
631 2598 706 2646 jam

81 2660 119 2693 y.
151 2651 213 2686 28.
244 2661 308 2699 29.-
343 2662 391 2697 30
423 2659 704 2694 memoraverat;

79 2698 292 2737 facilitatem
310 2709 428 2738 tamen
442 2699 520 2736 lieri
533 2709 568 2736 et
581 2700 625 2737 hu
633 2713 706 2737 ma-

80 2751 230 2789 nitatem
277 2752 470 2789 maximam
519 2765 705 2802 expertum

80 2803 148 2839 effe
175 2804 209 2839 se
235 2803 425 2853 signifieat,
454 2804 490 2840 in
509 2803 706 2854 primisque

81 2853 174 2893 illud
193 2854 383 2894 obtinuiffe
409 2855 476 2901 ait,
506 2869 541 2893 v.
571 2858 638 2906 46,
667 2865 706 2899 ut

77 2905 250 2958 ,„TqM.
282 2920 312 2946 1.

783 1003 863 1032 tuto
882 1006 923 1032 ac
941 994 1054 1032 libere
1077 1006 1203 1045 greges
1228 993 1308 1032 suos
1333 994 1412 1046 pas-

782 1060 863 1084 cere
898 1047 1022 1098 pOffet,
1054 1062 1130 1098 quae
1143 1051 1227 1096 stra
1251 1058 1361 1084 tamen
1379 1063 1411 1086 r.

782 1112 876 1148 quae‚
897 1099 957 1135 etsi
971 1098 1063 1143 sere,
1080 1109 1200 1135 tamen
1215 1098 1411 1148 aliquando

781 1150 874 1186 mihi
890 1149 1063 1200 contigit,
1091 1160 1131 1187 ut
1156 1164 1190 1187 v.
1213 1163 1260 1198 30
1279 1150 1411 1200 repeti-

781 1210 851 1238 tur.
922 1202 964 1238 In
1009 1202 1132 1239 Burm.
1178 1202 1408 1239 distincium:

782 1266 874 1302 quae,
893 1253 976 1299 scra
1005 1264 1131 1296 tamen,
1160 1269 1189 1289 r.
1248 1255 1412 1302 Respicere

783 1303 829 1339 de
856 1303 1053 1345 Libertate,
1087 1314 1126 1340 ut
1156 1305 1301 1353 proprie
1328 1306 1412 1341 For-

782 1364 866 1391 tuna
883 1357 1060 1404 rqspiciem.
1114 1355 1149 1390 A
1168 1355 1316 1391 deorum
1341 1355 1410 1406 fig-

784 1406 839 1442 nis
856 1407 947 1442 hanc
965 1405 1245 1456 designationem
1264 1406 1411 1445 duftam

783 1458 864 1500 effe,
891 1457 1071 1495 existimat
1101 1457 1274 1507 Spencius
1305 1457 1412 1508 Poly.

784 1520 871 1546 met.
913 1523 950 1560 p.
1001 1522 1085 1560 155,
1128 1523 1234 1545 nimis
1268 1520 1409 1560 argute.

785 1562 900 1598 Pietas
933 1560 1059 1597 labores
1094 1561 1254 1598 humanos
1286 1566 1412 1611 refilspl'cit

786 1613 868 1649 AEn.
907 1611 959 1655 V,
997 1614 1084 1651 688.
1167 1625 1227 1660 30.
1257 1615 1413 1662 qupexit

778 1674 888 1701 tamen
904 1674 934 1701 et
948 1664 1040 1715 longo
1059 1666 1128 1714 past
1148 1675 1284 1713 tempore
1300 1673 1410 1705 vem't.

780 1715 932 1765 Singula
958 1717 1002 1752 ad
1030 1716 1286 1752 declarandum
1318 1727 1408 1754 tem-

779 1781 859 1818 pus,
894 1781 966 1818 quo
997 1767 1200 1804 libertatem
1232 1768 1408 1813 obtinuit,

779 1819 895 1855 valere
909 1819 1054 1856 debent,
1085 1819 1258 1869 Contigit
1271 1832 1406 1863 tamen,

779 1869 942 1918 inquam,
961 1870 1122 1913 libertas,
1143 1882 1178 1906 et
1199 1872 1312 1907 multo
1332 1872 1407 1921 post

780 1922 870 1958 mihi
888 1923 971 1959 data
988 1923 1049 1965 est,
1062 1925 1241 1974 pqstqumm
1269 1935 1313 1958 CX
1332 1937 1405 1973 quo

777 1982 954 2024 tempore,
981 1987 1001 2010 a
1020 1974 1173 2010 Galatea
1192 1975 1347 2017 tentans,
1367 1974 1407 2012 in

778 2024 1032 2075 Amaryllidis,
1046 2026 1223 2063 conservae
1233 2029 1354 2076 (quam
1370 2041 1407 2064 v.

780 2091 798 2125 3
828 2078 988 2114 carmine
1021 2078 1215 2122 recolebat,
1255 2088 1288 2114 et
1325 2091 1405 2128 quae

777 2142 931 2166 moerore
948 2129 1012 2165 suo
1036 2142 1081 2166 ex
1102 2129 1229 2177 Tityri
1246 2128 1406 2168 absentia

776 2194 934 2218 amorem
954 2180 1056 2217 suum
1075 2181 1250 2231 prodebat
1270 2181 1331 2218 vss.
1353 2196 1399 2233 37

774 2232 885 2283 sqq.),
913 2233 1153 2270 contubernio
1184 2232 1273 2270 sum.
1311 2232 1404 2285 longo

767 2286 838 2334 pest
867 2295 1018 2334 tempore,
1047 2294 1085 2320 ut
1116 2299 1151 2322 v.
1184 2284 1230 2322 68
1256 2284 1403 2323 iterum.

776 2337 835 2373 Sic
854 2345 946 2373 tanto
956 2339 1024 2386 post
1042 2335 1094 2372 G.
1114 2335 1188 2380 III,
1207 2337 1295 2387 476.
1336 2336 1404 2374 Fa-

773 2389 922 2425 tendum
940 2398 1073 2430 tamen,
1095 2387 1244 2424 inlidere
1262 2387 1318 2425 his
1337 2402 1401 2425 ne-

772 2439 847 2476 scio
865 2439 955 2489 quid
973 2438 1150 2476 invenusti
1166 2448 1202 2475 et
1219 2439 1372 2477 incomti
1387 2454 1398 2478 :

774 2491 824 2528 cf.
845 2491 894 2528 V.
922 2490 993 2536 L.;
1022 2504 1238 2541 quamquam
1270 2503 1304 2528 et
1331 2491 1402 2529 alia

774 2544 944 2580 nonnulla
962 2542 1002 2579 in
1021 2543 1088 2579 hoc
1106 2542 1223 2592 primo
1240 2544 1400 2580 carmine

771 2596 892 2645 paullo
906 2594 1063 2644 jejunius
1080 2594 1177 2630 dista
1190 2594 1304 2632 videri
1319 2595 1400 2645 pos-

772 2647 867 2684 sunt.
920 2646 1047 2682 Multo
1065 2658 1149 2683 vero
1173 2646 1287 2696 magis
1315 2647 1397 2684 infi-

771 2708 849 2736 ceta
867 2699 941 2735 haec
961 2697 1058 2741 sunt,
1084 2697 1108 2733 fi
1137 2711 1220 2734 cum
1238 2697 1317 2734 aliis
1334 2711 1399 2748 per

769 2750 915 2787 alteram
929 2749 1098 2791 amicam,
1115 2750 1320 2791 Mantuam,
1335 2761 1397 2798 per

769 2802 933 2845 alteram,
954 2800 1109 2839 Romam
1127 2800 1299 2838 declarari
1314 2813 1397 2846 pro-

769 2853 924 2893 nunties-

873 2904 907 2942 C
1168 2915 1229 2954 34.
1258 2902 1400 2955 Qam-
