1821 3381
657 683 1154 741 ECLOGA
1266 681 1362 733 III.

723 794 1298 848 PALAEMON.

598 1073 1424 1124 ARGUMENTUM.

362 1212 719 1305 DrsCEP-rAN‘r
748 1208 818 1245 hoc
842 1206 1002 1244 carmine
1026 1204 1172 1242 alternis
1197 1205 1353 1243 verfibus
1383 1208 1584 1256 (quaternos
1603 1205 1674 1246 inf.

492 1279 570 1317 Ecl.
586 1277 676 1315 VII.
694 1276 914 1324 videbimus)
944 1275 1018 1312 duo
1035 1275 1203 1325 pastores,
1221 1274 1405 1312 Damoetas
1422 1274 1676 1320 mercenarius,

360 1350 515 1401 AEgonis
543 1360 624 1385 oves
651 1344 809 1396 pascens,
844 1354 880 1380 et
912 1343 1096 1379 Menalcas
1112 1359 1122 1388 ;
1150 1343 1250 1393 cujus
1269 1343 1452 1385 carminis,
1478 1343 1677 1382 amoebaeum

359 1420 451 1457 illud
479 1417 629 1459 dicitur,
656 1428 697 1452 ea
728 1415 785 1451 lex
818 1414 880 1458 est,
911 1422 948 1449 ut
979 1412 1023 1457 is,
1053 1411 1117 1463 qui
1148 1411 1349 1462 respondet,
1376 1411 1503 1450 iisdem
1524 1412 1676 1451 versibus

360 1501 401 1524 ac
421 1485 574 1524 numeris
593 1495 652 1520 aut
672 1481 895 1520 contrarium
916 1490 976 1517 aut
996 1481 1109 1529 majus
1136 1490 1172 1517 et
1194 1479 1380 1531 pulchrius
1397 1480 1544 1531 aliquod
1563 1480 1677 1525 dicat,

360 1566 421 1593 aut
438 1556 509 1593 ulla
528 1555 599 1591 alia
615 1554 751 1591 ratione
771 1551 884 1589 simile
902 1551 992 1602 quid
1011 1549 1191 1601 subjiciat.
1246 1549 1378 1601 Neque
1394 1563 1439 1588 ex
1456 1551 1582 1590 eodem
1599 1566 1676 1589 om-

357 1623 423 1662 'nia
439 1634 651 1673 argumento
669 1622 802 1659 nccess'e
827 1621 874 1658 est
902 1621 968 1657 effe
993 1619 1122 1671 petita,
1141 1619 1202 1658 sed
1221 1633 1241 1656 a
1259 1619 1366 1657 variis
1385 1633 1425 1657 ac
1442 1619 1586 1657 diverfis
1601 1621 1678 1671 pla·

362 1711 406 1735 ne
427 1695 530 1732 rebus
548 1695 703 1732 arcessita
720 1710 729 1738 3
759 1693 860 1743 cujus
878 1692 1023 1743 quidem
1043 1690 1093 1729 rei
1113 1692 1203 1729 bene
1220 1704 1395 1729 memores
1411 1692 1476 1729 effe
1493 1692 1678 1741 debemus,

362 1781 407 1805 ne
422 1777 629 1818 argutemur
647 1765 686 1802 in
702 1763 948 1802 constituendo
966 1762 1220 1801 sententiarum
1238 1762 1410 1811 ordineet
1423 1775 1530 1800 nexu.
1557 1761 1678 1800 Etiam

363 1836 481 1873 nostro
500 1846 658 1885 tempore
676 1835 751 1884 ejus
767 1833 907 1884 generis
926 1832 1088 1869 carmina
1106 1832 1201 1883 apud
1221 1832 1331 1869 Italos
1350 1831 1388 1868 in
1405 1831 1519 1883 pretio
1536 1831 1679 1875 haberi,

363 1915 400 1943 et
430 1905 568 1942 laudari
599 1909 722 1955 po'e'tas
757 1906 1026 1955 Improvisatori,
1065 1903 1251 1954 Spencius,
1290 1903 1435 1953 Anglus
1468 1902 1681 1953 elegantifli-

365 1990 458 2020 mus,
482 1975 561 2013 Ecl.
582 1975 657 2011 VII
677 1988 731 2025 pr.
754 1974 909 2019 notavit,
936 1984 972 2011 et
990 1983 1076 2012 nota
1097 1987 1148 2011 res
1164 1974 1225 2013 est.
1279 1972 1432 2010 Occafio
1448 1972 1552 2022 hujus
1569 1981 1682 2009 certa-

366 2048 475 2086 minis
492 2060 617 2098 parum
636 2045 793 2084 feliciter
817 2058 837 2082 a
855 2045 1031 2083 conviciis
1053 2045 1186 2083 mutuis
1202 2056 1237 2082 et
1256 2044 1412 2096 probris,
1430 2044 1560 2095 quibus
1578 2043 1612 2081 se
1627 2043 1684 2080 in-

365 2117 481 2154 vicem
506 2116 687 2160 laceffunt,
710 2115 861 2166 petitur,
889 2115 927 2152 in
957 2115 1086 2166 quibus
1113 2128 1186 2151 non
1210 2114 1322 2151 modo
1346 2113 1481 2153 honesti
1502 2123 1537 2151 et
1559 2111 1685 2150 decori

367 2186 465 2223 nulla
484 2185 575 2222 ratio
595 2184 733 2229 habita,
761 2198 886 2221 verum
914 2197 959 2221 ne
989 2184 1029 2221 id
1061 2183 1223 2234 quidem,
1250 2182 1346 2233 quod
1366 2186 1480 2233 poetae
1499 2195 1629 2219 nomen
1648 2191 1685 2219 et

367 2263 531 2290 naturam
559 2253 685 2297 efficit,
714 2252 905 2303 speeiatum
936 2253 998 2297 est,
1026 2261 1065 2289 ut
1092 2265 1164 2289 non
1183 2251 1248 2289 nifi
1268 2262 1377 2302 gratae
1393 2261 1428 2288 et
1443 2251 1613 2301 jucundae
1630 2262 1686 2288 res

367 2323 634 2360 exhiberentur.
692 2322 774 2358 Nec
793 2322 944 2359 omnino
964 2321 1103 2366 inventi
1122 2333 1252 2371 magna
1277 2320 1353 2358 laus
1378 2322 1443 2357 effe
1458 2320 1584 2371 potest,
1612 2333 1685 2357 non

371 2391 483 2428 modo
513 2390 548 2427 in
582 2390 719 2427 summa
751 2389 942 2434 carminis3
971 2389 1017 2425 est
1050 2387 1146 2425 enim
1176 2387 1330 2438 petitum
1362 2398 1612 2437 argumentum
1640 2400 1686 2426 ex

371 2460 573 2496 Theocrito
590 2459 699 2509 Idyll.
719 2458 775 2494 IV
794 2468 828 2495 et
847 2458 882 2493 V
898 2475 907 2503 ;
936 2470 1056 2494 verum
1076 2466 1110 2493 et
1130 2456 1167 2494 in
1186 2457 1331 2507 fingulis
1342 2457 1496 2495 verfibus
1509 2458 1686 2508 pastorum

372 2529 436 2566 fibi
465 2527 754 2578 respondentium
772 2541 780 2564 :
811 2527 904 2564 nihil
933 2527 1028 2564 enim
1048 2527 1085 2564 in
1104 2526 1176 2564 illis
1193 2527 1255 2570 est,
1274 2528 1373 2577 quod
1391 2529 1544 2565 naturali
1562 2529 1687 2579 aliquo

370 2598 624 2636 sententiarum
653 2597 779 2635 ordine
805 2597 964 2634 xinstum
990 2595 1064 2633 vim
1088 2596 1132 2632 ad
1160 2596 1321 2632 animum
1340 2596 1482 2634 habeat.
1537 2597 1688 2648 Singula

371 2667 524 2705 disticha
541 2666 619 2703 sunt
639 2667 776 2716 &gula
794 2665 974 2709 carmina3
1004 2664 1118 2714 scopae
1146 2664 1280 2701 solutae.
1337 2663 1394 2701 De
1411 2674 1568 2714 tempore
1584 2665 1689 2714 hujus

371 2736 541 2774 carminis
560 2751 594 2775 v.
609 2736 697 2774 Vita
716 2737 851 2787 Virgil.
872 2750 901 2773 τι.
926 2750 1012 2787 711·
1031 2736 1080 2773 cf.
1099 2750 1184 2787 709.
1232 2734 1366 2786 Agitur
1384 2748 1436 2774 res
1453 2735 1545 2774 inter
1560 2735 1689 2787 pascua

372 2817 408 2848 et
424 2820 551 2859 greges
568 2820 631 2858 per
647 2820 751 2859 agros
768 2819 918 2859 gramen
936 2814 1130 2857 carpentes,
1147 2805 1195 2845 cf.
1215 2819 1249 2843 v.
1269 2819 1332 2858 55,
