1987 3361
393 254 652 312 NOVAE
698 257 1164 310 EDITIONIS.
1290 279 1445 315 XXIII

142 416 248 456 tem
296 400 367 453 ita
412 399 816 452 contaminatam
863 397 978 458 effe,
1020 411 1078 449 ut
1128 399 1218 451 vix
1264 398 1450 453 habeas

140 491 284 566 quod
309 490 535 564 sequare.
587 488 885 542 Persuasum
913 504 1084 542 tamen
1113 490 1202 542 fibi
1230 491 1454 545 habuere

137 583 320 656 paffim
347 584 443 636 viri
469 583 631 641 doeti,
673 580 891 653 priscam
921 581 1171 634 scribendi
1199 583 1452 635 rationem

137 675 363 726 revocari
389 672 528 744 poffe
554 686 638 724 aut
663 692 689 723 a
713 670 759 723 se
780 686 1070 723 revocatam
1093 671 1209 724 esse.
1273 674 1448 726 Etiam

138 765 262 816 Nic.
297 764 538 816 Heinsius
581 763 722 815 suam
760 764 982 835 Virgilio
1022 762 1452 836 orthographiam

134 852 421 907 restitutam
460 856 673 925 putabat
699 853 927 925 express'a
968 852 1217 924 scriptura
1256 857 1450 910 codicis

137 945 388 999 Medicei.
469 947 665 998 Verum
711 960 990 1017 antequam
1042 945 1092 996 id
1143 945 1447 1011 affirmares,

134 1034 429 1088 docendum
456 1051 582 1098 erat,
625 1036 757 1089 hanc
788 1037 1089 1108 scripturam
1133 1036 1230 1089 effe
1275 1060 1450 1093 veram

132 1126 274 1178 illam
304 1129 573 1199 antiquam
618 1129 982 1200 Virgilianam.
1064 1128 1179 1180 Nifi
1225 1131 1276 1182 id
1312 1131 1450 1185 fece-

131 1220 217 1278 ris,
257 1219 355 1272 hoc
384 1240 549 1272 unum
575 1221 880 1280 concessero,
921 1221 1015 1273 effe
1059 1221 1190 1274 hanc
1228 1223 1450 1297 scriptu..

131 1330 240 1364 ram
269 1312 379 1383 ejus
408 1314 524 1372 aevi,
557 1333 664 1384 quo
691 1313 857 1364 codex
887 1314 957 1365 est
983 1330 1219 1367 exaratus
1247 1342 1262 1376 ‚-
1303 1323 1450 1392 atqui

129 1400 229 1453 fuit
257 1402 387 1453 illud
417 1403 479 1454 ab
509 1403 774 1475 Augusteo
803 1402 990 1456 saeculo
1011 1407 1158 1458 valde
1186 1425 1447 1465 remotum

128 1506 180 1546 et
215 1495 395 1545 multis
424 1493 672 1546 sermonis
700 1497 838 1547 vitiis
860 1499 1293 1555 contaminatum.
1347 1506 1448 1557 Di-

128 1599 208 1637 eat
232 1585 444 1657 aliquis,
481 1584 833 1655 antiquiorem
876 1584 1054 1636 saltem
1085 1587 1338 1644 scribendi
1367 1615 1447 1647 ra-

128 1676 323 1727 tionem
349 1675 401 1725 in
449 1675 539 1725 illo
577 1675 753 1725 codice
797 1673 1043 1726 servatam
1081 1677 1197 1730 effe.
1276 1684 1447 1756 Atqui

126 1785 191 1818 ne
243 1764 342 1816 hoc
386 1764 604 1834 quidem
656 1763 772 1816 satis
827 1778 941 1817 tuto
992 1768 1256 1833 affirnies;
1320 1795 1444 1830 nam

127 1859 506 1929 Fragmentum
536 1857 867 1916 Vaticanum,
898 1860 1037 1930 quod
1066 1859 1168 1914 hoc
1196 1865 1445 1923 Mediceo

123 1957 389 2028 antiquius
426 1953 662 2014 habetur,
705 1956 970 2027 vulgarem
1018 1959 1246 2012 nostram
1286 1965 1444 2017 ratio-

123 2066 247 2101 nem
305 2045 537 2105 exhibet,
591 2047 865 2107 attrahere,
917 2049 1141 2118 illustris,
1183 2053 1438 2125 collapsus.

123 2140 398 2192 Romanus
420 2150 615 2198 autem,
642 2139 734 2210 qui
765 2137 872 2209 ipse
903 2140 1149 2193 Mediceo
1175 2145 1444 2217 antiquior

118 2230 212 2292 est,
243 2229 402 2282 modo
445 2228 546 2280 hoc
585 2229 743 2280 modo
777 2230 905 2282 illud
938 2229 1187 2303 sequitur.
1251 2238 1439 2306 Qid?

120 2321 266 2394 quod
316 2340 378 2372 ne
417 2320 523 2392 ipse
567 2321 784 2392 quidem
825 2323 1100 2377 Mediceus
1153 2341 1347 2385 certam
1390 2344 1438 2383 et

122 2412 440 2464 constantem
485 2414 736 2465 rationem
796 2413 975 2477 servat,
1020 2416 1102 2469 sed
1155 2419 1210 2477 in
1254 2421 1439 2476 eadem

120 2505 385 2557 interdum
416 2525 539 2557 voce
586 2506 745 2558 modo
785 2507 850 2558 ad
889 2507 988 2561 hoc
1028 2513 1190 2564 modo
1215 2515 1278 2567 ad
1307 2517 1436 2570 illud

119 2596 316 2648 aberrat
339 2601 358 2649 ?
401 2597 524 2650 Plus
550 2597 760 2660 efficiaS,
793 2599 827 2654 fi
854 2602 1105 2656 rationem
1131 2620 1321 2660 certam
1345 2610 1438 2662 ad-

118 2684 297 2738 hibeas
350 2700 401 2739 et
450 2687 589 2740 hunc
637 2691 690 2742 in
741 2691 962 2744 modum
1013 2701 1430 2767 argumenteris:

119 2778 468 2852 antiquiorem
505 2782 757 2839 rationem
792 2782 929 2837 haud
974 2785 1128 2840 dubie
1163 2788 1312 2843 fuiffe
1338 2792 1436 2844 du-

1245 2901 1433 2935 norem
