1987 3361
436 263 1112 334 EDITIONIBUS.
1275 299 1421 334 xcvn

708 431 721 455 1
755 431 818 456 00.

167 479 211 516 V.
247 493 317 516 cum
359 478 611 516 Commentariix
644 431 794 529 quinq5ue.
834 475 1001 513 Veneriis
1048 492 1072 513 α
1103 475 1303 514 Lucantonz'o
1349 475 1424 513 Flo-

108 545 236 576 rentino
260 553 345 576 anno
361 540 483 576 domini
497 538 575 574 MC
578 539 608 574 C
611 538 642 573 C
645 537 677 572 C
680 537 712 573 C
715 564 726 574 .
742 538 794 573 die
817 536 972 573 XXVII
995 535 1135 587 Augzsti
1147 551 1217 573 cum
1228 535 1424 587 privilegio.

1261 594 1290 631 f.
1313 607 1425 645 1500.

166 653 285 692 Totus
317 654 410 692 liber
437 653 483 691 ad
515 651 680 697 verbum,
723 660 760 690 et
792 666 875 690 curn
908 652 984 704 ipso
1015 652 1141 697 titulo,
1168 654 1342 704 expressus
1376 665 1424 690 ex

114 711 287 751 Pinciana
318 726 428 764 1495·
491 713 660 749 Servatur
692 712 897 763 exemplum
926 712 965 748 in
991 725 1028 749 re
1053 713 1201 749 libraria
1230 711 1426 762 Gymnafii

111 771 383 816 Arnstadienfis,
411 771 507 808 unde
536 770 818 820 descriptionem
849 769 1120 820 diligentiorem
1157 783 1295 807 mecum
1324 783 1425 807 com·

111 831 312 868 manicavit
340 829 556 873 Lindnerus,
584 828 641 865 vir
663 829 800 866 doffiff.
831 828 1020 879 Gymnafii
1043 829 1186 867 Rec‘tor.
1240 830 1425 867 Lucanto-

111 888 192 926 nius
207 889 313 926 debet
330 888 395 926 effe
414 888 530 925 Lucas
549 887 734 925 Antonius
751 888 878 936 juata,
907 901 927 924 a
949 901 1021 938 quo
1046 887 1222 925 editiones
1252 902 1334 925 cum
1362 901 1425 926 va-

111 945 248 984 riorum
267 946 540 984 commentariis
563 958 658 996 1519
688 955 724 983 et
751 946 848 997 seqq.
874 945 976 984 annis
1006 945 1146 997 aliquot
1165 947 1328 984 Venetiis
1344 947 1426 985 sunt

109 1005 258 1044 excusae.

161 1066 207 1102 P.
225 1066 267 1102 V.
280 1064 338 1103 M.
360 1064 514 1103 Bucolica
531 1075 563 1102 et
580 1064 740 1116 Georgica
755 1081 825 1103 cum
846 1066 878 1101 C
879 1074 1026 1103 omment.
1042 1065 1158 1102 Servii
1171 1076 1202 1103 et
1217 1066 1301 1115 Jod.
1326 1068 1432 1104 Badis

109 1124 263 1175 Astergfii.
291 1125 447 1163 Lutetiae
465 1125 619 1175 Jolmnn.
639 1127 731 1163 Petit
1258 1127 1286 1165 f.
1312 1140 1424 1179 1500.

160 1187 207 1223 P.
243 1187 287 1223 V.
323 1187 380 1224 M.
413 1187 530 1223 AEneis
547 1201 618 1222 cum
637 1186 757 1223 Ser-vii
773 1187 953 1224 Comment.
984 1185 1079 1222 Phil.
1097 1186 1256 1224 Beroaldi
1271 1199 1425 1227 annotat.

107 1244 295 1282 ——Donati
305 1246 436 1282 enodat.
473 1245 556 1294 Jod.
594 1246 700 1282 Badis·
714 1246 860 1296 Astf'fil'
870 1245 1082 1283 elucidatione
1098 1256 1196 1296 atque
1212 1248 1333 1283 ordinis
1351 1263 1425 1284 con-

107 1313 275 1341 textu—a
304 1301 524 1342 Thielmanno
547 1303 690 1342 Kerver
716 1307 909 1355 τονηρνςβῖι.Δ
956 1305 990 1340 V
988 1306 1202 1343 emcndantur
1230 1304 1371 1343 Parifiis
1401 1321 1427 1344 a

107 1363 248 1413 Joanne
266 1365 387 1401 Parvo
1260 1363 1288 1402 f.
1312 1377 1424 1415 1500.

161 1420 252 1460 Vid.
288 1421 416 1459 Maitt.
450 1433 488 1470 p.
521 1433 612 1472 713,
655 1420 719 1459 ubi
750 1420 941 1471 inscriptio
980 1421 1067 1459 libri
1097 1422 1332 1460 verbofiffima
1362 1435 1425 1460 ex-

107 1479 215 1528 preffa
233 1480 292 1518 est.
348 1479 602 1516 Bucolicorum
628 1478 826 1517 editionem
854 1493 927 1517 non
954 1490 1146 1523 memorat,
1173 1493 1280 1530 quam
1299 1481 1425 1519 AEneis

107 1534 253 1587 sequuta
279 1538 340 1577 est.
394 1538 507 1574 Anno
529 1536 692 1587 sequenti
718 1537 828 1575 etiam
854 1538 964 1576 Culex
987 1555 1059 1576 cum
1086 1539 1217 1590 reliquis
1247 1541 1426 1578 Pob'matffl·

107 1596 206 1644 prelo
232 1596 359 1633 eodem
389 1594 496 1639 exiit,
523 1604 630 1645 atque
663 1595 738 1632 haec
769 1597 817 1633 est
841 1603 958 1645 prima
985 1597 1201 1648 Ascerfiana‚
1229 1601 1336 1648 quarn
1368 1607 1424 1636 tot

106 1652 186 1691 aliae
203 1654 359 1704 sequutae
375 1653 468 1690 sunt.
500 1654 670 1703 Universa
691 1654 828 1707 Virgilii
842 1661 994 1692 carmina
1011 1656 1110 1707 hujus
1122 1663 1208 1694 anni
1227 1673 1298 1694 cum
1323 1658 1356 1693 C
1356 1674 1423 1695 om-

107 1723 208 1751 ment.
238 1714 358 1750 Servii
370 1713 465 1762 apud
477 1712 538 1760 Jo.
571 1712 730 1751 Par-vum
754 1724 786 1750 et
804 1713 866 1762 Jo.
887 1715 926 1750 de
945 1714 1168 1762 Corfiuentia,
1185 1715 1368 1754 Orlandus
1381 1730 1421 1768 p.

106 1772 159 1822 96
176 1780 362 1808 memorat.

157 1832 205 1869 P.
243 1832 283 1869 V.
319 1831 377 1868 M.
416 1830 533 1881 Opera
563 1830 641 1868 Nic.
674 1829 848 1879 Erythraei
861 1841 959 1881 opera
978 1834 1127 1883 rcstituta
1142 1834 1266 1872 additis
1283 1836 1423 1886 cjzgsdem

90 1889 238 1940 scholiis.
272 1894 306 1930 8.
345 1903 441 1941 1500
464 1900 530 1940 per
556 1890 590 1928 F
593 1905 684 1927 rane.
718 1891 977 1941 Rampazetum.
1032 1892 1261 1932 Memoratur
1279 1894 1317 1931 in
1336 1897 1422 1933 Cat.

103 1949 281 1988 Biblioth.
303 1949 351 1988 R.
382 1948 489 1986 Paris.
515 1961 553 1986 n.
575 1952 660 1987 818.
716 1948 810 1985 Esset
828 1950 902 1986 haec
921 1950 1043 1999 itaque
1055 1957 1170 2000 prima
1189 1953 1421 2002 Erythraeancz

103 2008 228 2059 saepius
245 2009 414 2059 deinceps
442 2008 606 2058 repetita,
633 2009 693 2045 sed
725 2022 798 2045 non
816 2009 882 2046 nifi
915 2009 1038 2047 medio
1057 2009 1134 2049 saec.
1167 2011 1267 2049 XVI
1289 2015 1299 2060 (
1309 2027 1350 2064 15
1358 2027 1420 2064 39.

110 2080 206 2120 1555
225 2069 304 2118 aL).
359 2067 539 2118 Erythraei
556 2067 744 2112 industria,
770 2067 880 2105 etiarn
914 2068 1032 2107 Henr.
1063 2069 1243 2120 Stephano
1260 2071 1298 2108 in
1318 2073 1420 2122 praef.

104 2126 288 2171 damnata,
314 2127 389 2165 fere
414 2127 509 2164 intra
531 2126 741 2164 subtilitates
759 2127 1012 2176 grammaticas
1030 2138 1065 2165 et
1082 2129 1277 2168 rhetoricas
1294 2130 1419 2169 substi-

104 2185 164 2223 tit.
216 2186 332 2224 Index
349 2187 451 2223 nullo
464 2186 569 2237 plane
585 2185 734 2224 confilio
754 2199 794 2222 ac
810 2185 954 2236 judicio
972 2186 1154 2224 confectus
1171 2190 1230 2226 est,

156 2244 238 2292 Jam
266 2246 336 2283 hoc
367 2258 462 2283 anno
493 2248 613 2284 Herm„
649 2243 842 2282 Torrentilzi
858 2246 1135 2284 Commentarium
1156 2247 1303 2287 Coloniae
1321 2249 1417 2301 typis

102 2304 273 2341 excusum
290 2304 407 2349 fuisse,
431 2305 528 2355 apud
547 2303 755 2342 Fabricium
774 2303 817 2341 B.
849 2303 895 2343 L.
928 2304 979 2342 T.
1012 2304 1047 2348 I,
1073 2319 1110 2356 p.
1133 2319 1204 2355 213
1226 2310 1419 2347 memorari

103 2362 226 2400 video.
261 2363 311 2400 cf.
347 2363 394 2400 ad
417 2376 530 2414 1494,
556 2373 592 2400 et
622 2363 809 2414 Georgica
841 2376 924 2401 cum
954 2363 1029 2414 ejus
1047 2363 1320 2406 Commentario
1338 2367 1418 2406 Da.

104 2422 250 2462 ventriae
264 2436 300 2461 v.
317 2421 394 2474 sup,
413 2423 459 2460 ad
474 2435 506 2461 e.
525 2436 560 2462 a.

155 2598 394 2650 Subjiciemus
412 2603 598 2641 nonnullas
612 2604 696 2643 edd.
727 2604 834 2655 hujus
851 2603 972 2642 saeculi
986 2602 1058 2641 fine
1074 2600 1245 2655 temporis
1262 2610 1324 2640 aut
1340 2602 1416 2640 loci

102 2658 287 2696 notatione
311 2659 477 2698 excusas:
507 2661 552 2700 de
582 2663 713 2713 quibus
741 2674 859 2701 tamen
877 2677 951 2701 non
981 2662 1054 2700 fine
1070 2662 1239 2700 cautione
1254 2673 1414 2713 pronun-

102 2716 191 2755 tiare
223 2717 310 2756 licet
319 2733 331 2764 ;
359 2720 651 2772 quandoquidem
679 2723 887 2774 plerumque
904 2732 1065 2760 extrema
1087 2721 1221 2774 pagina
1249 2730 1287 2760 et
1318 2720 1416 2758 indi-

99 2776 203 2815 cibus
219 2777 386 2815 destituta
401 2782 621 2834 exemplaria
636 2782 676 2821 in
694 2784 790 2822 hunc
805 2783 951 2823 censum
967 2783 1131 2822 veniunt.

151 2836 197 2875 P.
219 2838 261 2875 V.
277 2838 335 2876 M.
354 2839 468 2890 Opera
1145 2841 1212 2880 fol.
1233 2841 1259 2880 s.
1278 2842 1304 2880 1.
1323 2849 1359 2880 et
1377 2852 1411 2878 a.

203 2903 318 2943 ToM.
335 2903 369 2944 1.
831 2923 860 2963 g
1209 2908 1415 2947 Memorata
