1821 3381
323 292 384 343 66
506 292 559 341 Ρ.
617 286 989 338 VIRGILII

1057 279 1447 336 MARONIS

329 429 410 487 Et,
435 426 658 490 Longum
682 424 886 472 formose
908 424 1025 482 vale,
1048 424 1166 480 vale,
1195 423 1365 486 inquit,
1393 420 1527 468 Iolla.

848 528 1131 561 DAMOETAS.

331 606 486 654 Triste
507 607 643 668 lupus
668 604 874 661 stabulis,
898 604 1093 651 maturis
1119 603 1331 668 frugibus
1356 603 1545 659 imbres,
1577 604 1637 649 80

333 695 598 743 Arboribus
619 695 761 752 venti,
781 695 916 741 nobis
941 695 1249 757 Amaryllidis
1273 695 1374 742 irae⁴

857 801 1131 831 MENALCAS.

335 876 491 924 Dulce
511 874 616 923 satis
637 875 824 931 humor,
847 873 1049 937 depulfis
1072 874 1263 920 arbutus
1290 873 1458 932 haedis,

338 966 489 1015 Lenta
510 965 625 1014 salix
649 964 745 1011 feto
768 964 945 1027 pecori,
969 962 1086 1010 mihi
1110 962 1230 1010 solus
1254 964 1504 1025 Amyntas·

857 1069 1143 1101 DAMOETAS.

337 1146 495 1196 Pollio
515 1156 642 1193 amat
661 1143 881 1201 nostram,
903 1145 1120 1206 quamvis
1143 1143 1208 1191 est
1229 1143 1414 1202 rustica,
1431 1137 1647 1191 Musam:

383 1308 438 1342 80.
460 1310 545 1340 imber
555 1316 620 1340 tres
634 1306 748 1339 vetusti
765 1313 797 1338 et
813 1306 935 1342 Franc„
952 1304 1038 1346 quod
1054 1305 1163 1336 Burm.
1181 1303 1324 1347 praefert,
1345 1315 1445 1347 quum
1461 1316 1570 1337 omnes
1585 1304 1654 1337 fere

339 1361 436 1403 hujus
450 1361 556 1391 versus
569 1369 659 1390 voces
674 1359 707 1389 in
724 1357 848 1389 fibilum
861 1364 982 1388 exeant.

340 1419 409 1444 var.
424 1412 499 1444 leet.

1073 1356 1123 1388 81.
1149 1359 1336 1398 Amaryllidos
1356 1368 1437 1388 unus
1453 1360 1572 1388 Moret.
1593 1367 1654 1399 pro

592 1411 643 1448 84.
665 1412 791 1451 quamvis
807 1410 840 1452 st
856 1408 966 1439 Heins.
983 1419 998 1439 e
1012 1409 1107 1438 Rom.
1126 1407 1250 1449 suisque
1270 1408 1475 1440 melioribus:
1499 1409 1585 1451 quod
1600 1408 1657 1441 de-

342 1471 393 1497 cet
408 1465 548 1507 poetam.
592 1461 702 1504 Vulgo
711 1461 776 1503 fit:
799 1465 834 1491 ut
850 1457 1000 1502 pedestris
1013 1459 1095 1490 ratio
1107 1459 1254 1501 postulat.
1298 1457 1366 1490 Alii
1379 1466 1415 1490 et.

343 1596 407 1636 79.
436 1586 585 1635 Longum
601 1582 698 1627 vale,
716 1581 835 1631 μκκξοὶ
856 1583 973 1631 χαῒξε,

344 1638 480 1674 Claud.
498 1637 591 1686 Rap.
620 1634 718 1672 Pros.
741 1647 758 1671 2
766 1647 814 1683 34
832 1634 882 1670 Sis
905 1647 970 1669 me-

345 1704 429 1733 mor,
461 1704 490 1733 0,
524 1688 716 1739 longumque
749 1685 846 1724 vale.
893 1683 968 1720 vid.

346 1740 473 1778 Burm.
492 1747 527 1775 et
544 1738 678 1775 Cerda.

401 1796 463 1830 80.
507 1789 711 1826 Secundum
753 1785 975 1825 Theocritea

347 1842 411 1880 illa
423 1842 535 1891 Idyll.
548 1841 660 1885 VIII,
674 1854 718 1892 57
736 1840 811 1891 sqq.
842 1843 901 1877 82.
916 1839 971 1875 de-

342 1894 448 1946 pulsts
464 1894 584 1937 haedis,
601 1893 637 1930 h.
657 1906 677 1929 a
695 1893 784 1929 laete
812 1888 970 1928 remotis.

350 1946 434 1983 Ecl.
455 1945 547 1987 VII,
567 1958 625 1995 ¹5·
677 1943 829 1985 arbutus,
849 1941 887 1978 in
900 1941 973 1977 Ita-

349 1997 400 2035 lia
415 1997 520 2033 valde
536 1996 699 2046 frequens
723 2003 759 2031 et
784 1992 893 2031 obvia
919 2005 974 2042 ar-

351 2049 436 2092 bor,
462 2047 617 2084 fructum
641 2046 773 2083 habens
794 2043 906 2095 fragis
935 2044 975 2080 ss-

352 2100 492 2143 milem‚
531 2108 571 2135 ut
618 2097 821 2135 tenuiorum
863 2095 978 2132 vietus

352 2153 417 2188 effe
431 2151 546 2202 poffit.
559 2160 596 2187 v,
611 2148 762 2186 Martin.
782 2148 827 2184 ad
839 2148 978 2197 Georg.

354 2203 390 2246 I,
413 2205 498 2251 148.
552 2200 653 2239 Italis
670 2200 747 2237 dici
765 2199 877 2237 solent
902 2199 979 2236 Sor-

357 2254 426 2292 bole
437 2254 509 2305 pelo
525 2269 554 2295 e,
581 2262 617 2289 et
637 2252 764 2289 Romae
779 2254 882 2300 cerase
909 2267 980 2288 ma-

358 2312 441 2344 rine.
509 2304 666 2341 Frondes
695 2303 770 2352 ejus
812 2312 851 2339 ac
893 2301 981 2338 folia

359 2367 462 2408 grata
481 2356 640 2407 capellis,
658 2354 735 2391 vid.
752 2354 892 2404 Georg.
907 2352 982 2397 III,

361 2421 451 2459 300.
481 2408 612 2445 Horat.
632 2407 758 2443 Carm.
786 2406 820 2450 Ι,
857 2418 917 2456 17,
946 2419 983 2456 5,

361 2474 442 2510 quae
470 2459 596 2496 iisdem
644 2472 662 2494 a
692 2457 794 2494 laffis
835 2455 985 2492 materni

361 2510 537 2548 desiderio
566 2511 741 2547 levantur.
811 2507 987 2557 Calpurn.

365 2563 447 2600 Ecl.
484 2561 538 2604 II,
572 2576 617 2611 47
656 2576 763 2597 novas
796 2571 833 2596 ut
857 2571 989 2609 carpere

352 2615 493 2667 fmndes
524 2612 822 2662 Condgscant—-Ne
860 2611 991 2661 dapulsa

366 2682 473 2715 ‘vagos
508 2676 639 2715 quaerat
663 2668 789 2715 fetura
817 2674 989 2712 parentes·

369 2717 471 2756 Salix
486 2717 564 2753 vid.
585 2716 665 2753 Ecl.
686 2714 720 2759 I,
737 2728 797 2765 79.

425 2771 487 2816 84.
513 2767 617 2805 Pollio
642 2765 758 2816 gratia
787 2765 881 2816 apud
912 2766 990 2802 Au-

371 2820 527 2878 gustum,
553 2817 713 2855 amicitia
731 2817 790 2855 M.
820 2817 991 2862 Antonii,

373 2871 536 2924 ingenio,
575 2869 764 2921 tragoediis
799 2867 994 2919 studiisque

1040 1578 1109 1616 suis
1141 1578 1179 1615 in
1214 1577 1418 1630 Virgilium
1440 1576 1658 1618 Horatium-

1040 1645 1109 1680 que
1126 1630 1333 1669 notiffimus.
1357 1631 1406 1668 cf.
1429 1631 1562 1669 Horat.
1581 1632 1658 1671 Od.

1037 1682 1089 1725 ΙΙ,
1121 1695 1156 1727 1,
1180 1691 1216 1719 et
1238 1682 1361 1719 Vitam
1388 1682 1542 1733 Virgilii
1559 1683 1607 1720 ad
1623 1696 1661 1732 aff

1038 1747 1125 1785 715.
1161 1732 1207 1770 Ei
1226 1734 1328 1778 alter,
1345 1744 1525 1785 tamquam
1539 1734 1661 1783 judici

1036 1786 1235 1822 carminum
1266 1784 1409 1822 suorum
1445 1782 1665 1836 intelligenti

1037 1846 1074 1873 et
1129 1837 1301 1887 eleganti,
1342 1834 1524 1880 vitulam„
1560 1839 1664 1882 alter,

1039 1898 1220 1938 tamquam
1239 1890 1353 1939 poe‘tae
1382 1888 1515 1933 nobili,
1538 1888 1665 1938 juven-

1041 1953 1124 1976 cum
1158 1940 1335 1978 decernit,
1388 1940 1478 1977 Non
1510 1953 1597 1977 vero
1625 1939 1665 1977 in

1042 1992 1214 2028 alterutro
1240 1992 1370 2029 horum
1395 2004 1581 2028 munerum
1606 2004 1666 2028 ar-

1043 2043 1260 2093 gutandum,
1289 2043 1349 2080 sed
1376 2055 1429 2080 res
1457 2042 1667 2093 simpliciter

1043 2095 1089 2131 ad
1117 2094 1280 2131 amoebaei
1313 2094 1483 2132 carminis
1507 2104 1671 2132 naturam

1045 2145 1224 2195 exigenda
1251 2147 1312 2190 est,
1341 2159 1438 2189 cum,
1466 2146 1565 2196 quod
1594 2146 1670 2196 pri-

1048 2211 1125 2235 mus
1156 2196 1335 2247 posuisset,
1374 2196 1476 2234 alteri
1518 2197 1671 2248 amplifie

1048 2248 1203 2285 eandum
1251 2259 1287 2286 et
1329 2249 1531 2299 augendum
1576 2249 1671 2286 effet.

1049 2301 1147 2337 Cum
1162 2300 1283 2350 itaque
1295 2299 1524 2351 illejudicem
1541 2300 1673 2337 carmi—

1050 2365 1136 2389 num
1167 2361 1203 2389 et
1224 2351 1375 2389 vitulam
1404 2350 1583 2402 posuisset,
1610 2352 1672 2389 hic

1052 2413 1196 2454 poetam
1223 2414 1258 2440 et
1285 2403 1480 2452 juvencum
1514 2415 1673 2440 comme-

1053 2466 1168 2492 morat
1204 2455 1425 2505 firnpliciter,
1466 2462 1504 2491 ut
1537 2455 1607 2491 hoc
1640 2461 1677 2492 et'

1047 2506 1184 2558 judicii
1202 2517 1237 2544 et
1254 2506 1390 2559 ingenii
1405 2504 1592 2556 praemium
1609 2506 1678 2544 effe

1054 2558 1195 2595 debeat.
1239 2554 1392 2609 Alioqui
1409 2558 1512 2594 Ruaei
1532 2570 1603 2594 non
1621 2556 1679 2594 ina

1054 2610 1197 2661 elegans
1226 2612 1430 2660 conjetlura
1455 2609 1517 2653 est,
1542 2609 1604 2659 qui
1633 2620 1680 2646 eo

1056 2662 1184 2712 respici
1203 2672 1319 2711 putat,
1335 2660 1431 2711 quod
1450 2659 1568 2697 Pollio
1581 2659 1679 2697 circa

1056 2713 1147 2750 illud
1194 2722 1331 2764 tempus
1381 2712 1448 2758 (U.
1495 2712 1544 2749 C.
1586 2713 1677 2762 715)

1055 2777 1101 2800 ex
1119 2764 1284 2813 illyrico,
1310 2763 1412 2800 viffis
1431 2761 1620 2806 Parthinis‚
1635 2757 1682 2799 ad

1058 2815 1283 2866 triumphum
1303 2814 1505 2852 habendum
1525 2813 1681 2850 Romam

1059 2867 1264 2913 decesserat,
1290 2880 1362 2919 quo
1395 2865 1487 2903 adeo
1523 2874 1685 2914 tempore

1452 2914 1689 2968 triumphalia
