1821 3381
326 315 418 375 473
525 309 577 356 P.
616 305 1016 357 VIRGILII
1073 302 1476 357 MARoNIS

330 449 400 496 At
420 446 592 510 liquidi
616 445 768 492 fontes
793 456 840 491 et
864 443 1022 508 stagna
1046 444 1246 491 virentia
1268 444 1434 491 musco

330 539 515 596 Adfint,
533 551 580 586 et
602 537 772 593 tenuis,
797 535 984 599 fugiens
1007 553 1091 601 per
1114 536 1346 600 gramina,
1369 537 1496 585 rivus

330 636 584 700 Palmaque
598 635 884 683 vestibulum
898 647 977 682 aut
992 634 1155 699 ingens
1174 634 1365 681 oleaster
1379 632 1644 680 inumbretss

328 732 416 787 Ut,
435 746 586 794 quum
609 728 767 792 prima
791 725 907 788 novi*
927 725 1103 772 ducent
1127 727 1346 773 examina
1370 742 1504 790 reges
1585 740 1640 774 21

331 827 454 874 Vere
476 826 572 883 su0‚
595 825 820 886 ludetque
846 821 963 868 favis
988 820 1149 868 emiffa
1163 819 1410 884 juventus,

330 918 502 967 Vicina
523 918 693 965 invitet
715 916 941 963 decedere
958 913 1061 977 ripa
1081 913 1253 967 calori;

325 1009 578 1072 Obviaque
598 1006 813 1070 hospitiis
837 1016 994 1052 teneat
1018 1003 1345 1051 frondentibus
1368 1002 1523 1051 arbos.

326 1107 384 1154 In
407 1106 640 1162 medium,
664 1104 740 1151 seu
765 1104 904 1150 stabit
929 1103 1064 1160 iners,
1088 1101 1163 1148 seu
1181 1103 1385 1164 profluet
1408 1102 1594 1157 humor,

1585 1189 1647 1240 26

327 1197 630 1245 Transversas
655 1195 816 1242 salices
842 1205 888 1240 et
911 1193 1112 1258 grandia
1136 1192 1324 1255 conjice
1349 1191 1481 1239 saxa:

327 1289 556 1338 Pontibus
579 1299 632 1335 ut
651 1285 829 1333 crebris
853 1285 1025 1348 poffint
1051 1284 1314 1342 consistere,
1339 1296 1385 1330 et
1407 1285 1500 1331 alas

370 1423 423 1456 18.
440 1425 483 1455 Et
498 1420 732 1464 Menag.'alter.
825 1427 875 1460 19.
892 1428 923 1450 at
937 1419 1024 1449 tenuis
1042 1417 1156 1449 melius
1165 1416 1267 1459 repeti
1277 1416 1358 1448 bene
1374 1415 1457 1447 vidit
1468 1415 1651 1448 Meierotto·

326 1481 359 1514 in
379 1475 492 1506 Dubiis
507 1485 538 1516 p.
553 1483 605 1505 22.
652 1475 729 1503 rivos
748 1470 871 1500 Medic.
900 1480 917 1499 a
929 1480 976 1499 m.
990 1479 1039 1510 pr.
1132 1477 1183 1501 20.
1198 1468 1335 1499 inumbret
1351 1466 1462 1497 Heins.
1476 1466 1615 1508 reposuit
1631 1476 1649 1497 e

327 1527 481 1558 Mediceo
497 1527 655 1559 Romano,
667 1522 797 1563 aliisque
815 1520 924 1557 Pierii,
944 1519 1030 1550 Gud.
1042 1530 1060 1549 a
1076 1529 1120 1549 m.
1138 1529 1188 1561 pr.
1207 1526 1238 1549 et
1254 1517 1408 1549 Rottend.
1423 1525 1497 1548 tert.
1538 1517 1649 1558 Vulgo

325 1590 449 1616 omnes,
464 1577 616 1614 obumbret,
638 1574 725 1617 quod
749 1581 781 1604 et
805 1572 987 1604 Columella
1009 1571 1152 1613 agnoscit
1174 1572 1236 1608 IX,
1250 1579 1282 1609 5,
1297 1580 1328 1607 4.
1376 1570 1497 1601 Eadem
1513 1569 1651 1600 varietas

326 1633 405 1663 AEn.
424 1632 485 1669 Xl,
499 1629 551 1662 66.
597 1628 745 1660 adumbret
762 1625 905 1657 Mentel.
931 1635 979 1666 pr.
1005 1631 1037 1654 et
1070 1623 1191 1654 Bodlei.
1285 1631 1336 1654 21.
1368 1625 1411 1654 Et
1443 1635 1504 1654 cum
1541 1629 1648 1664 quari:⁰

327 1686 449 1714 Moret.
494 1682 600 1713 ducunt
616 1678 756 1710 Mentel.
801 1679 844 1710 Ut
859 1690 920 1708 cum
943 1688 1014 1707 vere
1035 1678 1103 1706 novi
1127 1675 1307 1717 (Sangerm.
1333 1677 1426 1715 novo)
1455 1674 1548 1705 codd.
1563 1674 1648 1716 apud

325 1733 542 1766 Columellam
553 1734 615 1770 IX,
630 1741 663 1770 5,
678 1742 710 1769 4,
725 1729 837 1761 omiffo
851 1729 944 1760 versu
954 1729 1116 1769 sequente,
1131 1727 1293 1758 exhibent.
1386 1736 1438 1759 22.
1454 1726 1560 1757 Potest
1571 1737 1654 1768 quo-‚

324 1799 386 1830 que
398 1785 569 1827 distingui:
593 1796 682 1827 reges,
693 1783 824 1826 Veresuo
840 1782 973 1825 ludetque
985 1782 1087 1824 favis.
1135 1781 1264 1822 luditque
1279 1780 1363 1809 Ven.
1384 1778 1541 1809 Rottend.
1554 1779 1612 1808 sec.
1630 1788 1650 1808 a

324 1851 371 1871 m.
385 1849 434 1880 pr.
449 1838 583 1880 laudique
599 1836 737 1876 Menag.
756 1833 814 1864 alt.
850 1833 1002 1875 laudetque
1017 1841 1099 1862 unus
1121 1831 1234 1860 Mead.
1271 1832 1350 1873 meffiz
1367 1829 1489 1860 Medic.
1504 1840 1523 1859 a
1537 1839 1581 1860 m.
1599 1839 1648 1870 pr.

323 1892 408 1923 cavis
430 1889 519 1931 emg'ffiz
546 1885 630 1926 conj.
653 1886 701 1927 Jo.
721 1883 900 1921 Schrader„
919 1894 983 1913 non
1015 1881 1110 1919 male,
1128 1881 1167 1912 de
1192 1881 1322 1912 alveari.
1369 1882 1492 1911 Verum
1518 1888 1549 1911 et
1570 1881 1652 1924 fizvi

324 1940 404 1970 bene
421 1950 480 1981 pro
493 1937 627 1973 eodem3
649 1946 724 1966 narn
741 1934 807 1965 favi
833 1944 898 1965 non
915 1934 1011 1964 modo
1029 1933 1067 1964 de
1083 1932 1191 1969 melle,
1216 1942 1330 1962 verum
1346 1939 1378 1962 et
1395 1932 1433 1961 de
1450 1930 1536 1962 cellis
1553 1938 1585 1961 et
1601 1930 1649 1961 Io-

324 1988 697 2026 culamentis‚dicuntur.
745 1986 794 2016 Sic
818 1985 874 2015 inf.
902 1995 972 2022 104.
1002 1993 1073 2025 179.
1104 1982 1172 2014 161.
1266 1992 1318 2021 23.
1336 1984 1433 2013 Vicino
1449 1984 1533 2012 Ven.
1579 1984 1648 2012 vita

321 2043 402 2080 colori
418 2043 552 2081 Menag.
570 2039 642 2075 sec.,
660 2048 722 2079 qua
738 2037 777 2068 de
794 2037 947 2067 varietate
968 2035 1034 2065 vid.
1060 2034 1172 2064 Heins.
1197 2033 1237 2064 ad
1263 2033 1359 2064 Ovid.
1387 2033 1486 2074 Epist.
1513 2034 1569 2069 VI,
1591 2042 1648 2071 54.

321 2093 456 2137 dffcedere
472 2092 584 2128 Rom„
605 2088 698 2119 male.
718 2118 722 2120 ,
791 2096 843 2126 25.
866 2087 986 2130 prqfluit
1002 2086 1090 2116 Gud.
1108 2095 1127 2115 a
1149 2095 1193 2115 m.
1220 2095 1269 2125 pr.
1295 2084 1359 2114 duo
1383 2086 1500 2115 Moret.
1594 2093 1647 2124 27.

322 2143 460 2174 Pontibus
474 2151 502 2172 et
517 2140 650 2172 Mentel.
668 2146 743 2170 tert.
754 2139 839 2180 Reg.
881 2137 1017 2169 Pontibus
1029 2145 1055 2167 et
1071 2136 1173 2167 crebris
1181 2137 1298 2180 pqffunt
1313 2135 1399 2166 Gud.
1425 2143 1463 2177 po
1485 2143 1535 2166 unt
1548 2134 1647 2166 etiam

323 2194 425 2225 Goth.
440 2203 489 2236 pr.

323 2292 563 2331 comedendas
583 2297 779 2341 apponant.
831 2289 952 2326 Orna-

324 2346 471 2382 tiffimus
488 2341 627 2380 versus!
659 2344 733 2379 nidi
746 2354 812 2392 pro
831 2340 951 2391 pullis.

382 2400 440 2435 18.
472 2399 603 2447 stagna
644 2399 796 2431 virentia
837 2396 952 2435 mulo,

323 2449 446 2499 stagna
481 2447 645 2496 intellige
679 2445 798 2482 dulcis
836 2457 951 2494 aquae,

322 2500 393 2538 sive
422 2499 500 2550 ripa
524 2498 647 2536 musco
675 2496 845 2537 obdu&a‚
881 2495 952 2532 five

322 2552 416 2589 saxis
434 2551 556 2588 musco
582 2547 764 2600 coopertis
793 2547 951 2584 extanti-

323 2604 403 2640 bus.
440 2603 536 2640 conf.
574 2602 713 2651 Georg.
751 2599 950 2648 III,2144.

325 2655 405 2692 Ecl.
419 2654 511 2696 VII,
531 2668 592 2704 45.
623 2653 770 2689 Lucret.
790 2650 842 2694 V,
860 2665 948 2701 949.

325 2707 461 2744 Horat.
493 2706 607 2757 Epist.
627 2703 661 2749 I,
686 2717 745 2747 10,
764 2716 801 2754 7.
856 2703 949 2738 Mox

323 2765 427 2796 tenuis
452 2763 548 2795 rivus
574 2757 722 2806 signate,
752 2767 836 2791 nam
866 2767 948 2804 pro-

323 2810 458 2847 fundus
501 2823 543 2846 ac
584 2807 728 2858 rapidus
773 2805 950 2856 abriperet

322 2875 403 2912 apes
429 2871 612 2912 aquanres.
650 2859 699 2895 cf.
730 2858 850 2894 Varro
878 2856 951 2900 III,

327 2914 386 2956 16,
407 2927 451 2965 27
481 2910 715 2964 aquam—ita
742 2922 780 2948 ut
810 2925 849 2947 ne
875 2908 955 2947 alti-

1018 2289 1130 2325 tudine
1147 2287 1300 2335 ascendat
1312 2286 1382 2322 “duo
1397 2294 1459 2321 απτ
1483 2293 1547 2321 tres
1563 2283 1649 2334 digi-

1018 2351 1064 2377 tos
1098 2348 1169 2375 etc.
1236 2345 1339 2376 tenuis
1357 2341 1500 2387 filgiens
1535 2341 1650 2379 rivus,-

1019 2390 1159 2440 duplici
1171 2389 1342 2440 epitheto.
1354 2387 1429 2424 vid.
1445 2388 1490 2423 ad
1504 2387 1538 2423 G
1544 2399 1646 2436 eorg.

1019 2443 1053 2485 Ι,
1073 2456 1162 2491 407.
1219 2455 1280 2480 21.
1299 2455 1357 2480 zz.
1373 2440 1470 2477 Cum
1487 2437 1647 2489 primum

1017 2493 1250 2530 erolaverint.
1307 2506 1367 2531 zz.
1391 2493 1472 2528 Vere
1475 2492 1554 2539 fito,
1578 2488 1646 2526 fibi

1016 2554 1121 2596 grato
1164 2555 1199 2583 et
1247 2544 1437 2595 aptissimo.
1517 2541 1616 2577 Serv.
1631 2554 1646 2585 3-

1016 2599 1090 2641 seu,
1121 2610 1194 2647 quo
1230 2596 1312 2647 ipsse
1347 2604 1439 2632 natae
1473 2593 1555 2630 sunt
1585 2601 1647 2628 aut

1015 2649 1218 2691 adolevere,
1237 2649 1465 2699 primumque
1482 2645 1645 2681 volatum

1015 2710 1169 2744 tentant,
1203 2699 1409 2749 fruciusque
1450 2696 1645 2746 colligunt.

1018 2765 1078 2801 23.
1096 2753 1244 2789 decedere
1260 2748 1433 2794 calm-aut
1460 2754 1545 2785 noci‘i
1567 2746 1645 2795 sup„

1017 2804 1089 2842 Ge.
1110 2803 1182 2847 ΠΙ,
1209 2803 1296 2854 467.
1351 2816 1413 2850 24.
1445 2798 1644 2836 Pulcherri-

1017 2869 1095 2892 mus
1116 2853 1254 2892 versus:
1288 2854 1385 2900 arbos
1411 2852 1514 2890 obvia
1533 2858 1644 2886 teneat

1017 2908 1162 2958 hqspitio,
1195 2906 1232 2945 h.
1261 2904 1433 2957 excipiat.
1501 2915 1520 2939 2
1529 2915 1561 2953 5.
1581 2903 1645 2948 seu

1532 2952 1644 3003 stabit
