1821 3381
393 272 487 319 286

599 268 651 316 Ρ.
692 267 1077 315 VIRGILII
1135 267 1534 317 MARONIS

390 405 476 453 Ille
500 405 642 452 etiam
667 406 894 453 exstineto
918 404 1158 452 miseratus
1182 404 1368 452 Caesare
1392 404 1628 454 Romam:

389 497 557 561 Qum
580 509 722 559 caput
746 497 944 543 obscura
966 497 1175 543 nitidum
1202 497 1436 560 ferrugine
1458 498 1595 555 texit,

389 587 621 650 Inpiaque
647 599 871 633 aeternam
897 587 1161 634 timuerunt
1185 587 1354 633 saecula
1377 588 1582 634 noetem.

388 679 630 741 Tempore
650 695 939 742 quamquam
960 679 1044 725 illo
1060 678 1197 726 tellus
1215 693 1418 742 quoque,
1441 690 1488 725 et
1508 694 1702 743 aequora

515 767 670 830 ponti,

384 857 685 920 Obscenique
706 873 859 913 caneS,
886 848 1270 920 importunaeque
1294 855 1523 913 volucres,

1603 871 1701 919 470

386 949 532 1013 Signa
544 949 733 995 dabant.
759 948 963 1012 Qoties
980 948 1249 1011 Cyclopum
1263 945 1487 994 effervere
1501 945 1549 992 in
1564 961 1701 1010 agros

387 1037 607 1086 Vidimus
631 1037 892 1084 undantem
914 1037 1067 1100 ruptis
1092 1036 1362 1084 fornacibus
1384 1035 1598 1093 AEtnam,

429 1187 504 1227 467.
531 1187 604 1218 ‘Tum
621 1187 736 1229 fragm.
762 1188 885 1219 Moret.
910 1194 941 1218 et
966 1187 1038 1219 edd.
1062 1187 1159 1219 Aldd.
1178 1199 1226 1231 pr.
1242 1199 1276 1218 ac
1293 1187 1351 1219 sec.
1367 1187 1452 1229 Reg.
1469 1185 1698 1217 Martin.--—-

388 1247 464 1278 470.
492 1240 658 1280 Obscenaeque
678 1252 752 1269 canes
769 1239 889 1271 Medic.
916 1238 1008 1270 solus.
1036 1250 1068 1270 V.
1095 1240 1206 1271 Burm.
1256 1239 1412 1281 obscenique
1426 1251 1517 1269 amnes
1530 1238 1703 1269 Ven.--·

388 1300 462 1332 472.
485 1293 599 1322 AEtnan
615 1292 734 1321 Moret.
752 1300 803 1333 pr.

456 1416 546 1465 466.
598 1414 771 1466 Prodigia
810 1415 886 1464 post
920 1413 1013 1461 Julii

388 1468 538 1505 Caesatis
576 1467 728 1511 caedern,
780 1480 861 1516 quae
887 1465 1012 1502 eadem

387 1534 454 1570 pro
471 1519 650 1570 praesagiis
677 1518 766 1555 belli
783 1515 904 1554 civilis
932 1516 1014 1553 sub-

387 1571 561 1622 sequentis
571 1567 925 1613 habebantur‚etiam
944 1567 1015 1604 his-

389 1622 515 1659 toricis
544 1621 627 1659 satis
652 1620 732 1658 sunt
758 1619 948 1663 celebrata,
993 1633 1014 1656 a

415 1673 508 1711 oetis
522 1671 689 1723 inprimis
704 1673 854 1709 transsata
868 1684 877 1708 :
899 1669 1013 1708 Ovid.

388 1688 485 1762 iillet.
515 1724 605 1768 XV,
634 1726 707 1774 782
727 1724 776 1773 sq.
796 1722 937 1760 Tibull.
962 1722 1016 1766 II,

418 1807 429 1822 ‚
456 1791 498 1828 71
533 1776 600 1826 sq„
639 1775 700 1812 ubi
725 1789 760 1811 v.
791 1774 891 1811 Obff.
956 1773 1013 1811 Ex

388 1792 567 1866 {istoricis
630 1826 725 1876 inpr.
764 1825 850 1883 *Dio
879 1824 1014 1883 „XLV‚

388 1894 463 1969 ssa⁷1i1
481 1876 909 1979 dgfffisssfapssssssiespissi
937 1891 1014 1967 3333

389 1994 460 2025 ωε,
503 1995 611 2032 quam
641 1993 704 2030 per
734 1990 849 2018 totum
881 1993 1014 2018 annum

389 2035 517 2084 pallor.
536 2033 611 2070 vid.
631 2032 708 2069 Dio
727 2032 753 2068 l.
780 2045 813 2069 c.
834 2031 1016 2071 Plutarch.

391 2086 429 2122 in
459 2085 533 2134 Jul.
563 2083 656 2121 Caes.
685 2096 723 2133 p.
756 2096 843 2134 740.
916 2082 1011 2122 Plin.

390 2137 444 2182 ΙΙ,
473 2150 533 2185 30.
597 2135 673 2172 Dio
698 2134 786 2178 XL,
822 2148 881 2185 17.
945 2135 1014 2171 Ti-

391 2189 482 2226 bull.
504 2188 529 2224 l.
549 2199 584 2224 e.
605 2199 669 2237 75.
690 2187 750 2236 76.
818 2185 874 2221 De
893 2186 1013 2222 cauffis

390 2239 495 2289 hujus
523 2237 685 2288 prodigii
712 2250 732 2272 a
751 2236 874 2273 multis
891 2237 1014 2286 dispu-

390 2300 504 2327 tatum
521 2290 585 2333 est,
611 2298 646 2326 et
673 2301 788 2337 nuper
804 2287 884 2324 satis
902 2288 1014 2325 subti-

389 2341 474 2379 {iter
491 2354 511 2377 a
530 2340 681 2377 Liberto
711 2338 740 2375 F
741 2339 859 2376 affono
878 2339 917 2376 in
932 2339 1011 2379 diff.

391 2392 547 2444 Virgini
565 2405 666 2428 novae
680 2390 770 2427 edit.
790 2390 835 2427 ab
855 2390 1014 2428 Ambro-

391 2444 455 2495 gio
472 2453 603 2481 curatae
619 2442 789 2493 praemiffa
802 2457 812 2486 ;
845 2451 1017 2492 petuntur

391 2509 441 2533 eae
477 2509 497 2532 a
542 2493 691 2532 maculis
723 2493 808 2530 solis
850 2493 1013 2532 insolitis.

393 2546 634 2590 Probabilior,
661 2545 858 2582 nostrorum
872 2558 1015 2594 quoque

391 2610 592 2649 temporum
609 2596 846 2647 experientia,
870 2596 917 2632 est
935 2595 1014 2646 opi-

390 2650 468 2693 nio,
495 2650 724 2687 obscuratum
748 2648 873 2684 caelum
903 2647 1014 2684 nebu-

391 2702 427 2739 la
445 2702 524 2746 illa,
563 2698 766 2750 ferruginea
784 2698 910 2742 modo,
939 2712 1016 2735 mo-

392 2755 441 2790 do
465 2753 628 2796 rubente,
656 2750 780 2787 nostris
809 2750 1017 2788 horninibus

392 2804 589 2842 Heerrauch
623 2802 859 2851 (Hb'hrcmch)
893 2802 1013 2839 difla:

392 2870 429 2895 v.
459 2855 597 2905 OpusC.
632 2854 719 2892 Vol.
749 2853 822 2898 III,
849 2867 910 2892 n0.
939 2853 1015 2892 XI.

1084 1412 1219 1450 Primas
1249 1412 1360 1449 lineas
1394 1411 1500 1460 hujus
1535 1410 1705 1462 prodigia

1080 1464 1268 1503 enarrandi
1282 1463 1391 1501 moris
1409 1462 1515 1499 duxit
1530 1463 1706 1513 Apollon.

1083 1517 1156 1561 IV,
1181 1520 1289 1564 1284.
1352 1514 1475 1552 Etiam
1506 1513 1560 1551 sui
1578 1514 1705 1551 consu·
1774 1540 1777 1543 ·

1084 1569 1175 1607 latus
1192 1567 1364 1618 prodigia
1380 1564 1524 1617 copiose
1542 1565 1705 1616 exposuit

1081 1619 1240 1656 carmine
1268 1619 1351 1655 Cic.
1380 1618 1425 1654 de
1456 1616 1542 1653 Div.
1574 1617 1608 1661 I,
1644 1631 1704 1655 11.

1085 1670 1148 1707 Ad
1179 1669 1286 1707 nostri
1324 1673 1442 1720 poe‘tae
1482 1681 1616 1705 morem
1644 1668 1706 1705 alii

1084 1722 1261 1759 bellorum
1303 1720 1582 1771 graviorumque
1613 1720 1706 1757 cala·

1086 1773 1253 1810 mitatum
1286 1772 1456 1822 praesagia
1485 1784 1706 1809 commemo-

1086 1834 1229 1868 rarunt3
1278 1823 1365 1860 belli
1408 1823 1554 1873 quidem
1587 1822 1708 1860 civilis

1086 1876 1224 1913 Lucan.
1253 1874 1287 1919 I,
1318 1888 1389 1926 525
1417 1875 1468 1924 sq.
1500 1874 1641 1911 Petron.
1671 1887 1706 1913 c.

1090 1940 1174 1965 122.
1216 1932 1364 1978 ferrugo
1381 1925 1528 1976 poetica
1545 1925 1708 1963 oratione

1084 1993 1149 2030 pro
1164 1979 1334 2029 caligine.
1386 1983 1488 2027 impia
1492 1976 1626 2026 saecula
1642 1977 1707 2015 ho-

1085 2030 1199 2067 mines
1229 2030 1327 2066 istius
1356 2028 1434 2072 aevi,
1473 2042 1545 2078 quo
1574 2033 1713 2078 impium

1084 2081 1223 2118 facinus
1237 2082 1275 2118 in
1293 2079 1470 2118 Caesarem
1485 2079 1710 2118 cornmiffum

1084 2142 1174 2170 erat.
1212 2131 1345 2182 saecula
1373 2130 1589 2168 Lucretiano
1608 2144 1710 2169 more

1085 2185 1197 2228 dixit,
1235 2183 1297 2222 ubi
1324 2182 1433 2233 saecla
1463 2186 1629 2233 fi’rarum
1671 2191 1708 2220 et

1083 2237 1168 2273 alia.

1136 2300 1225 2338 470.
1253 2285 1391 2335 Obsceni
1405 2297 1522 2328 canes,
1541 2282 1707 2329 ominosi,

1085 2340 1178 2376 mala
1203 2336 1467 2388 portendentes,
1496 2346 1534 2372 ut
1552 2339 1709 2384 importu-

1085 2406 1140 2427 nae
1166 2389 1331 2433 volucres,
1368 2387 1514 2430 odiosae‚
1542 2386 1709 2432 molestae,

1086 2441 1171 2478 mali
1191 2438 1321 2477 ominis
1348 2448 1469 2476 cantu.
1521 2450 1610 2488 471.
1632 2438 1708 2488 Igi-

1084 2502 1144 2529 tur
1170 2490 1362 2541 aliquoties
1390 2490 1498 2526 AEtna
1524 2490 1589 2526 illo
1614 2502 1709 2527 anno

1085 2543 1231 2593 ignibus
1279 2542 1424 2578 arserat.
1512 2540 1709 2577 AEstuantis

1086 2596 1204 2632 AEtnae
1237 2593 1371 2643 explofi
1405 2591 1506 2642 ignes
1537 2592 1652 2629 verbis
1687 2604 1708 2628 a

1085 2646 1287 2697 tempestate
1306 2643 1411 2681 maris
1436 2642 1557 2694 petitis
1575 2641 1708 2679 descri-

1085 2699 1229 2736 buntur.
1294 2695 1457 2732 Omnino
1484 2695 1584 2732 undae
1605 2693 1708 2730 flam-

1086 2750 1154 2786 mis
1191 2748 1412 2786 tribuuntur.
1452 2746 1528 2783 vid.
1575 2744 1708 2784 Cerda.

1082 2800 1268 2852 liquefafia
1297 2803 1410 2848 saxa,
1473 2796 1557 2847 quia
1602 2796 1710 2833 massa

1088 2862 1165 2892 tum
1185 2850 1378 2903 liquescens
1396 2861 1483 2888 mox
1506 2847 1706 2936 ΙεΡὶἀεΐιέῗέ

1296 2915 1318 2954 5
