1821 3381
341 334 848 394 BUCOLICA,
918 336 1108 385 ECL.
1166 339 1250 387 IV.

130 467 217 517 Ille
238 470 381 518 deum
404 470 551 518 vitam
574 470 796 534 adcipiet‚
821 471 1032 536 divisque
1055 474 1239 522 videbit

1386 346 1442 406 83

1380 489 1438 544 15

133 561 396 608 Permixtos
421 561 596 618 heroas,
619 572 664 608 et
689 560 786 624 ipse
808 561 1044 609 videbitur
1072 563 1199 618 illis;

127 647 448 712 Pacatumque
469 662 599 714 reget
622 650 784 714 patriis
809 650 1061 698 virtutibus
1084 653 1266 701 orbem.

124 740 192 787 At
214 741 301 788 tibi
321 741 494 804 prima,
518 758 650 805 puer,
673 742 804 790 nullo
826 743 1104 791 munuscula
1128 746 1274 803 cultu,

169 882 219 912 15.
240 875 363 915 divqfque
377 873 676 914 Rottend.-——17.
690 877 785 917 patris
810 874 945 908 Mentel.
969 886 1018 918 pr.
1040 884 1072 909 et
1094 876 1128 908 in
1148 877 1360 910 vetustissimis
1376 877 1435 912 ali-

121 933 199 966 quot
217 925 322 956 Pierii.

120 1033 223 1083 quias
239 1034 404 1085 spefflri,
433 1035 655 1073 manifestum
682 1036 745 1075 est.

119 1084 219 1123 Nam
231 1096 439 1137 perpetuum
450 1088 534 1131 hoc,
544 1098 581 1124 ut
593 1087 637 1124 de
648 1088 744 1125 bello

117 1136 223 1175 civili
249 1140 346 1185 αῗτγος,
358 1138 481 1188 stelas,
506 1139 739 1189 praedicetur3

118 1187 262 1226 Notum
277 1202 286 1226 ζ
321 1191 392 1227 Cui
411 1191 506 1227 dabit
519 1192 742 1241 parlesſselus

115 1243 285 1290 expiandi.
328 1242 418 1291 Qa,
436 1241 652 1292 qumscelqsti,
670 1247 738 1279 rui-

112 1298 167 1329 tis.
222 1291 334 1330 Nunc
376 1293 542 1343 inprimis
585 1294 630 1329 de
673 1294 737 1331 illo

114 1352 274 1393 tempore
290 1344 425 1394 agitur,
443 1357 524 1381 eum
536 1345 610 1394 post
624 1344 736 1382 Brun-

112 1393 271 1431 dufinam
291 1409 413 1446 pacem
431 1396 529 1433 Sext.
549 1396 738 1444 Pompeius

111 1445 230 1483 adhuc
258 1446 370 1484 maria
401 1447 517 1483 Italiae
544 1447 737 1492 infestaret,

110 1507 146 1533 et
171 1509 372 1535 commeatu
393 1498 548 1535 Romam
567 1498 736 1536 interclu-

110 1547 224 1586 deret.
272 1549 343 1586 Pax
361 1549 506 1600 quidem
525 1549 633 1586 etiam
652 1563 735 1587 cum

110 1598 181 1636 hoc
206 1601 326 1650 paullo
353 1601 429 1651 post
456 1603 550 1650 apud
571 1601 736 1639 Puteolos

108 1649 203 1687 inita
217 1668 227 1697 3
257 1665 394 1696 verum,
409 1652 505 1702 quod
518 1653 648 1689 Ruaeus
659 1654 733 1702 post

108 1701 202 1739 hanc
229 1717 354 1754 pacem
373 1703 550 1754 Eclogam
577 1704 731 1741 nostram

106 1753 274 1804 scriptam
301 1754 507 1799 arbitratur,
537 1756 631 1791 unde
662 1755 729 1792 sci-

106 1805 194 1842 licet
225 1815 324 1843 tanto
350 1807 463 1855 major
488 1806 586 1843 aurei
613 1806 730 1844 saeculi

103 1855 180 1906 spes
206 1857 367 1894 affulfiffe
391 1856 509 1894 videri
539 1858 663 1908 posset‚
689 1858 728 1895 id

104 1919 292 1958 propterea
324 1909 516 1946 commode
545 1908 621 1946 dici
652 1923 726 1946 non

104 1961 229 2008 potest,
256 1959 341 2010 quia
367 1973 436 2010 pax
471 1959 534 1997 illa
567 1960 726 2010 sequenti

101 2010 247 2048 demum
267 2025 360 2048 anno
379 2012 576 2062 composita
592 2012 676 2058 fuit,
688 2026 723 2050 v.

103 2060 180 2099 Dio
212 2062 401 2106 XLVIII,
429 2075 464 2100 c.
495 2065 566 2110 363
602 2074 725 2113 partus

99 2126 185 2150 vero
217 2114 279 2151 ille
309 2113 411 2164 pueri
445 2115 562 2151 adhuc
596 2115 723 2153 eodem

99 2176 194 2203 anno
220 2167 488 2216 expeeiabatun
507 2177 546 2202 ut
565 2179 599 2203 v.
624 2179 636 2202 1
650 2180 663 2203 1
687 2177 723 2203 et

100 2218 164 2255 61.
218 2216 313 2254 Mox
346 2227 490 2254 ornatus
518 2231 552 2254 v.
585 2230 631 2265 14
658 2231 722 2267 pro

96 2268 275 2311 eluentur,
287 2268 468 2306 tollentur.
497 2269 620 2311 Irrita,
633 2269 719 2306 abo-

95 2318 177 2357 lita.
196 2322 341 2369 formido
356 2321 403 2356 est
420 2330 566 2370 propter
584 2323 620 2357 τὸ
637 2323 720 2367 ἄγος

96 2380 133 2407 et
146 2381 281 2407 reatum
293 2383 337 2407 ex
348 2371 474 2408 scelere
489 2382 717 2421 conceptum.

154 2435 212 2472 15.
237 2424 294 2460 16.
322 2422 389 2458 lle
413 2424 505 2459 deum
529 2430 641 2461 vitam
663 2440 717 2469 a.,

95 2482 177 2523 aget
210 2472 320 2510 vitam
354 2473 519 2517 deorum,
554 2484 590 2510 et
624 2474 718 2512 inter

94 2524 179 2560 deos
197 2524 402 2575 heroesque.
445 2525 717 2565 Adumbratum

93 2587 138 2611 ex
155 2574 214 2620 iis,
233 2589 311 2626 quae
336 2575 575 2627 praedicantur
590 2578 636 2615 de
652 2591 714 2614 au-

92 2638 153 2663 rea
170 2637 272 2664 aetate
297 2631 336 2665 ὣς
361 2645 396 2666 τε
415 2628 481 2666 Sto}
503 2626 607 2675 ἔζωον,
633 2633 714 2669 ἀκη-

92 2676 150 2715 32¹oe
181 2677 280 2724 θυμὸν
308 2682 441 2730 ἔχοντες
474 2683 598 2728 Νόσφιν
630 2683 714 2731 dre?

91 2745 129 2767 τε
156 2732 252 2768 πόνων
269 2740 339 2769 etc.
392 2732 443 2769 cf.
463 2731 611 2769 Hefiod.
630 2741 712 2783 Egy-

90 2792 126 2820 ν.
159 2794 228 2819 112
260 2781 336 2833 sqq.
390 2783 478 2820 Erat
509 2783 608 2821 enim
641 2786 711 2822 hoc

89 2831 184 2870 inter
201 2835 298 2871 aurei
318 2834 437 2872 saeculi
457 2834 565 2878 bona,
592 2846 632 2873 ut
654 2836 711 2873 dii

89 2884 275 2934 praesentes
307 2884 501 2926 inviserent
536 2886 712 2928 homines.

413 925 464 958 18.
487 928 531 957 At
546 927 595 957 tibi
610 927 707 959 Rom.
744 929 839 969 primo
855 927 1000 960 Pari-has.

813 1037 926 1075 Ovid.
959 1037 1050 1078 Fast.
1078 1039 1112 1084 I,
1143 1053 1211 1092 ²5¹
1243 1051 1279 1079 et
1295 1042 1432 1092 paffim·

816 1090 872 1127 16.
900 1100 933 1126 et
958 1095 1022 1140 ipse
1047 1092 1219 1129 *videbitur
1245 1093 1325 1137 illis,
1351 1095 1433 1133 scil.

807 1142 1008 1190 permixtus
1036 1142 1097 1188 iis,
1124 1143 1160 1180 h.
1181 1157 1211 1181 e.
1247 1145 1433 1184 admixtus

806 1192 887 1230 erit.
927 1194 1055 1240 ἀναμῖξ
1090 1195 1250 1240 ἐκάθητο,
1297 1197 1432 1236 Aratus

807 1242 988 1282 Phaenom.
1011 1259 1097 1295 104,
1120 1260 1223 1297 quem
1243 1258 1322 1284 ante
1341 1262 1430 1286 ocu-

802 1295 855 1331 los
873 1295 1009 1335 habuit.
1069 1311 1126 1348 17.
1146 1300 1308 1336 Pacatum
1321 1301 1430 1338 orbem

802 1358 911 1398 reget:
930 1349 1038 1386 etiam
1054 1349 1122 1385 hoc
1138 1363 1182 1386 ex
1193 1363 1296 1387 aurea
1310 1361 1428 1398 aetate,

802 1399 900 1448 quod
920 1400 958 1435 in
981 1413 1022 1436 ea
1039 1411 1163 1449 pacata
1180 1401 1301 1438 omnia
1319 1402 1425 1443 sunt:

802 1449 988 1488 obscurius
1004 1453 1065 1496 est,
1093 1453 1190 1502 quod
1217 1453 1335 1497 addit,
1358 1466 1427 1504 pa-

800 1507 873 1537 triis
895 1503 1090 1545 virtutibus,
1118 1505 1282 1550 omnino,
1310 1510 1425 1556 majo-

802 1565 892 1590 rum.
940 1554 1200 1592 Marcellorum
1229 1569 1357 1594 nomen
1385 1557 1426 1596 in

799 1604 1160 1643 annalibusRomanis
1173 1607 1420 1646 clariffimum:

800 1654 824 1690 fi
856 1655 902 1692 de
930 1669 1056 1705 puero,
1083 1657 1145 1708 qui
1180 1671 1224 1695 ex
1255 1660 1422 1705 Ofiavia,

800 1705 992 1744 Ofiaviani
1004 1709 1315 1753 sororeMarcelio
1328 1724 1421 1763 nup-

798 1767 848 1801 ta,
877 1771 971 1796 nune
1004 1771 1119 1797 autem
1154 1762 1316 1798 Antonio
1355 1764 1422 1801 de·

796 1807 935 1858 sponsa,
953 1811 1026 1848 haec
1039 1811 1206 1862 accipias.
1245 1813 1303 1850 M.
1318 1814 1422 1852 Mar.

795 1861 927 1897 cellum
946 1863 1099 1899 eundem
1126 1877 1272 1914 puerum
1300 1865 1418 1911 fuiss'e,

793 1911 855 1948 etfi
882 1926 901 1948 a
924 1913 1071 1951 Catroeo
1091 1916 1251 1952 confecia
1271 1930 1323 1952 res
1343 1931 1419 1955 non

793 1963 853 2006 est,
870 1977 934 2000 nec
947 1975 1063 2003 tamen
1076 1966 1313 2016 improbabile
1323 1968 1418 2006 illud

793 2014 851 2051 est.
868 2015 916 2053 cf.
926 2016 1038 2055 Mart.
1048 2018 1092 2054 ad
1107 2018 1144 2056 h‚
1157 2018 1182 2054 1.
1211 2018 1329 2056 Modo
1342 2034 1417 2059 non

785 2065 950 2113 jamtum
961 2068 1125 2106 heredem
1138 2069 1280 2120 imperii
1291 2081 1325 2107 et
1336 2072 1416 2108 suc-

790 2117 956 2156 cessorem
971 2120 1193 2171 designatum
1201 2135 1280 2157 eum
1295 2122 1415 2168 fuiffe,

790 2167 911 2206 animo
927 2170 1050 2221 fingas.
1085 2172 1147 2209 Sin
1162 2173 1207 2209 de
1223 2173 1414 2213 Scribonia

788 2221 980 2277 acceperis,
1011 2223 1092 2260 sunt
1126 2223 1274 2262 virtutes
1301 2225 1413 2263 Ofta-

787 2283 897 2308 viani.

845 2328 904 2361 18.
933 2323 1128 2363 Felicitatis
1159 2343 1272 2364 aureae
1305 2328 1412 2379 hujtls

785 2381 912 2419 matis,
939 2388 984 2412 ex
998 2378 1150 2415 versibus
1169 2379 1263 2416 forte
1278 2380 1410 2419 Hefio-

784 2424 862 2462 deis
879 2426 903 2463 l.
923 2426 948 2464 l.
973 2441 1043 2476 130
1060 2429 1136 2479 sqq.
1151 2430 1296 2468 suborto
1308 2445 1409 2470 com-

784 2486 921 2520 mento,
940 2485 1037 2518 initia
1053 2494 1137 2518 cum
1155 2482 1307 2532 pueritia
1324 2497 1409 2533 pro-

782 2528 908 2565 cedere
941 2529 1045 2575 facit,
1089 2539 1285 2570 incrementa
1325 2548 1410 2572 vero

783 2593 865 2616 cum
904 2582 1158 2628 adolescentia,
1193 2598 1275 2621 cum
1307 2585 1408 2624 virili

779 2631 925 2668 tandem
949 2642 985 2670 et
1008 2635 1164 2683 perfeffla
1182 2646 1283 2673 aetate
1298 2645 1412 2675 vitam

773 2684 1054 2734 peffeflfflmanss
1094 2686 1182 2724 nullo
1220 2688 1322 2730 cultu,
1350 2689 1406 2726 uti

780 2733 902 2770 omnia
931 2736 969 2772 in
998 2735 1128 2775 saeculo
1156 2752 1264 2776 aureo
1285 2739 1405 2777 nasce-

780 2784 925 2831 bantur,
953 2786 1106 2826 Hefiod.
1135 2789 1162 2826 l.
1199 2791 1224 2826 l.
1259 2804 1294 2827 v.
1331 2794 1403 2827 118

779 2839 904 2886 καξπὸν
937 2838 966 2875 δ’
992 2844 1080 2889 {pege
1121 2840 1266 2891 ζείδωςος
1292 2843 1404 2891 ἄξεξαι

778 2891 968 2979 Αὐτομὲίτη
993 2895 1113 2933 πολλόν
1140 2911 1177 2931 τε
1200 2897 1232 2948 ,9
1250 2893 1403 2944 ἄφθονοι·

938 2954 962 2981 2
1340 2943 1404 2988 hic
