1987 3361
471 300 601 336 xcrv
863 285 972 335 DE
1017 279 1403 335 VIRGILII

524 421 745 459 Recensetur
763 420 826 458 illa
845 421 882 457 in
900 421 1018 459 Catal.
1041 420 1216 459 Biblioth.
1236 421 1332 473 Reg.
1355 419 1463 458 Paris.
1483 431 1521 457 n.
1542 422 1628 474 817.
1646 428 1681 459 et
1694 416 1791 476 apud

474 481 602 522 Denis.
620 481 746 532 Suppl.
767 480 895 518 Maitt.
915 495 951 531 p.
973 483 1045 530 318
1065 494 1103 517 u.
1126 480 1239 518 2608.

1080 608 1191 648 1492.

524 659 571 696 P.
606 658 648 696 V.
682 658 738 695 M.
775 672 846 694 cum
869 667 1033 694 comment.
1065 657 1208 700 Donati,
1247 655 1400 693 Landini
1419 664 1451 691 et
1478 654 1610 700 Ser-vii,
1645 657 1795 706 impeffls

475 717 646 766 Francisci
668 718 707 753 de
737 715 983 767 Gerardenghis
1000 717 1039 753 de
1067 716 1195 765 Papia,
1223 713 1335 752 labore
1356 724 1389 751 et
1406 713 1567 765 indzfiria
1583 715 1668 752 Ant.
1687 716 1794 754 Lam.

472 774 617 814 billiom's
635 775 722 812 Non.
741 775 837 812 Nov.
858 773 991 812 Vener.
1620 773 1649 812 fo
1681 787 1793 826 1492.

525 832 682 870 Orland.
703 847 739 884 p.
758 847 816 884 5¹·
871 832 997 870 Maitt.
1015 831 1108 869 ibid,
1127 845 1165 882 p.
1184 843 1272 882 545.

526 891 614 929 Alia
643 891 783 928 Veneta
817 904 910 942 1492
937 903 1019 928 cum
1046 890 1206 939 quinque
1225 885 1452 928 Commentis
1476 890 1607 934 Servii,
1636 890 1794 937 Donati,

475 942 654 988 Laudini,
681 943 884 986 Calderini,
913 941 1146 984 Mancinelli‚
1173 950 1287 985 extat,
1315 943 1417 991 cujus
1447 943 1653 994 exemplum
1679 944 1717 981 in
1735 943 1794 980 bi-

473 1000 655 1039 bliotheca
671 1001 877 1051 Erlangenfi
900 999 1121 1037 Academica
1141 999 1270 1036 servari
1288 1010 1405 1037 narrat
1419 1000 1559 1038 Harles.
1573 1001 1795 1053 typographi

474 1059 622 1097 nomine
640 1073 710 1097 non
740 1071 954 1103 memorato,
983 1057 1147 1109 repetita,
1176 1068 1350 1108 quantum
1379 1059 1561 1110 intellige,
1589 1073 1635 1098 ex
1654 1060 1797 1099 Veneta

479 1123 592 1169 1489,
620 1117 685 1155 nifi
705 1118 802 1168 quod
822 1131 916 1155 nunc
936 1117 1019 1155 Ant.
1044 1117 1248 1155 Manciaselli
1263 1130 1392 1154 nomen
1409 1119 1566 1163 accedit,
1593 1120 1692 1169 quod
1720 1119 1797 1171 pri-

474 1190 575 1215 mum
607 1178 765 1215 occurrit
793 1177 830 1214 in
848 1176 938 1214 edit.
959 1177 1123 1213 Romana
1151 1189 1260 1226 1490.
1316 1175 1434 1213 Ducit
1453 1176 1543 1215 adeo
1559 1177 1636 1215 haec
1655 1177 1797 1216 Veneta

474 1236 640 1274 ordinem
659 1237 862 1273 editionum
876 1249 959 1273 cum
974 1235 1093 1285 quinis
1109 1235 1391 1274 commentariis.

527 1295 738 1334 Editionem
768 1296 925 1333 Venetam
957 1295 1062 1343 hujus
1093 1293 1177 1330 anni
1205 1304 1240 1330 et
1273 1294 1420 1331 alteram
1446 1307 1539 1346 1497
1566 1299 1601 1332 in
1605 1297 1796 1346 secumdam

476 1354 608 1392 Donati
620 1356 787 1391 editionem
804 1363 979 1390 memorat
996 1351 1183 1389 Fabricius
1203 1351 1243 1388 Β.
1263 1352 1307 1388 L.
1326 1366 1362 1402 p.
1383 1355 1472 1396 208,
1499 1353 1559 1390 sed
1578 1353 1617 1390 in
1634 1367 1678 1391 eo
1702 1352 1798 1390 falli-

476 1422 536 1450 tur
553 1413 610 1450 vir
627 1412 766 1450 doffiff.
787 1412 873 1449 dum
892 1412 968 1449 haec
988 1411 1033 1448 ad
1054 1410 1254 1461 Virgilium
1284 1412 1418 1449 refert:
1458 1411 1539 1448 sunt
1563 1412 1661 1449 enim
1680 1412 1796 1450 Com-

476 1473 667 1516 mentaria‚
695 1486 774 1522 quae
792 1471 857 1508 sub
877 1471 991 1509 Servii
1014 1471 1163 1508 nomine
1181 1470 1359 1514 feruntur,
1387 1470 1425 1507 in
1447 1471 1637 1508 secundam
1657 1467 1798 1508 Donati

477 1534 607 1569 Artem
627 1531 687 1570 seu
705 1531 919 1576 editionem,
946 1543 1026 1581 quae
1041 1529 1149 1567 etiam
1167 1530 1207 1566 in
1231 1529 1394 1567 Putschii
1426 1539 1514 1569 vett.
1534 1530 1797 1568 Grammaticis

474 1590 666 1628 habentur,

528 1651 573 1688 P.
601 1650 643 1688 V.
668 1645 726 1687 M.
750 1660 821 1687 cum'
850 1659 1016 1686 comment.
1048 1649 1178 1692 Servii,
1206 1647 1350 1691 Donati,
1377 1647 1532 1687 Landim'
1547 1660 1581 1688 et
1608 1648 1799 1693 Camerini.

474 1710 627 1759 impensis
643 1708 809 1758 Ambrqfii
820 1708 1005 1758 Kobcrger.
1059 1705 1276 1756 Noribergae
1622 1708 1649 1745 f.
1683 1721 1796 1758 1492.

531 1767 622 1804 Satis
640 1767 805 1816 frequens
835 1766 978 1809 Editio,
1007 1765 1053 1802 de
1073 1778 1144 1815 qua
1161 1779 1195 1801 v.
1217 1764 1345 1802 Maitt.
1371 1763 1423 1802 ib.
1439 1778 1476 1815 p.
1499 1765 1585 1817 546.
1640 1766 1797 1806 Orland.

476 1839 513 1876 p.
539 1838 624 1875 141,
651 1835 688 1862 et
707 1824 880 1862 Eckhard
899 1825 981 1862 loco
996 1824 1073 1875 sup.
1089 1823 1187 1861 laud.
1207 1838 1245 1874 p.
1267 1828 1351 1876 158.
1408 1824 1512 1862 Add.
1535 1825 1672 1863 Panzer
1684 1827 1798 1864 Aelte-

464 1886 521 1935 ste
537 1883 960 1936 Buchdruckergischichte,
980 1881 1180 1932 Nurnberg
1204 1886 1315 1934 1789,
1344 1896 1379 1933 p.
1403 1895 1487 1931 124.
1542 1884 1712 1938 Servatur
1740 1899 1798 1922 ea..

477 1943 561 1980 dem
596 1942 636 1980 in
664 1942 838 1980 Biblioth.
872 1942 993 1979 Acad.
1027 1941 1204 1993 Gotting.
1259 1941 1321 1979 Est
1351 1953 1449 1978 mera
1465 1941 1634 1993 repetitio
1649 1942 1798 1982 Venetae

480 2004 579 2052 1489
597 2016 678 2039 cum
700 2001 860 2039 Landini
875 2010 1094 2039 commento.

529 2062 576 2098 P.
595 2062 635 2098 V.
653 2061 710 2098 M,
729 2060 901 2105 Bucolica,
928 2058 1137 2097 Daventriae
1616 2070 1654 2109 4.
1686 2071 1797 2111 1492.

534 2117 643 2168 (Vid.
656 2118 732 2170 sup.
747 2118 793 2156 ad
805 2132 837 2156 a.
860 2120 975 2168 1488)
1033 2116 1191 2155 Orlandi
1204 2131 1240 2169 p.
1253 2130 1343 2170 429.
1397 2116 1523 2156 Maitt.
1540 2118 1590 2157 T.
1606 2118 1640 2163 1,
1653 2132 1690 2170 p.
1706 2122 1797 2172 786,

478 2178 515 2210 et
527 2170 610 2210 Ind.
632 2171 731 2221 App.
749 2185 786 2222 p.
808 2171 895 2222 560.

1085 2252 1197 2291 Ι493·

529 2295 615 2338 Hoc
633 2313 727 2338 anno
745 2299 917 2350 primum,
944 2300 970 2337 fi
987 2299 1077 2338 bene
1096 2298 1263 2343 memini,
1289 2298 1472 2350 Virgilius
1491 2311 1617 2350 operas
1635 2298 1798 2351 Lipsien-

476 2354 528 2398 ses
541 2360 715 2399 exercuit.
768 2359 868 2398 Nam
887 2359 1042 2398 Bucolica
1054 2359 1211 2410 expreffa
1226 2357 1357 2410 Lipfiae
1366 2371 1429 2409 per
1446 2358 1603 2396 Amold.
1620 2358 1665 2396 de
1683 2358 1799 2397 Colo-

479 2418 541 2456 nia
1612 2430 1652 2466 4.
1685 2430 1797 2470 1493.

531 2468 690 2520 Sequuta
708 2479 802 2505 anno
822 2467 984 2520 sequenti
998 2469 1122 2507 AEneis
1140 2477 1177 2507 et
1191 2467 1394 2522 Georgica.

530 2623 578 2662 P.
599 2622 642 2660 V.
668 2620 728 2662 M.
757 2635 829 2661 cum
854 2631 1021 2661 comment.
1051 2577 1282 2676 Scitiffiiii'z-per
1306 2624 1516 2663 Damianum
1541 2625 1582 2662 de
1594 2623 1800 2666 Mediolano.

479 2680 646 2719 Venetiis
1622 2682 1652 2721 f.
1685 2697 1799 2736 1494.

530 2738 660 2777 Maitt.
679 2738 792 2776 Tom.
810 2736 845 2780 Ι,
864 2750 900 2788 p.
920 2751 1011 2791 575.
1063 2739 1217 2779 Orland.
1235 2755 1272 2793 p.
1294 2754 1357 2793 54.

531 2799 579 2838 P.
600 2798 634 2834 V
633 2823 644 2836 .
663 2796 720 2834 M.
739 2810 811 2834 cum
828 2803 1062 2837 commentariis
1079 2801 1124 2837 P.
1145 2801 1272 2844 Ser-vii,
1299 2802 1464 2847 Landini,
1490 2801 1575 2842 Ant.
1596 2801 1804 2840 Mancinelli

481 2865 552 2901 etc.
605 2855 770 2897 venetiis
791 2867 890 2908 1494
906 2855 968 2897 die
985 2856 1116 2896 ultimo
1132 2858 1350 2911 Septembris
1623 2859 1653 2897 f.
1685 2871 1799 2911 1494.

1610 2916 1802 2958 Laudatur
