1987 3361
349 262 684 357 PRiorzrs
725 291 1184 349 EDITIONIS.
1379 305 1417 340 v

121 451 222 503 five
241 465 392 519 prave
410 443 507 495 five
525 440 682 492 modo
698 437 855 489 nimis
878 447 1039 492 acute,
1063 430 1220 482 modo
1240 446 1422 500 parum

122 539 390 598 subtiliter,
431 535 603 591 dietis,
652 543 735 581 aut
779 547 844 579 ex
889 528 971 584 iis,
1027 543 1143 595 quae
1195 533 1426 591 ἀνιςοξήτως

124 644 209 683 aut
247 638 427 696 ἀμέσως,
469 623 626 677 modo
661 622 854 673 critices
894 617 1052 669 modo
1092 612 1322 685 poetices
1349 629 1428 662 re-

123 722 260 794 gulis
287 738 342 771 ac
368 717 562 787 legibus
591 712 861 771 contraria,
888 708 1196 766 exciderant,
1225 705 1429 755 elevan-

127 811 205 863 dis
250 808 519 878 indignam
559 818 608 856 et
651 802 938 875 ignobilem
976 798 1196 869 gloriam
1234 808 1433 865 captare

126 899 412 954 voluiffem.
513 893 975 965 Qemadmodum
1023 904 1211 946 tamen,
1259 886 1435 936 minus

131 1001 267 1052 reste
293 997 488 1069 aliquid
527 996 729 1047 dicrum
767 991 862 1044 esse
900 989 1048 1041 facile
1082 986 1340 1039 interdum
1365 983 1438 1034 est

131 1089 568 1147 animadvertere;
613 1107 714 1159 qua
755 1099 927 1137 tamen
958 1084 1007 1133 in
1038 1101 1087 1133 re
1114 1079 1294 1131 erroris
1322 1096 1440 1128 mo-

134 1194 371 1235 mentum
397 1181 547 1230 lateat
582 1179 750 1229 dicere
790 1176 998 1227 difficile
1036 1173 1127 1233 est,
1170 1170 1442 1239 multoque

136 1270 417 1327 difficilius,
459 1267 559 1318 fine
591 1267 743 1337 longa
772 1263 1112 1334 disputatione
1141 1259 1321 1311 erroris
1349 1257 1443 1308 ob-

129 1360 293 1430 jectas
316 1357 523 1410 nebulas
545 1353 839 1424 dispellere3
882 1350 1121 1422 inprimis
1143 1367 1263 1400 cum
1278 1347 1446 1397 alieno

139 1450 270 1521 saepe
314 1466 475 1499 errore
517 1444 826 1497 obtundatur
866 1442 1026 1492 animi
1060 1438 1337 1510 judicium,
1375 1437 1448 1486 ita

140 1556 196 1596 ut
240 1540 458 1611 laqueis,
509 1537 696 1609 quibus
742 1533 980 1604 expedire
1019 1532 1260 1583 volumus
1301 1527 1447 1587 alios,

142 1633 234 1704 ipsi
262 1632 448 1684 incauti
476 1630 790 1681 irretiamur:
833 1627 903 1678 ita
937 1625 1164 1676 multum
1191 1618 1451 1672 interdum

145 1724 395 1775 consumfi
420 1742 608 1794 operae,
648 1734 702 1771 ut
730 1740 832 1771 urio
859 1719 1015 1769 verbo
1042 1715 1221 1768 erroris
1249 1711 1452 1763 fontem

146 1828 195 1867 et
221 1813 442 1864 cauffam
469 1812 797 1870 declararem,
840 1822 924 1860 aut
963 1820 1019 1859 ut
1059 1804 1186 1858 illud
1222 1820 1453 1873 appone-

148 1924 277 1966 rem,
320 1922 424 1975 quo
461 1901 613 1953 simili
645 1901 862 1952 aliorum
890 1898 1045 1950 errori
1072 1905 1452 1947 occurreretur:

148 2015 269 2048 cum
313 1994 469 2046 modo
498 1992 648 2045 usum
687 1991 933 2064 loquendi
976 1987 1261 2059 poeticum,
1298 1982 1458 2034 modo

150 2088 416 2161 poeticum
432 2084 642 2156 aliquod
662 2082 978 2155 phantasma,
994 2078 1150 2130 modo
1172 2075 1459 2148 mythicam

152 2178 412 2234 rationem
452 2193 634 2245 parum
677 2175 812 2224 recte
852 2170 1009 2222 teneri
1035 2166 1283 2218 viderem.
1364 2162 1461 2214 Sed

155 2266 334 2320 monui
361 2264 464 2316 fere
494 2264 649 2315 verbo
674 2276 874 2314 tantum
897 2286 910 2320 3
953 2256 1243 2329 cujusmodi
1268 2254 1301 2305 fi
1328 2273 1461 2305 non-

155 2361 297 2414 nulla
322 2358 454 2410 forte
481 2370 766 2417 occurrent,
796 2375 933 2426 quae,
959 2372 1047 2405 cur
1073 2372 1100 2402 a
1128 2369 1212 2402 me
1238 2347 1466 2418 apposita

161 2451 278 2512 fint,
308 2451 397 2503 vix
436 2449 623 2520 assequi
665 2448 815 2519 poffit
850 2449 1012 2498 leelor
1044 2443 1215 2515 paullo
1240 2440 1462 2492 acutior:

160 2539 393 2611 respectu
433 2539 496 2590 ad
535 2540 843 2590 nobiliorem
880 2538 1105 2608 aliquem
1147 2543 1471 2586 commenta-

165 2645 347 2688 torem,
389 2631 623 2701 quamvis
652 2651 679 2682 a
705 2650 788 2681 me
815 2648 919 2681 non
943 2627 1291 2681 nominatum,
1322 2619 1472 2672 habi-

165 2741 239 2788 to,
281 2727 476 2797 adjtha
517 2746 574 2777 ea
609 2726 703 2778 effe
744 2725 1056 2782 meminerit,
1097 2734 1173 2780 ut,
1214 2736 1332 2770 cum
1374 2715 1474 2766 viri

164 2816 321 2876 etiam
360 2814 502 2868 docti
542 2815 594 2867 in
640 2835 760 2868 eum
805 2831 1027 2873 errorem
1065 2809 1219 2870 effesst
1256 2804 1472 2873 abrepti,

1170 2892 1479 2955 adolcscc‘m,
