1821 3381
370 300 426 346 18
526 292 626 342 DE
678 283 1050 337 CARMINE
1097 277 1520 331 BUCOLICO.

368 424 549 488 ingenii
581 418 846 485 periculum
890 414 1064 461 faciant
1097 413 1139 458 *.
1221 409 1347 457 Cum
1396 409 1676 456 tabellarum

369 507 553 560 harum,
586 516 693 564 quae
731 499 914 561 placere
955 492 1140 558 possint,
1176 491 1454 555 perexiguus
1492 490 1548 537 fit
1587 505 1678 536 nu·-

369 601 554 637 me1·us;
591 582 743 628 multo
787 579 865 626 ille
907 578 1051 623 etiam
1098 574 1256 620 minor
1294 571 1495 629 futurus,
1529 569 1615 617 nisi
1653 584 1678 615 e

368 669 464 715 vita
491 664 643 728 prisca
670 675 715 709 et
742 679 798 709 ex
827 660 1023 722 antiquo
1052 657 1263 705 sermone
1290 654 1503 716 mythico
1529 652 1679 698 multa

368 749 416 795 in
442 744 739 809 pastoritium
761 742 1032 788 sermonum
1061 736 1363 800 migraffent3
1399 733 1593 780 difficile
1615 730 1679 778 est

369 832 521 878 multa
550 830 596 875 in
627 828 700 874 his
724 826 915 882 variare,
935 837 986 870 ut
1018 839 1102 869 nec
1131 834 1289 868 tamen
1314 835 1339 866 a
1362 817 1681 880 simplicitate,

369 912 462 958 fine
486 927 579 974 qua
604 910 693 955 hoc
719 923 866 971 genus
890 907 1075 967 placere
1102 901 1281 962 nequit,
1316 899 1520 947 recedas.
1579 893 1681 959 Qi

366 992 514 1055 primi
539 1006 564 1036 e
587 988 867 1035 nostratibus
899 985 945 1030 in
973 985 1062 1029 hoc
1088 997 1236 1045 genus
1275 980 1560 1035 involarunt‚
1591 977 1681 1024 sal-

368 1086 467 1120 tem
503 1066 737 1116 vertendis
774 1081 827 1111 ac
867 1063 1132 1127 repetendis
1177 1062 1384 1124 antiquis
1431 1059 1683 1123 ingenium

365 1153 627 1219 approbare
656 1162 890 1214 poterant.
961 1148 1104 1194 Nunc
1134 1147 1228 1194 fere
1259 1145 1457 1193 taedium
1490 1144 1684 1203 faciunt,

366 1240 449 1304 qui
498 1236 674 1284 centies
710 1235 836 1282 dicta
873 1243 1108 1296 repetunt,
1141 1247 1248 1294 quae
1290 1230 1409 1277 dum
1442 1228 1684 1292 ingeniose

366 1324 546 1370 variare
589 1321 772 1377 volunt,
826 1319 873 1364 in
922 1317 1128 1380 argutias
1180 1329 1225 1362 et
1277 1314 1399 1363 lusus
1448 1314 1686 1374 incidunt,

368 1406 601 1453 Romanae
644 1403 757 1449 artis
800 1401 999 1447 omnino
1041 1415 1135 1445 non
1173 1397 1344 1460 exigua
1385 1415 1491 1461 pars
1539 1398 1589 1444 in
1627 1415 1685 1446 eo

367 1489 717 1544 continebatur,
751 1498 819 1543 ut,
855 1500 964 1548 quae
1004 1501 1031 1530 a
1074 1482 1257 1530 Graeeis
1295 1482 1494 1528 naturali
1527 1482 1686 1546 aliqua

368 1587 484 1618 cum
526 1570 765 1616 venustate
811 1579 858 1614 et
898 1568 1060 1629 lepore
1109 1566 1236 1613 dicta
1287 1565 1575 1628 acciperent,
1631 1583 1686 1614 ea

367 1651 594 1700 orationis
638 1651 731 1698 suae
777 1649 1028 1713 dignitate,
1063 1648 1314 1713 gravitate,
1346 1664 1400 1695 ac
1433 1649 1572 1711 eopia
1607 1665 1688 1696 01·-

369 1746 551 1780 narent.
621 1733 733 1780 Hoc
759 1749 910 1779 unum
939 1731 1161 1788 monebo,
1198 1731 1283 1777 nisi
1319 1731 1607 1787 memineris,
1636 1730 1687 1776 in

368 1814 575 1878 Virgilio
597 1816 704 1878 plus
731 1816 859 1872 artis,
889 1815 937 1860 in
963 1814 1220 1861 Theocrito
1255 1808 1360 1877 plus
1391 1813 1566 1864 nativae
1590 1814 1687 1861 ele-

367 1896 556 1959 gantiae,
581 1896 684 1954 effe,
720 1914 814 1943 non
839 1896 1001 1943 mirari
1032 1913 1126 1942 non
1148 1896 1340 1958 poteriS,
1365 1912 1479 1943 eum
1511 1897 1689 1955 videas,

369 1980 515 2026 etiam
543 1981 942 2043 praestantisfimos
971 1997 1027 2028 ex
1073 1981 1164 2027 hoc
1199 1996 1374 2043 genere
1411 1980 1574 2043 po'e'tas
1610 1997 1689 2027 re·-

369 2058 639 2106 centiorum
684 2072 956 2123 temporum
994 2060 1254 2124 Virgilium
1300 2060 1510 2106 maluiffe
1559 2059 1689 2123 sequi

369 2158 516 2205 quam
539 2142 867 2191 Theocritum.
938 2146 1069 2192 Artis
1093 2144 1272 2191 scilicet
1291 2144 1476 2207 semper
1500 2144 1688 2191 facilior

369 2223 608 2279 imitatio;
645 2226 908 2274 naturalem
933 2226 1222 2274 venustatem
1258 2226 1540 2274 difficillime
1574 2225 1688 2272 affe-

369 2321 529 2369 quare.

424 2455 445 2478 *
477 2453 579 2491 Hinc
606 2454 717 2492 etiam
751 2455 790 2492 in
822 2455 1004 2493 bucolicis
1065 2456 1120 2494 vel
1161 2455 1366 2495 Martinam
1395 2456 1471 2507 post
1505 2455 1690 2495 Ursinum.

370 2505 591 2545 carminibus
639 2506 734 2557 apud
789 2508 1004 2558 Interpretes
1068 2509 1250 2559 Equidem
1269 2522 1342 2546 non
1370 2508 1434 2545 nifi
1457 2521 1499 2545 ea
1528 2506 1688 2558 apposui,

371 2567 472 2596 tanta
501 2557 606 2607 copia
635 2559 802 2596 locorum
832 2558 1003 2597 fimilium
1067 2574 1147 2611 quae
1181 2570 1242 2598 aut
1273 2560 1423 2597 Maroni
1455 2569 1536 2597 ante
1565 2559 1691 2596 oculos

372 2620 409 2647 et
439 2609 661 2658 comparatio
693 2610 892 2648 earundem
928 2611 1002 2647 sen·
1068 2614 1167 2649 fuere
1182 2623 1242 2650 aut
1260 2609 1503 2651 illustrationis
1527 2610 1605 2650 vim
1626 2609 1690 2648 ha-

373 2661 566 2698 sentiarum
598 2661 718 2698 afferri
749 2675 790 2699 ae
824 2662 1006 2699 cumulari
1069 2664 1152 2702 bere
1168 2665 1325 2716 possunt.

372 2712 477 2750 folet.
509 2711 681 2763 Inspiciat
695 2712 826 2765 aliquis
840 2713 1002 2752 Cerdarn
