1987 3361
362 263 696 322 PR'IORIS
736 262 1198 316 EDITIONIS.
1326 282 1441 316 x111

146 410 244 464 effe
269 409 603 463 traderentur.
681 403 923 457 Proceffit
957 404 1029 455 ita
1071 421 1174 454 non
1214 403 1449 454 animad-

147 502 365 556 vertenti
407 498 637 553 studium
676 496 739 548 ad
778 494 941 566 ipsam
986 505 1255 546 contextus
1282 499 1452 564 poetae

143 613 304 667 quam
338 592 527 644 dixeris
573 587 860 647 historiam,
902 587 956 638 in
983 605 1084 657 qua
1111 604 1233 636 cum
1271 586 1449 637 omnia

145 685 251 737 fere
279 682 498 736 tenebris
537 680 764 732 obdudm
807 691 856 729 et
900 677 1162 730 obscurata
1191 677 1446 739 viderem,

146 793 371 847 cumque
411 771 628 843 indigne
670 768 878 830 ferrern,
924 769 1126 840 quoties
1154 768 1216 819 de
1242 770 1455 841 antiqua

145 866 318 936 aliqua
362 863 587 915 editione
626 873 877 933 ageretur,
918 858 1222 912 haerendum
1265 873 1314 911 et
1354 860 1453 912 du-

147 955 420 1010 bitandum
446 953 562 1015 effe,
605 951 854 1025 quorsum
892 952 978 1003 illa
1010 950 1292 1013 referenda,
1335 973 1454 1025 qutr:

146 1048 254 1118 ejus
283 1046 557 1098 auetoritas
603 1042 840 1095 habenda
879 1041 1019 1104 esset,
1060 1061 1215 1113 opera
1244 1043 1455 1096 tandem

147 1137 243 1190 hac
270 1137 425 1189 semel
453 1134 847 1207 defungendum
873 1134 968 1186 effe
1012 1133 1281 1186 arbitratus
1318 1134 1453 1197 sum,

146 1231 277 1282 utin
302 1229 590 1281 editionum
618 1227 822 1279 ordines
865 1241 912 1279 et
958 1225 1150 1286 classes,
1192 1226 1370 1298 stirpes
1398 1247 1456 1279 ac

146 1317 392 1382 familias,
432 1320 609 1390 paullo
635 1318 917 1370 accuratius
944 1317 1274 1388 inquirerem.
1338 1323 1458 1389 Qa

147 1409 203 1462 in
228 1430 279 1462 re
318 1422 374 1461 ut
419 1407 645 1479 quadam
689 1420 832 1459 tenus
876 1406 1055 1458 saltem
1096 1408 1367 1476 procedere
1391 1412 1458 1462 li-

150 1513 299 1560 ceret,
336 1500 627 1552 editionum
654 1512 769 1550 ante
806 1498 983 1550 omnia
1008 1499 1213 1551 annales
1240 1501 1457 1571 quidam

152 1605 291 1644 erant
317 1589 646 1642 conficiendi.
726 1589 803 1639 Ea
829 1589 1006 1640 omnia
1045 1587 1309 1660 subjunxi,
1351 1611 1458 1644 non

151 1681 292 1754 quod
320 1681 374 1732 in
399 1681 459 1730 iis
481 1698 558 1737 eo,
599 1697 706 1749 quo
734 1676 1130 1738 contendebam,
1174 1682 1458 1749 pervenisse

153 1771 286 1824 mihi
312 1769 518 1823 videbar
541 1792 552 1820 ε
596 1787 702 1819 non
727 1769 868 1818 enim
895 1765 1003 1818 haec
1029 1768 1090 1819 ab
1118 1788 1219 1821 uno
1245 1770 1459 1826 homine

150 1861 373 1936 praestari
400 1879 456 1912 ac
482 1858 654 1931 perfici
683 1857 886 1930 poffunt
907 1882 925 1918 ς
963 1877 1144 1911 verum
1184 1865 1457 1933 quoniam,

153 1954 190 2006 fi
210 1955 291 2005 vel
314 1954 462 2004 lineae
482 1971 657 2003 earum
679 1969 849 2002 rerum
872 1949 989 2001 duci
1009 1950 1227 2021 possent,
1260 1956 1384 2007 utile
1409 1971 1459 2009 et

153 2043 255 2096 hoc
281 2044 343 2095 ad
371 2044 545 2095 critica
568 2042 677 2094 haec
705 2054 753 2093 et
787 2042 1031 2093 litteraria
1068 2042 1230 2095 studia
1258 2045 1353 2097 effe
1378 2069 1459 2101 ar..

151 2135 395 2186 bitrabar.
476 2136 652 2201 Qem
697 2134 840 2185 enim
881 2132 1114 2185 fructum
1154 2135 1267 2189 satis
1310 2159 1460 2212 mag-

152 2244 283 2278 num
310 2244 374 2276 ex
415 2222 495 2275 his
534 2224 714 2274 litteris
760 2222 1003 2284 tulissem,
1046 2224 1139 2276 nisi
1184 2227 1303 2278 inde
1347 2233 1459 2282 ani-

156 2333 304 2365 mum
331 2315 400 2365 ita
439 2331 732 2383 comparare
770 2325 819 2363 et
858 2312 1117 2365 instituere
1156 2314 1459 2381 didiciffem,

154 2419 212 2458 ut
237 2406 456 2457 aliorum
494 2405 730 2457 utilitatis
776 2404 1036 2475 potiorem
1077 2408 1328 2461 rationem
1369 2410 1462 2464 ha-

155 2496 382 2548 bendam
406 2494 501 2547 esse
529 2509 726 2565 putem,
766 2515 926 2567 quam
960 2497 1076 2548 vani
1107 2499 1320 2570 alicujus
1350 2522 1460 2555 me-

157 2601 260 2646 ωε,
301 2605 364 2638 ne
390 2585 756 2638 existimationi
782 2604 910 2638 rneae
937 2606 994 2638 ac
1019 2588 1157 2640 laudi
1177 2592 1462 2664 quicquam

154 2675 275 2732 §.nde
321 2675 602 2736 decederet,
643 2676 769 2729 dum
813 2672 1109 2730 inchoatam
1144 2691 1194 2731 et
1241 2680 1464 2753 descrip-

1355 2788 1465 2828 tam
