1821 3381
168 575 1461 606 Q*

454 730 950 805 ECLonA
1062 751 1158 804 ΙΧ.

618 883 1024 932 MOERIS.

391 1195 1216 1250 ARGUMENTUM.

145 1281 266 1365 AD
295 1328 418 1367 urbem
436 1328 629 1367 Mantuam
646 1330 811 1369 haedulos
830 1331 1038 1383 deportanti
1072 1332 1202 1377 Moeri,
1228 1335 1369 1383 villico,
1395 1342 1460 1391 qui

145 1396 306 1436 homines
321 1408 357 1436 et
374 1398 438 1449 ipfi
452 1398 544 1437 servi
573 1410 687 1446 erant,
706 1416 743 1439 v.
770 1402 849 1440 Ecl.
875 1403 909 1447 I,
934 1407 995 1442 28.
1050 1403 1135 1445 Cic.
1163 1404 1270 1445 Verr.
1288 1406 1364 1453 ΠΙ,
1385 1424 1460 1461 503

144 1468 312 1520 adjungit
331 1468 363 1506 se
381 1468 418 1506 in
437 1467 565 1506 itinere
579 1469 750 1520 Lycidan,
778 1480 879 1509 aetate
897 1472 1042 1510 florente
1072 1475 1189 1524 pastor
1204 1484 1238 1512 et
1256 1478 1458 1519 carminum

143 1537 260 1575 studio
276 1538 447 1588 flagrans3
463 1550 483 1574 a
496 1552 568 1589 quo
577 1539 646 1576 viae
661 1540 813 1577 caussam
826 1551 971 1591 rogatus
984 1543 1115 1580 Moeris
1128 1545 1349 1584 calamitates
1364 1548 1456 1596 suas,

143 1606 368 1657 dominique,
387 1607 580 1653 Menalcae,
601 1608 748 1659 injurias
762 1623 803 1646 ac
817 1610 976 1660 pericula
988 1610 1083 1649 inter
1113 1613 1287 1659 eundum,
1300 1615 1340 1653 id
1358 1620 1455 1668 quod

141 1673 364 1724 aliquantum
379 1673 393 1723 j
423 1674 617 1711 cunditatis
635 1675 756 1720 habet,
775 1686 1055 1724 commemorat;
1084 1691 1237 1729 cumque
1265 1679 1380 1719 sermo
1409 1685 1457 1721 ad

140 1744 320 1782 Menalcae
347 1744 507 1781 carmina
535 1744 706 1783 deduftus
729 1745 824 1792 effet,
857 1747 983 1785 recitat
1000 1757 1147 1799 uterque
1160 1751 1333 1788 nonnulla
1349 1765 1394 1790 ex
1412 1754 1459 1793 iis

137 1813 338 1864 fragmenta
356 1824 397 1850 ac
414 1812 529 1857 locos,
548 1813 610 1864 qui
629 1814 700 1851 fere
718 1827 763 1851 cx
783 1815 986 1853 Theocrito
1006 1817 1164 1855 converfi
1194 1819 1289 1863 sunt,
1309 1821 1362 1858 uti
1381 1833 1457 1861 tota

138 1881 310 1919 carminis
321 1882 437 1920 forma
453 1895 497 1920 ex
511 1883 585 1932 ejus
599 1881 736 1932 Idyllio
749 1883 900 1934 septimo
914 1884 1021 1922 ducta
1034 1887 1095 1923 est.
1154 1887 1292 1926 Totum
1312 1904 1456 1932 carmen

136 1951 183 1989 ad
200 1961 337 1989 certum
354 1956 472 2003 po‘etae
489 1951 676 1991 confilium
703 1955 957 2005 compofflum,
993 1957 1152 2008 ejusque,
1185 1959 1250 1997 sub
1269 1961 1449 2004 Menalcae

136 2023 296 2067 nomine,
327 2022 509 2061 fortunam
537 2036 579 2060 ac
606 2033 807 2075 temporum
825 2025 1066 2065 calamitatem
1086 2029 1123 2066 in
1140 2043 1185 2067 eo
1203 2031 1452 2073 adumbratam

134 2092 216 2137 effe,
235 2091 460 2129 manifestum
476 2091 531 2130 fit.
598 2091 680 2141 Jam
699 2093 840 2132 Servius
871 2108 978 2146 porro
997 2096 1074 2135 haec
1093 2109 1217 2136 narrat
1233 2113 1242 2137 z
1278 2102 1452 2154 Virgilius,

130 2163 402 2213 prstquampaene
418 2164 531 2212 occgsus
558 2164 601 2214 est
618 2163 662 2201 ab
679 2164 779 2203 Arrio
795 2172 992 2219 centurione,
1009 2171 1098 2219 cujus
1118 2175 1153 2206 in
1156 2173 1198 2218 se
1203 2173 1358 2220 strifium
1370 2173 1453 2224 gla-

135 2232 225 2269 dium
243 2241 280 2268 ut
294 2234 466 2283 effugeret,
500 2234 537 2268 in
552 2231 715 2270 Mincium
721 2236 767 2283 fl
784 2237 827 2283 se
853 2241 1134 2285 prcecipitaverat
1150 2240 1253 2285 (vid.
1273 2243 1371 2279 eund.
1405 2243 1457 2280 ad

135 2301 221 2344 III,
239 2303 321 2351 94),
343 2302 482 2339 Romam
499 2312 668 2339 revertens
686 2305 866 2340 mandavit
877 2306 1143 2354 procuratoribus
1148 2310 1238 2355 suis,
1266 2320 1304 2346 ut
1320 2321 1450 2348 tueren-

135 2380 196 2407 tur
209 2385 306 2420 agros
313 2371 387 2419 suos
404 2379 436 2406 et
452 2369 658 2418 adpraesens
674 2369 921 2422 obsequerentur
935 2374 1047 2412 Arrio.
1101 2376 1203 2414 Modo
1221 2393 1296 2429 ergo
1312 2378 1450 2426 Moeris,

129 2448 325 2489 procurator
340 2440 422 2489 ejus,
426 2439 607 2486 secundum
620 2448 819 2489 praeceptum
829 2448 979 2491 patroni,
992 2454 1106 2493 portat
1123 2444 1233 2482 haedos
1251 2446 1451 2492 Mantuam,

135 2526 210 2562 quos
227 2510 327 2546 Arrio
344 2512 473 2559 efferat.
527 2507 620 2561 Qae
639 2522 692 2546 res
709 2524 792 2548 cum
809 2525 873 2562 per
891 2512 925 2549 se
942 2527 1016 2550 non
1042 2514 1297 2564 improbabilis
1311 2517 1375 2562 fit3
1393 2517 1447 2554 ef-

135 2579 244 2617 frenis
262 2578 359 2615 enim
377 2576 495 2615 libido
521 2588 557 2614 et
575 2577 764 2616 insolentia
781 2579 938 2619 militum
963 2582 1002 2618 in
1032 2583 1193 2620 colonias
1210 2585 1447 2625 dedufflorum

133 2657 220 2695 erga
237 2645 435 2696 pofl'efforcs
451 2657 634 2694 agrorum,
651 2658 739 2695 quos
756 2645 819 2697 ipfi
840 2648 1066 2695 affeflabant,
1093 2651 1195 2688 fuiffe
1212 2665 1433 2693 memoratur

135 2714 212 2753 vid.
229 2714 387 2766 Appian.
403 2713 488 2751 Civ.
505 2713 570 2752 lib.
587 2714 639 2759 V,
654 2728 689 2766 p.
708 2720 801 2754 1082
819 2732 829 2761 3
855 2719 951 2768 apud
965 2720 1118 2757 eundem
1134 2731 1253 2758 tamen
1269 2736 1354 2760 mox
1373 2725 1445 2762 alia

136 2784 292 2821 narratio
311 2784 357 2821 de
387 2783 525 2820 Clodio
543 2783 731 2827 attexitur,
765 2798 837 2836 qua
855 2795 890 2822 et
908 2786 1098 2837 superioris
1115 2789 1199 2825 fides
1217 2789 1444 2840 infringitur.

138 2851 228 2890 Haec
258 2852 331 2904 ipsa
363 2867 385 2891 a
401 2851 660 2891 recentioribus
678 2852 927 2904 interpretibus
951 2856 1066 2894 multo
1082 2856 1191 2896 etiam
1210 2857 1323 2909 magis
1339 2872 1444 2897 exor-

1361 2938 1443 2967 nala
