1987 3361
253 341 422 391 VITA
445 341 497 391 P.
522 340 813 390 VIRGILII
837 340 1149 390 MARONIS
1205 354 1403 388 chxxv

99 470 182 525 *ipso
212 474 287 525 jam
318 474 476 512 carmine
505 474 700 511 dicendum
730 471 896 511 videtur:
932 474 1032 524 quod
1065 472 1234 510 bifariam
1266 473 1410 513 trattati

102 533 207 577 solet,
239 533 309 571 hoc
340 535 402 578 est,
434 542 470 570 et
501 543 582 570 ante
616 546 719 584 opus,
746 542 782 569 et
814 532 852 568 in
887 531 967 582 ipso
1000 545 1118 582 opere.
1173 533 1270 569 Ante
1303 547 1407 584 opus,

101 592 242 637 titulus,
284 594 412 637 caussa,
456 592 623 630 intentio.
702 591 864 636 Titulus,
903 592 943 628 in
987 604 1059 641 quo
1090 593 1275 642 quaeritur,
1308 595 1409 643 cujus

102 651 158 690 fit.
225 653 374 696 Caussa,
404 652 501 689 unde
539 662 657 689 ortum
694 651 750 695 fit,
790 660 827 688 et
857 663 966 701 quare
994 651 1062 688 hoc
1092 652 1307 702 potissimum
1342 652 1408 690 fibi

101 711 150 748 ad
178 711 404 750 scribendum
435 715 542 761 poeta
573 710 821 763 praesumserit.
873 709 1049 753 Intentio,
1082 711 1121 748 in
1156 724 1227 760 qua
1254 712 1410 764 cognos-

99 769 213 815 citur,
255 770 345 822 quid
383 771 522 808 efficere
555 780 704 808 conetur
736 773 860 820 poeta.
913 768 956 804 In
988 768 1064 820 ipso
1096 782 1203 820 opere
1232 770 1311 808 sane
1338 769 1409 808 tria

38 830 41 835 ’
98 827 313 879 spectantur,
373 842 555 872 numerus,
606 826 711 873 ordo,
755 827 981 878 explanatio,
1066 828 1242 880 Qamvis
1293 829 1409 880 igitur
1435 830 1479 867 81

100 888 214 924 multa
245 887 476 938 ψευδογςκφῆ,
504 886 544 925 id
583 888 646 931 est,
678 886 766 923 falsa
803 885 1051 935 inscriptione,
1086 886 1152 923 sub
1192 887 1308 926 alieno
1343 902 1410 926 no.

99 946 199 984 mine
216 947 298 984 sunt
325 949 477 996 prolata,
512 956 552 983 ut
586 945 756 994 Thyestes
783 945 961 994 tragoedia
993 945 1097 994 hujus
1126 952 1258 996 poetae,
1299 961 1409 998 quam

101 1003 233 1040 Varius
258 1002 375 1040 edidit
411 1016 476 1053 pro
501 1002 578 1046 sua,
609 1013 645 1041 et
674 1004 743 1041 alia
778 1003 1044 1054 hujuscemodi3
1082 1014 1201 1042 tamen
1237 1006 1411 1050 Bucolica

96 1063 243 1114 >liquido
264 1063 419 1116 Virgilii
436 1065 501 1102 effe
538 1064 688 1102 minime
717 1064 961 1102 dubitandum
989 1066 1061 1103 est:
1097 1067 1288 1117 praesertim
1324 1080 1410 1107 cum

99 1124 174 1176 ipse
207 1129 330 1175 po'e'ta,
364 1135 546 1175 tamquam
580 1125 648 1162 hoc
680 1135 853 1169 metuens,
898 1125 1119 1176 principium
1151 1128 1256 1177 hujus
1292 1127 1411 1177 operis

98 1195 137 1225 et
154 1185 193 1222 in
220 1184 401 1236 principio
429 1183 602 1222 AEneidos
633 1193 669 1221 et
697 1182 737 1221 in
770 1183 843 1220 alio
873 1184 1032 1221 carmine
1047 1185 1150 1222 suum
1176 1187 1242 1225 effe
1268 1187 1411 1224 testatus

96 1245 156 1292 fit,
169 1246 292 1284 dicens
305 1258 315 1283 :

251 1333 319 1371 Ille
329 1348 398 1386 ego,
412 1336 471 1385 qui
482 1335 643 1385 quondam
656 1332 783 1385 gracili
799 1332 980 1373 modulatus
996 1348 1128 1380 avena,

96 1430 138 1469 et
154 1422 314 1474 reliqua:
341 1430 394 1468 et,

256 1507 424 1546 Carmina
433 1511 490 1558 qui
498 1506 746 1558 lzfipczstorum‚
763 1507 1116 1559 audaxque-juventa,

254 1568 369 1619 Thym
386 1579 417 1605 te
427 1567 561 1618 patulae
577 1574 676 1606 cecini
675 1569 742 1618 fizb
760 1575 899 1620 tegmine
904 1572 1006 1620 fagi.

98 1653 273 1692 Bucolica
290 1664 408 1691 autem
425 1663 462 1691 et
479 1653 571 1698 dici,
606 1663 642 1691 et
670 1654 762 1692 reste
791 1654 976 1704 appellari,
1004 1654 1062 1692 vel
1096 1655 1167 1693 hoc
1203 1654 1317 1692 solum
1350 1654 1405 1692 in-
1433 1659 1483 1700 82

99 1717 239 1755 dicium
275 1715 467 1758 suffecerit,
504 1715 601 1766 quod
640 1715 710 1752 hoc
752 1716 880 1752 eodem
914 1715 1062 1753 nomine
1097 1717 1191 1767 apud
1227 1716 1409 1753 Theocri-

98 1786 176 1814 tum
194 1777 386 1814 censeatur.
441 1775 578 1813 Verum
607 1775 701 1812 ratio
730 1788 887 1825 quoque1
905 1776 1178 1813 demonstranda
1203 1777 1264 1813 est.
1317 1776 1412 1814 Tria

98 1835 181 1874 sunt
206 1836 384 1886 pastorum
415 1847 561 1886 genera,
593 1848 672 1884 quae
704 1832 919 1883 dignitatem
953 1833 992 1870 in
1036 1833 1217 1872 Bucolicis
1248 1834 1404 1871 habent:

96 1909 254 1946 quorum
287 1895 351 1945 qui
387 1894 530 1932 minimi
564 1893 644 1930 sunt
677 1895 808 1931 αἰπόλοι
843 1892 1017 1930 dicuntur
1049 1907 1070 1930 a
1101 1893 1267 1939 Graecis;
1296 1893 1412 1931 iidem

98 1968 121 1992 a
152 1954 256 1992 nobis
286 1954 463 2005 caprarii:
508 1954 618 2004 paulo
668 1952 931 1996 honoratiores,
975 1953 1040 2003 qui
1082 1957 1240 1999 ποιμένες,
1272 1954 1310 1992 id
1347 1953 1411 1996 est,

96 2013 273 2065 opiliones
315 2014 514 2051 dicuntur:
567 2012 809 2057 honestiffimi,
852 2022 888 2049 et
922 2012 1087 2056 maximi,
1129 2016 1290 2057 βουκόλοι,
1323 2025 1413 2063 quos

98 2072 275 2111 bubulcos
308 2074 477 2112 dicimus.
541 2074 652 2111 Unde
689 2072 805 2124 igitur
836 2071 950 2122 magis
985 2071 1112 2109 debuit
1142 2074 1303 2123 pastorali
1334 2087 1413 2111 car-

99 2133 192 2172 mini
223 2148 352 2172 nomen
383 2133 538 2184 imponi,
570 2147 679 2184 quam
710 2132 756 2169 ab
787 2145 831 2170 eo
861 2131 990 2182 gradu,
1023 2132 1085 2182 qui
1112 2134 1206 2183 apud
1226 2133 1411 2183 pastorales

97 2195 405 2232 excellentissimus
434 2194 642 2231 invenitur?
685 2193 813 2230 Caussa
849 2191 1044 2242 dupliciter
1070 2191 1200 2244 inspici
1229 2193 1335 2231 solet:
1365 2194 1410 2232 ab
1437 2202 1486 2248 83

97 2253 240 2304 origine
256 2254 439 2299 carminis,
459 2263 494 2291 et
512 2267 532 2290 a
546 2254 730 2292 voluntate
745 2252 944 2290 scribentis.

150 2313 262 2351 XXI.
308 2313 502 2363 Originem
537 2322 656 2350 autem
692 2311 860 2350 Bucolici
899 2311 1070 2349 carminis
1111 2312 1175 2349 alii
1219 2312 1264 2350 ad
1300 2312 1410 2352 aliam
1439 2323 1489 2376 84

98 2375 252 2422 caussam
281 2374 412 2414 ferunt.
481 2373 572 2410 Sunt
598 2373 711 2417 enim,
742 2373 806 2423 qui
840 2386 862 2410 a
896 2372 1182 2410 Lacedaemoniis
1217 2373 1415 2424 pastoribus

143 2496 170 2537 ξ.
193 2496 244 2528 81.
269 2495 457 2539 ψευδογραφῆ.
480 2493 580 2525 immo
596 2492 727 2532 ψευδεπι-
788 2493 951 2535 pastorum
966 2503 1082 2535 genere
1104 2494 1296 2532 dicerentur,
1315 2502 1416 2536 utque

98 2543 205 2583 γραφή.
249 2541 298 2570 De
315 2540 429 2582 Thyeste
439 2549 471 2569 v,
491 2539 558 2579 sup.
575 2539 651 2578 adt.
672 2547 725 2577 30.
791 2538 869 2568 adeo
893 2538 1040 2574 βκκολικόν
1066 2537 1249 2578 simpliciter
1271 2537 1344 2569 esset
1360 2547 1417 2581 pa-

145 2585 159 2624 (3
188 2583 240 2614 82.
263 2596 346 2626 quam
361 2585 397 2614 ab
413 2596 440 2614 eo
458 2583 565 2625 gradu,
587 2585 635 2625 qui
649 2581 728 2624 apud
781 2582 930 2623 storitium.
974 2580 1084 2611 Multa
1099 2589 1205 2611 tamen
1222 2592 1258 2612 ex
1274 2582 1332 2612 hac
1348 2590 1418 2622 ety-

94 2628 212 2673 pastores
229 2627 453 2670 excellentissimus
477 2628 629 2656 invenitur.
673 2626 725 2654 In—
790 2624 932 2664 mologia
945 2623 1082 2654 suaviter
1101 2623 1231 2654 eliciunt
1242 2624 1420 2665 scriptores,

100 2680 210 2712 eptum
236 2670 279 2700 est
313 2671 384 2706 hoc,
416 2679 608 2710 quamquam
638 2667 721 2709 apud
786 2667 889 2708 quide
901 2666 1044 2696 bucolico
1055 2667 1193 2697 carmine
1210 2675 1367 2707 egerunt:
1386 2678 1418 2698 v·

101 2713 334 2744 Grammaticos
349 2712 457 2754 passim
473 2711 614 2748 obvium,
625 2711 723 2742 etiam
787 2721 813 2741 e.
829 2709 1125 2753 Qadrio‚vcrbosus
1139 2710 1248 2746 homo,
1268 2712 1341 2742 della
1354 2711 1418 2742 Sto-

102 2759 242 2793 Graecos,
264 2763 298 2786 ut
324 2763 396 2786 ante
418 2755 640 2791 Theocritum,
665 2754 720 2784 iu:
789 2753 940 2785 riaedella
951 2755 1077 2794 Ragione
1087 2754 1285 2795 d'ogniPoifia
1295 2754 1420 2792 Vol.11,

100 2801 159 2843 περὶ
174 2799 299 2842 διαφορᾶς
314 2801 366 2829 τῶν
381 2800 545 2835 βεκολικῖιν.
589 2797 726 2828 Obtinu-
788 2808 861 2840 pag.
880 2798 943 2826 600

100 2849 169 2873 erat
183 2843 264 2879 usus,
293 2850 329 2873 ut
354 2842 465 2873 Βκκὸλοι
490 2841 602 2878 eodem
618 2841 728 2878 modo,
818 2840 862 2888 f}-
889 2839 941 2876 84.
987 2841 1143 2881 originem.-
1167 2850 1196 2869 v.
1215 2849 1311 2879 quam
1327 2837 1421 2868 Eclo-

101 2896 165 2930 quo
180 2885 311 2926 ποιμένες,
333 2885 466 2919 omnino
485 2885 524 2916 de
540 2893 729 2926 quocunque
792 2893 842 2926 gis
867 2881 1077 2926 praemifimus
1108 2882 1146 2915 de
1177 2892 1293 2924 genere
1323 2880 1420 2955 bufo-

112 2937 117 2943 ’
1372 2933 1420 2958 teo
