1821 3381
390 352 924 410 GEORGICON,
992 349 1142 398 LIB.
1180 348 1246 397 11.
1380 361 1472 411 357

163 489 459 542 Parcendum
482 491 676 544 teneris;
712 500 772 544 et,
806 486 922 535 dum
947 485 992 532 se
1009 485 1146 532 laetus
1165 481 1225 530 ad
1247 496 1379 529 auras

158 577 345 626 Palmes
369 580 486 644 agit,
519 580 636 626 laxis
658 593 746 640 per
767 592 945 639 purum
968 572 1202 621 immiffus
1224 571 1438 627 habeniS,

157 667 264 732 Ipsa
285 668 387 715 acie
409 667 622 714 nondum
648 668 780 716 falcis
808 665 1061 720 tentanda;
1096 663 1173 712 sed
1197 663 1330 711 uncis
1379 660 1441 723 36
1447 674 1472 726 5

159 755 428 822 Carpendae
451 754 673 802 manibus
699 750 903 809 frondes,
937 751 1152 817 interque
1176 750 1411 816 legendae.

201 887 276 928 363.
300 888 468 919 Parcendum
483 887 518 930 {st
533 885 596 917 duo
612 895 665 927 ap.
683 884 807 921 Burm.‚
828 890 859 914 et
870 890 1003 923 uterque
1014 880 1125 912 Mead.
1141 892 1149 919 3
1172 880 1252 912 alter
1268 882 1365 914 etiam
1380 894 1387 914 ς
1413 883 1477 913 dum

144 939 205 981 fist
219 949 278 980 pro
294 945 320 971 et
334 940 396 968 dum
402 935 614 978 fi’.—-364.
635 949 716 977 quum
727 937 863 976 fi-agit
890 933 1015 965 Nonius
1042 931 1192 963 Marcell.
1218 932 1252 964 iu
1267 933 1359 965 laxus.
1403 938 1478 974 aget·

157 990 245 1032 quod
260 990 294 1021 in
311 988 447 1032 pedestri
463 988 642 1030 praeferres,
667 986 790 1017 Medic.
814 985 924 1022 Pierii,
947 991 978 1015 et
994 983 1068 1014 oe’to
1084 982 1169 1025 apud
1191 982 1300 1014 Heius.
1316 990 1348 1014 et
1363 984 1476 1014 Burm-

160 1050 236 1072 cum
252 1040 354 1071 Goth.
369 1040 429 1071 sec.
445 1050 462 1070 a
478 1049 522 1074 m.
539 1049 588 1081 pr.
631 1039 713 1080 lapſss
742 1036 886 1072 Parthas.
912 1043 944 1066 et
964 1036 1048 1077 Reg.
1072 1034 1222 1065 Martini.
1312 1034 1386 1074 365.
1409 1035 1479 1076 Ipfit

155 1093 213 1121 acie
227 1092 438 1132 nondumfalcis
453 1092 579 1120 tentanda
596 1089 707 1132 Burm.
724 1088 854 1129 recepit,
878 1094 914 1118 ut
930 1086 1024 1129 plane
1049 1085 1174 1117 Medic.
1194 1093 1226 1116 et
1242 1085 1339 1116 Pierii
1356 1086 1479 1117 Roma-

156 1152 226 1178 nuS,
250 1150 362 1184 utpote
379 1141 596 1183 antiquiffimi‚
617 1148 687 1172 tum
703 1141 798 1173 multi
821 1140 886 1176 alii,
910 1139 1007 1173 etiam
1035 1137 1158 1169 Probus
1174 1139 1356 1168 Grammat.
1378 1137 1434 1168 lib.
1453 1139 1477 1171 1.

156 1201 189 1231 et
205 1195 273 1237 Ipsa
288 1197 345 1225 acie
357 1194 425 1235 jam
441 1193 564 1224 editum
581 1200 649 1223 erat
664 1193 760 1234 usque
777 1192 816 1223 ad
833 1191 1026 1224 Commelin.
1054 1197 1086 1220 et
1114 1189 1299 1227 Pulmann„
1320 1189 1374 1231 qui
1391 1189 1478 1221 intu-

156 1245 223 1278 lere
250 1245 285 1276 in
311 1245 424 1287 vulg-g.
441 1245 509 1287 Ipfiz
525 1247 593 1274 acies
598 1246 690 1285 falcis
705 1246 816 1273 nondum
833 1251 852 1274 t.
899 1245 947 1277 At
973 1241 1084 1272 Heius.
1101 1240 1247 1271 ordinem
1263 1240 1450 1275 immutarat
1464 1249 1476 1275 ε

158 1298 270 1327 nondum
276 1297 370 1338 falcis
385 1303 465 1334 tent„
487 1303 523 1327 ut
539 1295 582 1327 est
598 1295 631 1326 in
649 1295 766 1326 multis.
815 1295 883 1336 Ipfiz
907 1295 1018 1324 nondum
1043 1295 1100 1322 acie
1113 1293 1203 1334 falcis
1230 1292 1385 1328 Rotteud.
1402 1300 1479 1324 tert.

159 1348 241 1378 Sane
257 1349 438 1390 aciesfalcis,
461 1347 515 1379 seu
532 1347 620 1384 ferri,
644 1347 744 1388 potest
760 1349 871 1383 tentari,
895 1346 948 1376 sed
963 1345 985 1376 si
1002 1354 1072 1375 eam
1089 1343 1242 1385 explores,
1263 1352 1298 1374 ut
1315 1343 1347 1375 in
1364 1345 1478 1376 Sueto·

157 1399 202 1432 nii
218 1399 274 1431 illo
290 1399 360 1431 loco
377 1399 454 1430 Ner.
473 1408 526 1440 49.
550 1400 596 1430 At
608 1398 659 1429 hic
675 1401 730 1429 acie
735 1400 826 1439 falcis
843 1397 978 1439 (poetica
994 1394 1156 1427 venustate
1172 1405 1230 1438 pro
1238 1396 1332 1439 falce)
1349 1403 1478 1428 tentan-

157 1458 211 1482 tur
227 1451 346 1482 novelli
362 1450 522 1493 palmites,
547 1450 626 1481 dum
637 1457 800 1492 putantur.
817 1449 902 1480 conf.
922 1449 999 1480 Not.
1042 1449 1099 1477 acie
1112 1447 1179 1489 jam
1194 1447 1229 1477 in
1245 1447 1384 1489 vulgatis
1401 1455 1478 1479 ante

157 1502 304 1533 Pierium
318 1501 507 1543 legebatur3
529 1501 562 1532 in
580 1501 697 1533 Medic.
716 1504 786 1531 acies
813 1511 831 1532 a
847 1511 891 1532 m.
910 1499 968 1532 sec.
986 1499 1083 1532 rubro
1100 1498 1226 1543 adpie’ta
1241 1512 1254 1529 s
1268 1497 1385 1531 littera.
1418 1497 1477 1543 fib

156 1555 234 1584 undis
249 1553 283 1587 in
299 1552 362 1585 fine
378 1552 486 1585 versus
500 1551 627 1597 legebat
643 1552 744 1584 Goth.
760 1563 809 1598 pr.

156 1646 256 1692 dam,
283 1646 323 1685 in
338 1646 498 1684 adultam
527 1646 640 1685 vitem
670 1646 786 1686 severe
850 1656 969 1686 tamen
996 1656 1031 1686 et
1061 1647 1135 1699 ipse
1153 1646 1198 1686 ad
1216 1646 1348 1697 Eclog.
1367 1644 1401 1690 1,
1427 1654 1474 1696 57

157 1699 222 1734 effe
272 1698 520 1736 exercendam.
615 1699 785 1750 Praecepti
838 1702 1069 1750 fraudatorem
1099 1701 1146 1737 de
1180 1709 1333 1749 utroque
1360 1709 1477 1748 operae

155 1749 310 1800 primam
319 1759 456 1801 partem
467 1750 654 1787 confirmat
664 1750 786 1789 Theo-

156 1801 238 1851 phr.
270 1801 316 1838 de
346 1801 466 1838 Cauff.
502 1801 619 1839 Plant.
646 1801 717 1845 ΙΙΙ,
746 1816 782 1852 9.

157 1852 252 1889 Cato
274 1865 336 1902 33,
373 1866 411 1896 2,
437 1865 480 1889 ac
512 1852 642 1890 refellit
671 1853 784 1892 Colu-

157 1904 264 1941 mella
281 1917 365 1941 cum
383 1905 408 1942 l.
427 1917 461 1942 c.
481 1903 534 1949 V,
567 1908 605 1948 6,
637 1919 683 1944 22
716 1905 783 1956 sq„

157 1965 234 1993 tum
252 1954 325 1999 IV,
350 1969 410 2000 11,
436 1969 447 1992 1
473 1971 552 1993 nam
569 1956 663 1994 illam
692 1969 785 1994 velc-

159 2022 225 2044 rem
258 2012 434 2056 opinionem
473 2009 656 2045 damnavit
695 2012 784 2058 uſsus,

155 2074 218 2096 non
234 2062 396 2109 effifl’rro
417 2061 592 2110 tangendos
621 2060 787 2097 anniculos

155 2109 334 2154 malleolos,
349 2110 437 2160 quod
442 2116 543 2148 aciem
557 2113 783 2162 rqfhrmideat,·

153 2162 371 2212 quodfrzgstra
383 2162 418 2196 V
414 2161 781 2212 &gilius—timuerunt.

156 2212 221 2251 Cf.
235 2211 417 2263 Geop.V,
433 2227 452 2250 2
459 2225 493 2260 3.
508 2225 528 2249 2
535 2227 569 2264 ς.
583 2214 782 2264 frondibus:

155 2264 203 2301 de
222 2263 295 2301 vite
311 2263 403 2314 agit.
455 2264 516 2301 Sic
544 2278 630 2302 mox
648 2265 722 2313 366
747 2276 782 2303 et

155 2315 260 2353 alibi.
325 2315 451 2366 Itaque
497 2315 622 2366 putavi
673 2316 782 2355 etiam

142 2367 380 2419 frondatorem
409 2365 457 2403 ad
496 2366 586 2404 vites
628 2367 784 2417 speeiare

155 2418 240 2456 Ecl.
257 2417 291 2462 I,
311 2432 375 2470 57,
402 2418 463 2455 etfi
480 2427 517 2455 et
537 2418 625 2455 alias
643 2420 783 2458 arbores

155 2469 351 2519 amputari,
392 2479 430 2506 et
462 2468 628 2507 frondem
660 2471 784 2521 pecori

159 2520 446 2558 substernendam
464 2520 582 2571 parari
613 2523 786 2559 memine-

157 2571 255 2609 rim:
297 2571 361 2621 qui
394 2571 464 2608 hoc
496 2571 602 2617 facit,
642 2574 786 2624 proprie

143 2624 331 2673 frondator
345 2623 423 2660 dici
441 2624 565 2674 potest.
604 2623 655 2661 cf.
690 2625 784 2663 Plin.

159 2673 314 2720 XVIII,
341 2674 368 2712 s.
387 2688 438 2724 74
455 2674 552 2712 med.
606 2675 660 2713 Ut
690 2677 786 2714 forte

157 2725 407 2763 frondatorem
426 2724 543 2762 minus
561 2725 651 2764 bene
666 2729 712 2764 ad
732 2728 785 2766 vi-

158 2786 209 2813 tes
241 2778 266 2814 l.
291 2778 317 2815 l.
346 2776 576 2821 retraxerim3
617 2788 653 2815 et
681 2780 786 2818 latius

156 2827 295 2868 diRum
313 2828 461 2865 Catullo
480 2828 575 2866 LXI
603 2829 786 2879 (LXIV),

159 2892 203 2928 41
236 2881 321 2918 Non‘
329 2880 424 2931 falx
449 2891 601 2917 attenuat
605 2884 786 2932 frondato-

160 2946 234 2977 rum
264 2931 390 2973 arboris
414 2932 585 2972 umbram.
646 2933 790 2977 Servius

848 1764 977 1801 genere
994 1750 1213 1800 frequentari
1232 1751 1351 1791 docet.
1403 1750 1480 1789 Ae»

849 1803 947 1840 cedit
977 1802 1090 1840 Ovid.
1120 1803 1214 1840 Met.
1243 1799 1357 1843 XIV,
1401 1801 1478 1849 649

848 1853 895 1890 de
914 1854 1118 1892 Vertumno
1134 1867 1143 1891 z
1175 1852 1276 1891 Falce
1288 1853 1479 1902 damfron-

848 1907 947 1943 dator
960 1917 1033 1943 erat
1049 1909 1191 1957 vilffque
1210 1914 1359 1954 putator.
1387 1902 1481 1939 laxis

848 1963 940 1994 immi
963 1974 999 1995 us
1011 1957 1147 1995 habenis
1174 1957 1219 1993 de
1249 1955 1423 1998 celeribus
1441 1963 1479 1991 et

848 2008 962 2045 effusis
981 2007 1230 2051 incrementi33
1264 2020 1285 2043 a
1304 2005 1478 2043 Lucretio

849 2059 957 2098 habet
974 2059 1026 2104 V,
1054 2063 1143 2112 785.
1193 2069 1253 2108 per
1259 2071 1395 2109 purum,
1415 2069 1479 2108 per

848 2115 991 2157 aerem3
1038 2111 1147 2149 Lucr.
1173 2122 1236 2161 per
1263 2125 1392 2155 αιιναες
1439 2116 1477 2145 et

849 2162 925 2213 sup.
945 2177 978 2200 v,
1001 2165 1070 2214 287
1099 2170 1133 2200 in
1149 2177 1309 2205 vacuum,
1335 2171 1370 2198 et
1389 2159 1478 2197 alias

840 2225 906 2264 per
930 2220 1039 2251 inane.
1106 2215 1242 2264 (Aliter
1267 2213 1362 2250 dixit
1394 2211 1479 2249 HO-

847 2275 913 2304 rat.
927 2265 972 2302 de
985 2266 1103 2305 sereno
1117 2267 1204 2304 caelo
1219 2266 1344 2303 Carm.
1359 2263 1393 2308 I,
1413 2278 1477 2313 34,

848 2319 902 2368 7.)
984 2319 1070 2368 365.
1115 2319 1209 2368 Ipsa,
1245 2317 1322 2354 scil.
1356 2315 1476 2366 prima

848 2379 946 2414 aetas‚
989 2370 1049 2406 cui
1083 2369 1256 2408 tribuitur
1291 2377 1476 2418 tamquam

848 2420 943 2457 afflo
965 2420 1019 2465 id,
1052 2421 1150 2472 quod
1176 2421 1214 2458 in
1233 2433 1274 2458 ea
1291 2420 1342 2457 fit.
1401 2419 1477 2457 Vir-

843 2471 947 2522 gulta
963 2485 1009 2509 ex
1028 2486 1062 2510 v,
1086 2476 1158 2522 346
1175 2472 1302 2523 repetit
1319 2470 1477 2508 Servius.

850 2523 1022 2574 Expressit
1041 2524 1175 2575 reliqua
1193 2523 1371 2576 Qinffil.
1390 2522 1476 2561 Inst-

848 2573 904 2619 II,
922 2589 961 2624 4,
982 2588 1040 2613 10.
1063 2590 1076 2614 1
1090 2590 1121 2614 1.
1175 2575 1390 2626 interlegere:
1419 2574 1477 2611 vi-

849 2626 955 2664 detur
984 2627 1054 2664 hoc
1082 2629 1220 2664 novasse
1245 2631 1367 2678 poeta,
1409 2638 1478 2676 pro

849 2678 967 2728 legere
982 2694 992 2724 ;
1024 2680 1192 2728 quoniam
1210 2692 1273 2728 per
1291 2678 1478 2715 intervalla

850 2728 1009 2773 frondes,
1044 2730 1124 2768 aliis
1153 2730 1296 2774 omiffis,
1327 2742 1478 2779 carpun-

849 2789 922 2818 tur.
978 2780 1377 2819 Caeterumcommunia
1395 2779 1477 2818 sunt

849 2831 926 2870 haec
941 2842 1115 2883 praecepta
1136 2846 1231 2871 curae
1253 2833 1403 2869 aliarum
1422 2844 1478 2869 ar·

850 2883 992 2922 borum.
1046 2883 1141 2921 Mox
1175 2889 1330 2929 exierint,
1371 2885 1408 2921 in
1427 2885 1478 2920 al·

851 2943 929 2974 tum
948 2935 983 2974 se
1000 2934 1214 2983 sustulerint,
1238 2938 1478 2982 excreverint.

1379 2988 1479 3035 conf.
