1821 3381
344 379 433 427 242
504 363 554 410 P.
615 358 992 410 VIRGILII
1061 357 1461 406 MARONIS

348 498 537 545 Semina
560 495 660 543 vidi
684 495 908 557 equidem
933 492 1106 539 multos
1130 491 1368 538 medicare
1391 488 1608 546 serenteS,

348 593 412 640 Et
436 591 561 638 nitro
582 587 711 651 prius
733 599 778 634 et
803 587 937 649 nigra
963 583 1242 647 perfundere
1265 598 1484 629 amurca:

351 682 589 729 Grandior
609 692 660 725 ut
684 678 803 725 fetus
828 677 1007 739 siliquis
1030 676 1276 722 fallacibus
1300 675 1436 728 esset;
1514 656 1522 662 ⁶
1574 684 1660 734 195

350 772 429 829 Et,
449 769 665 834 quamvis
691 768 791 831 igni
818 767 989 829 exiguo
1013 775 1261 827 properata
1286 760 1545 817 maderent,

353 863 464 910 Vidi
486 862 604 909 lecta
625 860 725 917 diu,
749 870 796 904 et
820 856 975 904 multo
1001 854 1204 917 speciata
1226 851 1401 908 labore,

399 1028 470 1060 194.
490 1018 664 1060 praefimdere
687 1016 770 1045 Ven.
827 1026 944 1055 orninga
975 1012 1083 1044 scribit
1116 1011 1235 1042 Medica
1268 1021 1341 1042 cum
1371 1010 1412 1042 al.
1511 1009 1585 1052 196.
1609 1010 1669 1052 {gne

353 1069 496 1101 lNr'IenteL
542 1071 583 1099 Et
598 1075 699 1098 tamen.
746 1065 961 1107 Expeohxbam
978 1065 1010 1096 in
1027 1065 1135 1105 aliquo
1151 1063 1233 1094 libro
1249 1062 1289 1094 iri
1306 1063 1491 1094 inventum:
1515 1069 1558 1099 at,
1572 1074 1670 1103 quam-1

352 1123 409 1157 vis,
433 1121 519 1162 quod
544 1119 642 1150 etiam
668 1117 808 1160 reposuit
832 1117 1022 1148 Brunckius.
1066 1116 1211 1147 Catroeus
1237 1122 1269 1146 et
1296 1113 1349 1145 alii
1373 1113 1466 1154 hujus
1482 1112 1589 1144 versus
1604 1108 1668 1143 fine

355 1172 511 1213 majorem
527 1176 650 1212 ponunt
671 1169 794 1208 ςιγμῆνε
820 1175 855 1199 ut
879 1168 957 1198 adeo
982 1169 1180 1210 jungantur:
1205 1172 1234 1195 ut
1249 1165 1308 1209 cffit
1323 1172 1354 1196 et
1371 1171 1400 1195 ut
1415 1166 1561 1194 maderent.
1606 1165 1670 1194 Po-

353 1223 413 1255 test
435 1222 607 1254 aue‘coritas
621 1220 688 1262 peti
704 1232 721 1251 e
738 1219 918 1251 Columella
939 1221 978 1258 11,
1005 1229 1058 1251 10.
1078 1227 1129 1250 11.
1175 1218 1302 1249 Volunt
1318 1215 1508 1248 sententiam
1524 1214 1606 1246 esse:
1633 1223 1672 1248 ut

355 1274 600 1316 grandescerent
631 1271 763 1309 semina,
793 1278 826 1302 et
852 1278 881 1301 ut
907 1273 985 1301 citius
1008 1276 1188 1311 coquerentur.
1245 1267 1363 1299 Doceri
1393 1274 1502 1298 tamen
1532 1265 1631 1297 velim
1653 1277 1672 1297 a

354 1326 432 1358 viris
445 1325 568 1357 doolis:
594 1335 633 1355 an
658 1325 753 1366 poeta
777 1333 862 1354 nunc
876 1325 906 1352 de
926 1335 955 1352 re
969 1324 1105 1352 culinaria
1127 1321 1270 1363 cogitare
1292 1317 1455 1363 potuerit?
1479 1325 1511 1350 et
1534 1329 1598 1360 quo
1619 1329 1673 1349 ex-

357 1377 466 1419 emplo
482 1379 588 1407 madere
604 1375 728 1406 dicatur
743 1385 802 1416 pro
823 1373 938 1416 coqui?
984 1373 1115 1404 Madere
1143 1373 1292 1403 dicuntur
1315 1382 1362 1405 ea.
1387 1380 1458 1412 quae
1485 1380 1567 1411 aqua
1589 1369 1673 1400 mol-

355 1429 491 1466 liuntur,
513 1434 734 1464 macerantur3
757 1425 802 1456 ita
826 1434 861 1457 ut
885 1425 1003 1456 semina
1020 1419 1241 1454 intumescant.
1287 1421 1403 1453 Dicere
1427 1419 1530 1451 voluit
1555 1423 1674 1451 Maro:

356 1481 485 1512 Semina
507 1478 654 1510 omnium
683 1477 816 1518 frugum
842 1484 874 1507 et
905 1475 1106 1517 leguminum
1136 1473 1248 1505 sensim
1271 1473 1486 1514 degenerare;
1509 1481 1674 1502 occurrere

357 1530 433 1563 huic
453 1530 538 1562 malo
555 1528 737 1566 nonnullos,
761 1528 949 1558 medicando
972 1525 1284 1568 grano—enimvero
1311 1535 1368 1555 nec
1386 1523 1425 1554 sle
1439 1522 1577 1554 succurri
1603 1522 1677 1554 satis

295 1611 299 1620 ,
358 1583 464 1627 poffe3
482 1581 539 1613 nifi
551 1581 700 1623 legantur
712 1579 882 1621 quotannis
893 1578 1011 1609 semina
1025 1576 1197 1619 grandiora
1209 1577 1249 1607 ad
1260 1575 1427 1607 serendum
1440 1584 1448 1604 :
1473 1574 1512 1605 cf.
1527 1575 1675 1616 Geopon.

359 1636 400 1671 ll,
417 1643 464 1673 17.

557 1641 594 1674 19
602 1641 631 1671 7.
659 1633 727 1663 Vidi
742 1644 786 1672 ego
798 1630 906 1661 laudat
919 1629 1047 1660 Colum.
1066 1629 1107 1666 11,
1118 1637 1150 1670 9,
1164 1627 1216 1658 sed
1228 1625 1293 1658 vid.
1309 1628 1418 1657 Burm.
1463 1626 1526 1656 laeta
1544 1625 1673 1656 Zulich.

359 1693 384 1716 tt
399 1685 482 1716 abest
496 1685 620 1714 Moret.
663 1686 806 1723 exchata
822 1681 909 1713 idem
925 1691 998 1711 cum
1009 1679 1103 1713 Leid.
1120 1686 1152 1711 et
1164 1678 1254 1710 Voffi
1303 1679 1373 1710 Vidi
1386 1679 1455 1708 leda
1470 1690 1553 1708 manu
1565 1678 1676 1713 Mead.

358 1748 410 1781 ap.
425 1736 579 1774 Martia,
599 1743 665 1766 non
680 1732 776 1766 male·

362 1877 459 1920 funt,
485 1886 572 1912 mox
602 1873 643 1910 in
661 1884 783 1915 nuces,
811 1869 904 1907 fetus
932 1880 987 1907 ar-

361 1927 477 1972 boris,
542 1924 692 1963 abituri.
800 1921 989 1971 Exquisite

364 1980 463 2017 dista
495 1978 598 2016 sunt:
630 1976 655 2014 fi
671 1978 852 2026 ficperant,
880 1973 905 2011 fi
927 1986 988 2011 eo-

364 2045 444 2069 rum
474 2030 588 2080 major
617 2028 722 2078 copia
749 2027 820 2063 est:
859 2035 896 2062 et
923 2038 990 2075 pro

365 2084 495 2126 altero,
532 2080 643 2118 etiam
671 2076 843 2116 frumenti
875 2077 991 2126 major

364 2135 435 2172 erit
469 2133 600 2184 copia:
643 2136 777 2181 pariter
807 2132 991 2180 flumenta

352 2189 547 2236 sequentur.
602 2183 660 2220 De
684 2187 809 2219 tritura
834 2180 911 2218 vid.
944 2178 991 2215 ad

367 2238 418 2275 vs.
457 2241 541 2288 178.
598 2234 710 2272 Nunc
738 2232 835 2270 dina
861 2232 908 2269 est
926 2244 993 2282 pro

370 2289 487 2327 meffe.
543 2288 638 2325 Area
654 2294 736 2322 teret
748 2283 878 2326 culmos,
905 2286 993 2333 poe-

368 2341 444 2378 tica
483 2339 621 2377 ratione
661 2349 736 2373 non
770 2334 996 2385 infrequente

369 2405 451 2443 pro,
490 2390 603 2428 culmi
636 2396 792 2424 terentur
823 2386 863 2423 in
897 2398 992 2429 area,

371 2444 442 2482 inf.
471 2444 558 2493 298.
587 2455 621 2478 v.
650 2440 696 2476 ad
715 2437 860 2476 Tibull.
890 2436 923 2481 I,
959 2451 994 2487 ς,

374 2508 421 2534 22
451 2505 487 2531 et
515 2492 636 2530 Cerda
660 2490 706 2527 ad
733 2490 772 2527 h.
799 2490 825 2526 l.
876 2488 997 2527 umbra

373 2547 421 2585 est
440 2546 546 2583 arbor
565 2543 638 2594 ipsa
656 2540 837 2578 umbrosa.
892 2539 996 2577 Reli-

372 2611 444 2649 qua
479 2597 526 2634 fic
542 2597 693 2647 jungere
711 2594 870 2643 pre-estat:
900 2593 997 2629 Area

373 2653 585 2701 nequicquam
610 2655 692 2684 teret
713 2643 844 2686 culmos,
873 2653 999 2693 utpote

367 2707 522 2754 pingues,
539 2697 775 2741 abundantes,
789 2695 907 2747 palea,
927 2707 1001 2732 non

375 2753 512 2805 granis.
824 2797 832 2804 .

434 2817 478 2854 19
484 2816 518 2853 3.
548 2803 681 2841 Semina
699 2800 923 2849 leguminum
943 2796 998 2834 in·

374 2856 511 2906 afflige,
532 2867 612 2891 nam
631 2851 751 2902 paullo
765 2850 838 2900 post
851 2862 858 2885 z
867 2848 1000 2899 filiquis

363 2907 577 2960 Jallacib1155
607 2916 709 2956 quas,
719 2901 817 2954 quod
832 2901 868 2938 H
874 2901 1000 2939 anetus

1053 1868 1235 1912 censebat,
1262 1879 1328 1918 pro
1351 1867 1475 1917 gluma
1498 1865 1556 1903 seu
1575 1864 1677 1903 folli-

1053 1921 1136 1958 culo
1155 1920 1232 1957 dici
1260 1919 1355 1970 posse
1380 1919 1477 1955 haud
1504 1917 1677 1960 arbitror,

1053 1983 1089 2010 et
1107 1972 1295 2009 confirmat
1307 1969 1447 2007 Plinius
1459 1969 1614 2014 XVIII,
1631 1982 1644 2006 1
1654 1983 1674 2021 7

1057 2026 1141 2075 (45)
1177 2034 1213 2060 et
1248 2022 1397 2060 Colum.
1431 2021 1485 2065 II,
1525 2034 1587 2064 10,
1619 2034 1678 2059 11.

1054 2075 1129 2120 III,
1153 2089 1213 2119 10,
1242 2077 1301 2118 18,
1319 2073 1383 2124 qui
1401 2072 1530 2110 diserte
1548 2071 1678 2122 Virgi-

1054 2127 1146 2164 lium
1158 2127 1203 2163 de
1217 2124 1300 2162 faba
1313 2124 1414 2175 loqui
1427 2124 1616 2162 affirmant.
1629 2123 1681 2161 cf.

1058 2178 1195 2216 Pallad.
1224 2176 1319 2220 XII,
1350 2176 1408 2213 tit.
1441 2190 1476 2212 1.
1505 2176 1680 2225 Geopon·

1056 2230 1111 2274 II,
1145 2242 1207 2281 35.
1277 2227 1352 2264 Etfi
1382 2239 1506 2264 verum
1537 2227 1599 2270 est,
1639 2226 1680 2263 in

1058 2282 1209 2319 aliarum
1227 2292 1371 2331 quoque
1401 2278 1550 2328 frugum
1577 2277 1682 2314 semi-

1058 2334 1164 2371 nibus
1187 2333 1259 2370 hoc
1278 2331 1375 2368 idem
1400 2339 1576 2366 tentatum
1602 2330 1684 2373 esse,

1061 2399 1097 2422 v.
1116 2397 1151 2423 e.
1171 2384 1209 2421 in
1242 2382 1366 2420 tritico
1398 2381 1491 2418 Plin.
1526 2380 1681 2423 XVIII,

1060 2450 1080 2489 7
1089 2450 1126 2485 3,
1157 2434 1358 2486 amygdalis
1387 2447 1421 2469 v.
1453 2433 1594 2470 Pallad.
1625 2432 1682 2476 II,

1065 2502 1079 2525 1
1090 2501 1127 2539 5,
1147 2487 1181 2538 §-
1210 2502 1247 2538 7.
1267 2487 1438 2523 Medicare
1454 2486 1501 2522 est
1521 2484 1683 2527 inficere,

1061 2552 1240 2577 macerare
1257 2537 1382 2575 alienis
1400 2535 1527 2573 succis.
1594 2535 1681 2585 196.

1061 2591 1106 2628 In
1137 2604 1229 2641 aqua
1260 2590 1306 2627 ad
1336 2588 1461 2638 ignem
1496 2587 1684 2624 modicum

1062 2641 1259 2680 immediati
1288 2650 1324 2678 et
1353 2639 1507 2682 molliri,
1545 2652 1566 2675 a
1593 2651 1686 2675 non-

1063 2694 1172 2731 nullis
1190 2693 1292 2731 fabas
1310 2691 1472 2728 serendas
1489 2690 1554 2734 ait,
1582 2701 1623 2727 ut
1638 2701 1684 2727 eo

1063 2745 1169 2783 citius
1196 2745 1236 2783 in
1275 2756 1364 2793 agro
1397 2741 1682 2793 progerminenr.

1063 2797 1204 2847 Siliquae
1239 2795 1409 2847 fallaces,
1464 2793 1550 2844 quia
1581 2793 1686 2843 saepe,

1063 2848 1224 2886 folliculi
1242 2859 1326 2884 cum
1348 2845 1469 2884 inanes
1485 2844 1581 2889 sunt,
1609 2856 1685 2880 ma-

1060 2900 1158 2951 jores
1190 2898 1378 2943 videntur,
1447 2905 1490 2935 ut
1542 2894 1688 2952 Seruius

1577 2956 1688 2984 etiam
