1987 3361
381 272 1011 345 ARGUMENTA;
1149 312 1394 345 ccxxxvrr

83 431 143 479 In
161 446 371 495 pugnam
392 432 592 494 populos
611 431 725 494 agit,
744 431 969 478 ementita
989 430 1281 480 Camertem.
1313 447 1328 478 1
1342 446 1365 478 2
1372 444 1397 494 5

82 515 257 562 AEneas
282 514 463 560 volucri
489 514 701 561 tardatur
723 515 941 561 membra
964 514 1150 580 sagitta.

85 598 243 645 Anxia
267 616 355 662 pro
379 610 490 645 nato
513 598 715 645 servavit
737 613 850 644 cura
871 599 1096 661 parentis.

86 680 216 727 Urbs
240 682 440 744 capitur.
512 682 675 729 Vitam
696 681 864 742 laqueo
887 680 974 726 fibi
1000 681 1106 728 finit
1129 681 1322 728 Amata.

84 761 258 810 AEneas
285 764 505 810 Turnum
529 779 704 826 campo
726 762 1010 826 congreffus,
1030 762 1272 824 utrimque

23 836 25 839 ¹
87 843 387 891 Circumfusa
410 846 526 902 acie,
550 846 648 892 vita
670 845 890 908 spoliavit
914 858 959 892 et
991 845 1152 892 armis,
1310 859 1401 906 130

85 1017 347 1080 Argumenta
369 1021 644 1083 Monostichis
674 949 875 1084 agresta.
912 1040 958 1069 v.
986 1022 1090 1069 ibid.
1116 1022 1277 1086 Engr.
1306 1035 1399 1085 191.

84 1099 256 1148 AEneas
277 1103 435 1165 primo
460 1104 657 1166 Libycis
682 1106 939 1167 appellitur
960 1106 1070 1152 oris,

86 1182 268 1230 Funera
291 1185 548 1233 Dardaniae
570 1201 723 1233 narrat
748 1187 976 1249 fletusque
1000 1188 1223 1235 secundo.

84 1263 277 1311 Tertius
302 1283 479 1313 errores
501 1267 642 1323 canit,
667 1268 979 1331 amiffumque
1001 1282 1266 1332 parentem.

85 1345 252 1392 Uritur
273 1346 321 1392 in
343 1359 512 1409 quarto
535 1347 681 1404 Dido,
699 1336 1005 1408 flammasque
1020 1345 1205 1393 fatetur.

85 1424 298 1488 Qintus
320 1427 462 1474 habet
485 1429 637 1486 ludos,
662 1441 708 1475 et
731 1429 921 1476 claffem
945 1431 1145 1494 corripit
1169 1432 1309 1496 ignis.
1373 1445 1398 1494 5

87 1508 384 1573 Qaeruntur
409 1510 539 1557 sexto
563 1510 733 1557 Manes
757 1525 804 1558 et
827 1512 1024 1561 Tartara
1048 1515 1196 1565 Ditis.

85 1591 330 1654 Septimus
352 1592 536 1640 AEnean
559 1593 715 1640 reddit
739 1593 955 1640 fatalibus
979 1597 1119 1645 arvis,

87 1674 328 1738 Praeparat
351 1677 532 1734 octavo,
551 1676 734 1723 bellum
756 1692 873 1739 quos
898 1678 1061 1727 mittat
1086 1682 1135 1729 in
1159 1684 1361 1732 hostem.

88 1758 256 1806 Nonus
281 1759 422 1806 habet
443 1776 643 1823 pugnaS,
659 1775 744 1806 nec
768 1759 897 1806 adest
918 1761 1015 1808 dux
1038 1771 1136 1834 ipse
1158 1775 1400 1821 tumultus.

87 1841 284 1890 Occidit
308 1841 476 1888 AEneae
500 1841 692 1887 decimo
718 1841 988 1888 Mezentius
1015 1842 1098 1888 ira.
1346 1858 1407 1891 10

89 1926 366 1973 Undecimo
387 1925 510 1971 vieta
530 1923 594 1970 est
615 1940 709 1970 non
731 1939 870 1987 aequo
892 1924 1051 1971 Marte
1076 1925 1295 1972 Camilla.

88 2009 390 2058 Duodecimo
414 2008 604 2054 Turnus
627 2006 804 2053 divinis
828 2007 1009 2054 occidit
1024 2009 1184 2056 armis.

717 2106 794 2158 XI

148 2200 452 2262 Argumentum
477 2200 651 2245 omnium
676 2210 842 2258 operum
872 2199 1213 2262 Virgilicvmum.
1241 2202 1344 2248 ibid.

271 2285 315 2328 E
311 2283 432 2343 pigr.
465 2294 481 2325 1
495 2282 550 2325 88
579 2280 739 2325 indoa‘li
759 2288 798 2324 et
821 2280 998 2327 barbari
1017 2281 1208 2330 hominis.

92 2365 336 2412 Pastorum
366 2363 559 2409 Musam
582 2363 713 2408 vario
735 2363 994 2410 certamine
1017 2365 1213 2426 promit,

92 2447 233 2494 Ruris
258 2447 374 2492 item
395 2445 561 2490 docilis
583 2444 817 2491 culturam
842 2445 1052 2491 carmine
1070 2446 1315 2494 monstrat.

90 2529 357 2576 Arboribus
378 2528 543 2584 vitem,
566 2527 751 2590 prolem
775 2526 1145 2590 quoquejungit
1169 2529 1328 2587 olivae,

92 2611 430 2673 Pastorumque
455 2609 614 2667 Palen,
639 2621 684 2656 et
706 2625 871 2656 curam
895 2609 1036 2657 tradit
1059 2626 1306 2672 equorum.

143 2730 182 2767 X
228 2730 373 2767 Praefixa
424 2729 532 2766 etiam
567 2728 715 2778 lingulis
834 2730 870 2765 8.
899 2728 1032 2770 bellum,
1052 2741 1119 2778 pro
1137 2727 1273 2764 bellum
1293 2730 1409 2765 utrin-

90 2784 193 2823 libris
211 2781 248 2817 in
268 2781 364 2819 Edd.
387 2781 488 2820 Balil.
507 2792 543 2820 et
561 2780 598 2818 in
615 2782 712 2820 Cod.
781 2794 849 2831 que
866 2779 1088 2831 gerentibus,
1107 2780 1274 2830 positum.

89 2839 200 2876 Rom.
219 2847 275 2883 ap.
298 2834 434 2873 Bottar.

289 2915 311 2963 5
1268 2891 1340 2938 Tu
1350 2905 1406 2935 nc
