1821 3381
291 346 822 404 GEORGICON‚
873 346 1024 394 LIB.
1079 334 1171 392 III.

1282 358 1396 408 401'

66 462 367 546 ''TaygetIque
390 497 542 538 canes,
573 479 899 543 domitrixque
929 478 1198 542 Epidaurus
1229 493 1378 542 equo-

245 590 382 629 rum3

61 667 129 715 Et
152 683 245 714 vox
268 665 461 713 adsensu
486 682 736 713 nemorum
761 665 1051 729 ingeminata
1071 666 1295 730 remugit.
1315 678 1375 730 45

63 756 189 804 Mox
211 768 371 804 tamen
393 756 601 803 ardentis
625 756 854 821 adcingar
876 756 1033 803 dicere
1054 773 1240 820 pugnas

64 843 277 907 Caesaris,
299 860 347 894 et
370 864 545 895 nornen
571 847 696 894 fama
727 860 796 894 tot
820 847 942 894 ferre
965 864 1052 911 per
1072 865 1236 905 annos,

63 940 266 988 Tithoni
288 941 444 1005 prima
467 950 584 1003 quot
606 939 732 987 abest
755 939 814 986 ab
839 938 1026 1002 origine
1051 938 1227 987 Caesar.

68 1137 70 1139 ‚
106 1082 159 1130 44.
183 1095 346 1134 domitorque
374 1091 503 1123 Zulich.
548 1103 680 1133 equarum
701 1090 812 1130 Leid.3
834 1091 1000 1133 vulgatam
1026 1091 1167 1134 agnoscit
1197 1092 1307 1124 Lutat.
1343 1089 1385 1122 ad

63 1143 143 1175 Stat.
157 1144 264 1175 Theb.
283 1145 341 1182 IV,
359 1153 433 1183 123.
453 1143 521 1174 vid.
538 1143 578 1174 ad
594 1145 713 1184 Georg.
733 1144 806 1184 I‚59
824 1143 1078 1180 Burn1.——--46.
1092 1152 1145 1182 47.
1157 1143 1199 1181 48
1212 1148 1266 1185 qui
1282 1143 1386 1176 abesse

66 1192 151 1227 forte
167 1203 332 1238 poterant,
352 1206 412 1237 pro
428 1194 541 1236 spuriis
555 1194 692 1225 habebat
709 1194 854 1225 Hurdius
867 1193 890 1224 l.
909 1194 931 1224 1.
949 1194 989 1224 ad
1012 1194 1128 1224 Horat.
1150 1196 1209 1236 Ep.
1225 1195 1265 1227 ad
1293 1198 1384 1237 Aug.

66 1242 117 1278 1'6.

205 1247 258 1286 46.
285 1248 366 1278 AWox
383 1249 465 1277 etiam
482 1246 606 1288 Regius
623 1245 771 1276 Martini.

864 1254 920 1284 47.
943 1247 1076 1286 totfama
1095 1245 1225 1277 Zulich.
1264 1249 1388 1293 CaeJ'Jris

63 1290 213 1339 &samam
229 1305 254 1328 et
270 1310 361 1327 nomen
376 1304 415 1327 tot
430 1296 594 1328 Rufinian.
614 1295 652 1326 dc
668 1295 792 1326 Schem.
809 1297 934 1326 Lexeos
949 1306 982 1337 p.
999 1305 1051 1335 32.
1069 1296 1134 1327 vid.
1148 1297 1259 1328 Bnrm.
1305 1302 1388 1330 Sane

63 1360 129 1382 non
145 1350 228 1381 male
244 1351 452 1392 interpungas
465 1360 473 1379 t
497 1351 627 1390 accingar
638 1350 724 1378 dicere
732 1355 856 1390 pugnas,
879 1349 1000 1389 Caesaris
1014 1355 1040 1379 et
1054 1361 1145 1379 nomen
1151 1351 1249 1392 fama.

1330 1350 1387 1389 48.

63 1403 135 1444 quod
146 1400 264 1433 Medic.
283 1411 301 1432 a
316 1411 360 1432 m.
375 1411 424 1443 pr.
441 1401 620 1437 Romanus,
634 1400 720 1440 Reg.
739 1406 771 1429 et
790 1398 895 1430 Goth.
913 1409 964 1442 pr.
1010 1407 1104 1441 quotus
1119 1402 1153 1443 {st
1170 1402 1254 1432 Ven.

66 1527 103 1568 'et
123 1527 321 1583 sequuntur
338 1533 485 1586 szgeti
518 1536 573 1584 (v.
600 1533 695 1584 supr.

67 1583 209 1635 Georg.
224 1584 277 1629 II,
304 1589 394 1633 488)
413 1601 524 1629 canes,
542 1586 640 1635 quod
660 1595 698 1622 et

65 1634 183 1685 ipsum
213 1637 259 1673 ad
286 1636 512 1673 venationem
548 1637 692 1687 spectat.

65 1685 207 1724 Tradet
223 1696 341 1724 autem
359 1698 394 1724 et
413 1701 543 1725 canum
571 1701 694 1725 curam

65 1743 103 1776 ir.
119 1752 208 1788 404.
221 1738 379 1776 Ouwens
393 1738 442 1776 V.
462 1739 508 1776 C.
525 1738 564 1777 in
579 1739 693 1777 Nod.

67 1786 170 1841 Hag.
182 1790 323 1842 pff5‘83.
344 1789 420 1841 584
434 1792 556 1828 multis
571 1804 693 1828 exem-

67 1841 136 1892 plis
167 1841 311 1886 docuit,
330 1852 489 1879 armenta
506 1853 543 1879 et
567 1855 693 1893 greges

67 1893 108 1930 in
120 1893 326 1931 Cithaerone
338 1895 482 1931 erraffe:
503 1908 574 1944 qua
591 1895 637 1931 de
656 1907 693 1932 re

66 1944 235 1995 equidem
270 1958 342 1983 non
371 1945 607 1991 dubitabam;
634 1959 695 1984 oc-

67 1996 184 2033 currit
202 1995 300 2035 enim
325 2009 378 2032 res
397 1996 434 2033 in
450 1996 583 2034 fabulis
604 1999 693 2034 Am-

67 2047 213 2097 phionis
245 2061 287 2085 ac
319 2047 432 2085 Zethi
452 2058 498 2093 et
528 2048 693 2099 Oedipig

68 2098 130 2136 sed
145 2098 372 2146 nobilitatem
391 2096 603 2150 pascuorum
631 2113 695 2136 ex-

67 2150 268 2201 emplorum
288 2150 351 2188 usu
371 2148 586 2188 declaratam
605 2149 696 2188 defi-

68 2201 255 2246 derabam,
291 2212 330 2239 ut
358 2203 403 2239 ab
430 2215 471 2239 ea
503 2202 694 2240 Cithaeron

65 2257 185 2303 po'etae
240 2255 430 2291 memorari
473 2255 583 2304 posset
631 2267 697 2304 pro

71 2304 346 2355 quibuscunque
380 2305 531 2356 pascuis.
605 2305 694 2342 Cla-

69 2368 205 2393 morem
223 2356 333 2394 bourn
352 2367 388 2394 et
419 2370 608 2394 vaccarum
637 2371 697 2394 oc-

68 2420 225 2452 currere,
251 2421 323 2446 non
340 2408 453 2459 magis
479 2407 693 2446 inficiabar:

68 2469 107 2495 at
138 2463 268 2511 ingenti
297 2459 435 2497 clamore
465 2460 546 2510 quis
588 2460 698 2497 boves

70 2510 259 2561 defignet?
286 2510 470 2549 Decedam
504 2521 624 2548 tamen
651 2512 697 2547 de

69 2558 244 2612 opinione
258 2575 335 2599 mea
351 2575 392 2599 ea
409 2562 454 2599 de
465 2563 594 2607 caussa,
612 2562 698 2612 quia

69 2617 338 2666 argumentum,
356 2614 454 2664 quod
482 2614 596 2651 versat
610 2618 696 2664 poe—

70 2673 123 2708 ta,
167 2677 238 2701 non
271 2674 344 2701 tam
375 2665 419 2700 ad
455 2665 697 2710 venationem,

70 2719 180 2766 quam
195 2715 240 2751 ad
257 2713 417 2752 armenta
429 2715 574 2767 (μεθείη,
589 2716 697 2754 adeo-

72 2779 143 2817 que
161 2766 269 2803 boves
292 2767 331 2803 in
349 2767 557 2805 Cithaerone
577 2768 698 2817 requi-

73 2819 217 2862 rantur,
246 2828 285 2856 ut
319 2831 405 2855 mox
439 2819 537 2869 equi.
591 2819 697 2855 Alte-

73 2871 152 2905 rum
186 2881 271 2906 vero
315 2876 442 2922 ingenti
481 2871 620 2908 clamore
651 2870 699 2908 fic

72 2919 217 3009 {nerii-or,
236 2930 275 2956 ut
299 2934 372 2959 non
390 2921 435 2959 ad
454 2921 700 2960 Cithaeronem

170 2983 245 3010 OM.
269 2984 299 3013 1.

760 1534 876 1572 solum
896 1535 1063 1579 reseram,
1089 1544 1212 1572 verum
1245 1535 1289 1572 ad
1309 1548 1390 1572 om·-

761 1586 836 1629 nia,
880 1600 961 1636 quae
994 1586 1216 1636 sequuntur:
1247 1587 1390 1637 ingenti

762 1638 920 1675 clamore
937 1647 1069 1674 vocant
1101 1652 1159 1675 me
1185 1638 1389 1682 Cithaeron,

762 1689 949 1739 Taygetus
981 1698 1018 1725 et
1053 1688 1268 1739 Epidaurus.
1332 1689 1391 1726 Ita

762 1739 808 1776 de
827 1753 1034 1784 vaccarum,
1061 1753 1193 1778 canum
1224 1751 1261 1779 et
1279 1754 1391 1791 equa-

764 1803 844 1829 rum
859 1792 1007 1828 vo'cibus
1018 1791 1262 1830 communiter
1277 1799 1392 1844 ingens

762 1843 887 1881 clamor
909 1843 1101 1880 commode
1118 1844 1308 1894 praedicari
1325 1857 1393 1895 po-

764 1894 847 1933 tuit.
898 1893 956 1931 Ita
972 1895 1116 1931 tandem
1147 1909 1219 1932 rem
1244 1896 1392 1947 expedi-

763 1955 839 1983 tam
856 1955 957 1996 puto.
1012 1947 1201 1996 Epidaurus
1217 1961 1301 1985 cum
1316 1958 1393 1985 tota

766 1997 946 2048 Argolide
962 2013 1109 2049 equorum
1128 2011 1213 2035 cura
1231 1998 1362 2036 nobilis
1379 2012 1389 2035 :

769 2049 833 2085 nifi
858 2062 903 2086 ex
922 2049 1088 2086 Homero
1111 2051 1280 2094 tenueris,
1307 2051 1393 2088 vide

765 2099 823 2137 vel
842 2100 965 2150 Intpp.
989 2099 1122 2138 Horat.
1152 2101 1277 2139 Carm.
1299 2101 1332 2145 I,
1352 2117 1391 2153 7,

766 2166 789 2210 9
808 2152 932 2202 Aptum
963 2154 1042 2189 dicit
1070 2160 1160 2203 equis
1190 2155 1311 2205 Argos·
1340 2154 1391 2192 cf.

766 2202 835 2241 inf.
874 2216 938 2240 121
985 2212 1022 2240 et
1053 2203 1182 2242 Strabo
1216 2204 1328 2249 VIII,
1354 2220 1392 2256 p.

769 2267 854 2306 595.
920 2258 984 2304 48.
1012 2255 1173 2293 Sollenni
1204 2261 1393 2307 poetarum

765 2306 871 2355 hujus
888 2306 954 2342 aevi
973 2319 1072 2343 more
1089 2316 1124 2343 et
1144 2307 1297 2345 artificio
1313 2308 1393 2345 Au-

764 2357 858 2407 gusti
875 2357 995 2395 laudes
1010 2358 1197 2408 ampliores
1214 2361 1259 2397 ad
1284 2373 1395 2397 annos

767 2408 914 2446 seriores
934 2408 1132 2459 majorique
1153 2423 1267 2448 rerum
1286 2421 1321 2448 et
1336 2425 1393 2448 ar-

767 2460 814 2497 tis
833 2460 894 2497 usu
913 2461 1071 2498 firmatos
1086 2461 1238 2512 seponit.
1278 2462 1394 2500 Titho-

767 2528 827 2548 nus
844 2522 880 2548 et
897 2512 972 2563 ipse
990 2513 1035 2549 ad
1054 2514 1172 2563 gentis
1190 2514 1299 2562 Juliae
1317 2516 1393 2551 ori-

766 2562 869 2613 gines
882 2563 1049 2613 pertinet⁹
1077 2565 1163 2601 Erat
1172 2565 1267 2602 enim
1283 2565 1393 2602 Trois

767 2615 937 2665 abnepos,
980 2614 1239 2653 Laomedontis
1284 2617 1391 2653 filium

768 2664 945 2716 Tempus,
971 2667 1070 2717 quod
1101 2667 1146 2703 ab
1176 2667 1245 2705 hoc
1265 2681 1393 2719 proge-

767 2715 885 2754 nitore
919 2722 1017 2765 (nam
1052 2734 1075 2754 a
1110 2726 1224 2768 prima
1257 2719 1398 2757 Tithoni

739 2768 741 2771 ¹
767 2774 889 2821 origine
919 2770 979 2813 est,
1008 2781 1027 2805 a
1046 2768 1228 2819 Tithono)
1254 2771 1394 2809 effluxit

767 2820 812 2857 ad
833 2819 1027 2864 Caesarem,
1047 2833 1111 2871 pro
1144 2822 1286 2860 infinito
1304 2832 1394 2858 tcm-

767 2884 855 2921 pore
884 2872 1044 2921 ponitur.
1100 2872 1329 2921 Argutanrur
1358 2882 1395 2909 et

767 2922 1393 2974 inhislntpp„inprimisMartinus.

818 2974 852 3010 C
880 2987 900 3011 e
1224 2988 1393 3028 49—51.
