<?xml version="1.0" encoding="UTF-8"?>
<!DOCTYPE html PUBLIC "-//W3C//DTD XHTML 1.0 Transitional//EN"
    "http://www.w3.org/TR/xhtml1/DTD/xhtml1-transitional.dtd">
<html xmlns="http://www.w3.org/1999/xhtml" xml:lang="en" lang="en">
 <head>
  <title>
</title>
<meta http-equiv="Content-Type" content="text/html;charset=utf-8" />
  <meta name='ocr-system' content='tesseract 3.04.00' />
  <meta name='ocr-capabilities' content='ocr_page ocr_carea ocr_par ocr_line ocrx_word'/>
</head>
<body>
  <div class='ocr_page' id='page_1' title='image "./operavarietatele01virguoft_0585.png"; bbox 0 0 1821 3381; ppageno 0'>
   <div class='ocr_carea' id='block_1_1' title="bbox 333 203 1202 287">
    <p class='ocr_par' dir='ltr' id='par_1_1' title="bbox 333 203 1202 287">
     <span class='ocr_line' id='line_1_1' title="bbox 333 203 1202 287; baseline -0.014 -1"><span class='ocrx_word' id='word_1_1' title='bbox 333 203 877 287; x_wconf 80' lang='lat' dir='ltr'><strong>GEORGICON,</strong></span> <span class='ocrx_word' id='word_1_2' title='bbox 931 229 1085 277; x_wconf 68' lang='grc' dir='ltr'><strong>ΜΒ.</strong></span> <span class='ocrx_word' id='word_1_3' title='bbox 1136 227 1202 275; x_wconf 88' lang='lat'><strong>11.</strong></span> 
     </span>
    </p>
   </div>
   <div class='ocr_carea' id='block_1_2' title="bbox 1342 242 1429 289">
    <p class='ocr_par' dir='ltr' id='par_1_2' title="bbox 1342 242 1429 289">
     <span class='ocr_line' id='line_1_2' title="bbox 1342 242 1429 289; baseline 0.023 -13"><span class='ocrx_word' id='word_1_4' title='bbox 1342 242 1429 289; x_wconf 79' lang='lat'><strong>311</strong></span> 
     </span>
    </p>
   </div>
   <div class='ocr_carea' id='block_1_3' title="bbox 118 362 1432 524">
    <p class='ocr_par' dir='ltr' id='par_1_3' title="bbox 118 362 1432 524">
     <span class='ocr_line' id='line_1_3' title="bbox 118 362 1332 437; baseline -0.01 -15"><span class='ocrx_word' id='word_1_5' title='bbox 118 374 255 423; x_wconf 87' lang='lat' dir='ltr'>Flore</span> <span class='ocrx_word' id='word_1_6' title='bbox 276 372 384 437; x_wconf 88' lang='lat' dir='ltr'><strong>piri,</strong></span> <span class='ocrx_word' id='word_1_7' title='bbox 417 371 736 436; x_wconf 81' lang='lat' dir='ltr'><strong>glandemque</strong></span> <span class='ocrx_word' id='word_1_8' title='bbox 757 368 855 415; x_wconf 88' lang='lat' dir='ltr'><strong>sues</strong></span> <span class='ocrx_word' id='word_1_9' title='bbox 870 366 1046 429; x_wconf 83' lang='lat' dir='ltr'><strong>fregere</strong></span> <span class='ocrx_word' id='word_1_10' title='bbox 1066 363 1150 410; x_wconf 90' lang='lat' dir='ltr'><strong>sub</strong></span> <span class='ocrx_word' id='word_1_11' title='bbox 1174 362 1332 410; x_wconf 84' lang='lat' dir='ltr'><strong>ulmis.</strong></span> 
     </span>
     <span class='ocr_line' id='line_1_4' title="bbox 181 456 1432 524; baseline -0.011 -9"><span class='ocrx_word' id='word_1_12' title='bbox 181 466 288 514; x_wconf 89' lang='lat' dir='ltr'><strong>Nec</strong></span> <span class='ocrx_word' id='word_1_13' title='bbox 343 466 514 514; x_wconf 88' lang='lat' dir='ltr'><strong>modus</strong></span> <span class='ocrx_word' id='word_1_14' title='bbox 568 463 767 511; x_wconf 89' lang='lat' dir='ltr'><strong>inserere</strong></span> <span class='ocrx_word' id='word_1_15' title='bbox 812 473 953 524; x_wconf 85' lang='lat' dir='ltr'><strong>atque</strong></span> <span class='ocrx_word' id='word_1_16' title='bbox 997 457 1160 504; x_wconf 86' lang='lat' dir='ltr'><strong>oculos</strong></span> <span class='ocrx_word' id='word_1_17' title='bbox 1206 456 1432 520; x_wconf 84' lang='lat' dir='ltr'><strong>inponere</strong></span> 
     </span>
    </p>
   </div>
   <div class='ocr_carea' id='block_1_4' title="bbox 315 551 531 615">
    <p class='ocr_par' dir='ltr' id='par_1_4' title="bbox 315 551 531 615">
     <span class='ocr_line' id='line_1_5' title="bbox 315 551 531 615; baseline 0.005 -17"><span class='ocrx_word' id='word_1_18' title='bbox 315 551 531 615; x_wconf 82' lang='lat' dir='ltr'><strong>simplex.</strong></span> 
     </span>
    </p>
   </div>
   <div class='ocr_carea' id='block_1_5' title="bbox 117 638 1377 704">
    <p class='ocr_par' dir='ltr' id='par_1_5' title="bbox 117 638 1377 704">
     <span class='ocr_line' id='line_1_6' title="bbox 117 638 1377 704; baseline -0.006 -14"><span class='ocrx_word' id='word_1_19' title='bbox 117 642 263 699; x_wconf 88' lang='lat' dir='ltr'><strong>Nam,</strong></span> <span class='ocrx_word' id='word_1_20' title='bbox 297 658 390 704; x_wconf 85' lang='lat' dir='ltr'><strong>qua</strong></span> <span class='ocrx_word' id='word_1_21' title='bbox 411 640 455 688; x_wconf 90' lang='lat' dir='ltr'><strong>se</strong></span> <span class='ocrx_word' id='word_1_22' title='bbox 475 641 635 688; x_wconf 85' lang='lat' dir='ltr'><strong>medio</strong></span> <span class='ocrx_word' id='word_1_23' title='bbox 658 640 855 687; x_wconf 86' lang='lat' dir='ltr'><strong>trudunt</strong></span> <span class='ocrx_word' id='word_1_24' title='bbox 874 638 932 685; x_wconf 91' lang='lat' dir='ltr'><strong>de</strong></span> <span class='ocrx_word' id='word_1_25' title='bbox 956 639 1132 686; x_wconf 87' lang='lat' dir='ltr'><strong>cortice</strong></span> <span class='ocrx_word' id='word_1_26' title='bbox 1154 652 1377 701; x_wconf 80' lang='lat' dir='ltr'><strong>gemmae,</strong></span> 
     </span>
    </p>
   </div>
   <div class='ocr_carea' id='block_1_6' title="bbox 115 726 1267 796">
    <p class='ocr_par' dir='ltr' id='par_1_6' title="bbox 115 726 1267 796">
     <span class='ocr_line' id='line_1_7' title="bbox 115 726 1267 796; baseline -0.008 -15"><span class='ocrx_word' id='word_1_27' title='bbox 115 733 182 781; x_wconf 91' lang='lat' dir='ltr'><strong>Et</strong></span> <span class='ocrx_word' id='word_1_28' title='bbox 203 734 356 781; x_wconf 90' lang='lat' dir='ltr'><strong>tenuis</strong></span> <span class='ocrx_word' id='word_1_29' title='bbox 374 742 604 796; x_wconf 86' lang='lat' dir='ltr'><strong>rumpunt</strong></span> <span class='ocrx_word' id='word_1_30' title='bbox 622 731 820 785; x_wconf 60' lang='lat' dir='ltr'><strong>tunicam,</strong></span> <span class='ocrx_word' id='word_1_31' title='bbox 856 729 1073 792; x_wconf 82' lang='lat' dir='ltr'><strong>angustus</strong></span> <span class='ocrx_word' id='word_1_32' title='bbox 1098 729 1148 774; x_wconf 88' lang='lat' dir='ltr'><strong>in</strong></span> <span class='ocrx_word' id='word_1_33' title='bbox 1167 726 1267 790; x_wconf 88' lang='lat' dir='ltr'><strong>ipso</strong></span> 
     </span>
    </p>
   </div>
   <div class='ocr_carea' id='block_1_7' title="bbox 1368 738 1424 787">
    <p class='ocr_par' dir='ltr' id='par_1_7' title="bbox 1368 738 1424 787">
     <span class='ocr_line' id='line_1_8' title="bbox 1368 738 1424 787; baseline 0 0"><span class='ocrx_word' id='word_1_34' title='bbox 1368 738 1424 787; x_wconf 87' lang='lat'><strong>75</strong></span> 
     </span>
    </p>
   </div>
   <div class='ocr_carea' id='block_1_8' title="bbox 116 817 1285 879">
    <p class='ocr_par' dir='ltr' id='par_1_8' title="bbox 116 817 1285 879">
     <span class='ocr_line' id='line_1_9' title="bbox 116 817 1285 879; baseline -0.007 -10"><span class='ocrx_word' id='word_1_35' title='bbox 116 820 196 869; x_wconf 87' lang='lat' dir='ltr'><strong>Fit</strong></span> <span class='ocrx_word' id='word_1_36' title='bbox 211 821 338 868; x_wconf 91' lang='lat' dir='ltr'><strong>nodo</strong></span> <span class='ocrx_word' id='word_1_37' title='bbox 355 820 504 867; x_wconf 81' lang='lat' dir='ltr'><strong>finus:</strong></span> <span class='ocrx_word' id='word_1_38' title='bbox 540 819 633 866; x_wconf 90' lang='lat' dir='ltr'><strong>huc</strong></span> <span class='ocrx_word' id='word_1_39' title='bbox 656 819 808 865; x_wconf 88' lang='lat' dir='ltr'><strong>aliena</strong></span> <span class='ocrx_word' id='word_1_40' title='bbox 825 834 882 864; x_wconf 84' lang='lat' dir='ltr'><strong>ex</strong></span> <span class='ocrx_word' id='word_1_41' title='bbox 905 817 1068 864; x_wconf 83' lang='lat' dir='ltr'><strong>arbore</strong></span> <span class='ocrx_word' id='word_1_42' title='bbox 1088 830 1285 879; x_wconf 81' lang='lat' dir='ltr'><strong>germen</strong></span> 
     </span>
    </p>
   </div>
   <div class='ocr_carea' id='block_1_9' title="bbox 116 909 1236 977">
    <p class='ocr_par' dir='ltr' id='par_1_9' title="bbox 116 909 1236 977">
     <span class='ocr_line' id='line_1_10' title="bbox 116 909 1236 977; baseline -0.006 -15"><span class='ocrx_word' id='word_1_43' title='bbox 116 913 392 971; x_wconf 88' lang='lat' dir='ltr'><strong>Includunt‚</strong></span> <span class='ocrx_word' id='word_1_44' title='bbox 426 913 615 977; x_wconf 90' lang='lat' dir='ltr'><strong>udoque</strong></span> <span class='ocrx_word' id='word_1_45' title='bbox 637 914 811 961; x_wconf 85' lang='lat' dir='ltr'><strong>docent</strong></span> <span class='ocrx_word' id='word_1_46' title='bbox 827 910 1074 958; x_wconf 85' lang='lat' dir='ltr'><strong>inolescere</strong></span> <span class='ocrx_word' id='word_1_47' title='bbox 1097 909 1236 956; x_wconf 86' lang='lat' dir='ltr'><strong>libro.</strong></span> 
     </span>
    </p>
   </div>
   <div class='ocr_carea' id='block_1_10' title="bbox 115 1001 1284 1060">
    <p class='ocr_par' dir='ltr' id='par_1_10' title="bbox 115 1001 1284 1060">
     <span class='ocr_line' id='line_1_11' title="bbox 115 1001 1284 1060; baseline -0.009 -5"><span class='ocrx_word' id='word_1_48' title='bbox 115 1008 218 1055; x_wconf 92' lang='lat' dir='ltr'><strong>Aut</strong></span> <span class='ocrx_word' id='word_1_49' title='bbox 235 1005 420 1056; x_wconf 87' lang='lat' dir='ltr'><strong>rursum</strong></span> <span class='ocrx_word' id='word_1_50' title='bbox 443 1006 612 1054; x_wconf 85' lang='lat' dir='ltr'><strong>enodes</strong></span> <span class='ocrx_word' id='word_1_51' title='bbox 636 1005 792 1052; x_wconf 87' lang='lat' dir='ltr'><strong>trunci</strong></span> <span class='ocrx_word' id='word_1_52' title='bbox 811 1004 1090 1060; x_wconf 80' lang='lat' dir='ltr'><strong>resecantur,</strong></span> <span class='ocrx_word' id='word_1_53' title='bbox 1123 1014 1169 1048; x_wconf 89' lang='lat' dir='ltr'><strong>et</strong></span> <span class='ocrx_word' id='word_1_54' title='bbox 1191 1001 1284 1046; x_wconf 86' lang='lat' dir='ltr'><strong>alte</strong></span> 
     </span>
    </p>
   </div>
   <div class='ocr_carea' id='block_1_11' title="bbox 111 1135 1428 1239">
    <p class='ocr_par' dir='ltr' id='par_1_11' title="bbox 111 1135 1428 1239">
     <span class='ocr_line' id='line_1_12' title="bbox 159 1135 1428 1187; baseline -0.009 -11"><span class='ocrx_word' id='word_1_55' title='bbox 159 1152 211 1184; x_wconf 84' lang='lat'><strong>72.</strong></span> <span class='ocrx_word' id='word_1_56' title='bbox 230 1146 388 1187; x_wconf 52' lang='lat' dir='ltr'><strong>glandesque</strong></span> <span class='ocrx_word' id='word_1_57' title='bbox 413 1143 500 1175; x_wconf 85' lang='lat' dir='ltr'><strong>Gud.</strong></span> <span class='ocrx_word' id='word_1_58' title='bbox 527 1150 559 1174; x_wconf 87' lang='lat' dir='ltr'><strong>et</strong></span> <span class='ocrx_word' id='word_1_59' title='bbox 589 1149 725 1184; x_wconf 84' lang='lat' dir='ltr'><strong>quatuor</strong></span> <span class='ocrx_word' id='word_1_60' title='bbox 749 1140 814 1178; x_wconf 82' lang='lat' dir='ltr'><strong>alii,</strong></span> <span class='ocrx_word' id='word_1_61' title='bbox 839 1147 870 1171; x_wconf 85' lang='lat' dir='ltr'><strong>et</strong></span> <span class='ocrx_word' id='word_1_62' title='bbox 895 1139 958 1170; x_wconf 86' lang='lat' dir='ltr'><strong>duo</strong></span> <span class='ocrx_word' id='word_1_63' title='bbox 980 1137 1123 1173; x_wconf 72' lang='lat' dir='ltr'><strong>Martini.</strong></span> <span class='ocrx_word' id='word_1_64' title='bbox 1168 1135 1254 1167; x_wconf 83' lang='lat' dir='ltr'><strong>Plin.</strong></span> <span class='ocrx_word' id='word_1_65' title='bbox 1273 1136 1350 1173; x_wconf 88' lang='lat' dir='ltr'><strong>XV,</strong></span> <span class='ocrx_word' id='word_1_66' title='bbox 1377 1144 1428 1175; x_wconf 83' lang='lat'><strong>15,</strong></span> 
     </span>
     <span class='ocr_line' id='line_1_13' title="bbox 111 1189 1428 1239; baseline -0.01 -9"><span class='ocrx_word' id='word_1_67' title='bbox 111 1197 135 1229; x_wconf 78' lang='lat' dir='ltr'><strong>s.</strong></span> <span class='ocrx_word' id='word_1_68' title='bbox 154 1206 193 1238; x_wconf 93' lang='lat'><strong>17</strong></span> <span class='ocrx_word' id='word_1_69' title='bbox 209 1200 327 1238; x_wconf 78' lang='lat' dir='ltr'><strong>cerasum</strong></span> <span class='ocrx_word' id='word_1_70' title='bbox 340 1208 398 1238; x_wconf 89' lang='lat' dir='ltr'><strong>pro</strong></span> <span class='ocrx_word' id='word_1_71' title='bbox 413 1196 581 1239; x_wconf 81' lang='lat' dir='ltr'><strong>glandibus</strong></span> <span class='ocrx_word' id='word_1_72' title='bbox 596 1195 715 1232; x_wconf 72' lang='lat' dir='ltr'><strong>laudat,</strong></span> <span class='ocrx_word' id='word_1_73' title='bbox 737 1193 902 1224; x_wconf 76' lang='lat' dir='ltr'><strong>memoriae</strong></span> <span class='ocrx_word' id='word_1_74' title='bbox 919 1191 1019 1232; x_wconf 81' lang='lat' dir='ltr'><strong>lapsu.</strong></span> <span class='ocrx_word' id='word_1_75' title='bbox 1055 1191 1120 1229; x_wconf 55' lang='lat' dir='ltr'><strong>files</strong></span> <span class='ocrx_word' id='word_1_76' title='bbox 1136 1191 1220 1231; x_wconf 65' lang='lat' dir='ltr'><strong>legere</strong></span> <span class='ocrx_word' id='word_1_77' title='bbox 1237 1189 1362 1219; x_wconf 78' lang='lat' dir='ltr'><strong>Morer.</strong></span> <span class='ocrx_word' id='word_1_78' title='bbox 1378 1199 1428 1229; x_wconf 77' lang='lat' dir='ltr'><strong>pr,</strong></span> 
     </span>
    </p>
   </div>
   <div class='ocr_carea' id='block_1_12' title="bbox 436 1265 519 1271">
    <p class='ocr_par' dir='ltr' id='par_1_12' title="bbox 436 1265 519 1271">
     <span class='ocr_line' id='line_1_14' title="bbox 436 1265 519 1271; baseline 0 0"><span class='ocrx_word' id='word_1_79' title='bbox 436 1265 519 1271; x_wconf 95' lang='lat' dir='ltr'><strong> </strong></span> 
     </span>
    </p>
   </div>
   <div class='ocr_carea' id='block_1_13' title="bbox 112 1248 432 1281">
    <p class='ocr_par' dir='ltr' id='par_1_13' title="bbox 112 1248 432 1281">
     <span class='ocr_line' id='line_1_15' title="bbox 112 1248 432 1281; baseline -0.009 0"><span class='ocrx_word' id='word_1_80' title='bbox 112 1248 207 1281; x_wconf 80' lang='lat' dir='ltr'><strong>male.</strong></span> <span class='ocrx_word' id='word_1_81' title='bbox 239 1248 304 1280; x_wconf 82' lang='lat' dir='ltr'><strong>vid.</strong></span> <span class='ocrx_word' id='word_1_82' title='bbox 323 1249 432 1279; x_wconf 73' lang='lat' dir='ltr'><strong>Burm-</strong></span> 
     </span>
    </p>
   </div>
   <div class='ocr_carea' id='block_1_14' title="bbox 109 1303 311 1447">
    <p class='ocr_par' dir='ltr' id='par_1_14' title="bbox 109 1303 311 1447">
     <span class='ocr_line' id='line_1_16' title="bbox 109 1303 243 1335; baseline -0.007 0"><span class='ocrx_word' id='word_1_83' title='bbox 109 1309 171 1335; x_wconf 85' lang='lat' dir='ltr'><strong>ret.</strong></span> <span class='ocrx_word' id='word_1_84' title='bbox 185 1303 243 1334; x_wconf 82' lang='lat' dir='ltr'><strong>sec.</strong></span> 
     </span>
     <span class='ocr_line' id='line_1_17' title="bbox 110 1355 311 1388; baseline -0.01 0"><span class='ocrx_word' id='word_1_85' title='bbox 110 1356 178 1388; x_wconf 79' lang='lat' dir='ltr'><strong>vid.</strong></span> <span class='ocrx_word' id='word_1_86' title='bbox 204 1355 311 1387; x_wconf 81' lang='lat' dir='ltr'><strong>Heius.</strong></span> 
     </span>
     <span class='ocr_line' id='line_1_18' title="bbox 115 1405 270 1447; baseline -0.013 -8"><span class='ocrx_word' id='word_1_87' title='bbox 115 1417 190 1447; x_wconf 73' lang='lat' dir='ltr'><strong>eum</strong></span> <span class='ocrx_word' id='word_1_88' title='bbox 201 1405 270 1437; x_wconf 82' lang='lat' dir='ltr'><strong>Erf.</strong></span> 
     </span>
    </p>
   </div>
   <div class='ocr_carea' id='block_1_15' title="bbox 246 1318 332 1327">
    <p class='ocr_par' dir='ltr' id='par_1_15' title="bbox 246 1318 332 1327">
     <span class='ocr_line' id='line_1_19' title="bbox 246 1318 332 1327; baseline 0 0"><span class='ocrx_word' id='word_1_89' title='bbox 246 1318 332 1327; x_wconf 95' lang='lat' dir='ltr'><strong> </strong></span> 
     </span>
    </p>
   </div>
   <div class='ocr_carea' id='block_1_16' title="bbox 312 1371 400 1380">
    <p class='ocr_par' dir='ltr' id='par_1_16' title="bbox 312 1371 400 1380">
     <span class='ocr_line' id='line_1_20' title="bbox 312 1371 400 1380; baseline 0 0"><span class='ocrx_word' id='word_1_90' title='bbox 312 1371 400 1380; x_wconf 95' lang='lat' dir='ltr'><strong> </strong></span> 
     </span>
    </p>
   </div>
   <div class='ocr_carea' id='block_1_17' title="bbox 109 1516 740 2857">
    <p class='ocr_par' dir='ltr' id='par_1_17' title="bbox 110 1516 740 2186">
     <span class='ocr_line' id='line_1_21' title="bbox 111 1516 736 1569; baseline -0.008 -12"><span class='ocrx_word' id='word_1_91' title='bbox 111 1518 183 1567; x_wconf 64' lang='lat' dir='ltr'><strong>culi</strong></span> <span class='ocrx_word' id='word_1_92' title='bbox 207 1523 295 1556; x_wconf 84' lang='lat' dir='ltr'><strong>omni</strong></span> <span class='ocrx_word' id='word_1_93' title='bbox 313 1522 431 1569; x_wconf 75' lang='lat' dir='ltr'><strong>generi</strong></span> <span class='ocrx_word' id='word_1_94' title='bbox 470 1516 596 1554; x_wconf 78' lang='lat' dir='ltr'><strong>arboris</strong></span> <span class='ocrx_word' id='word_1_95' title='bbox 624 1519 659 1553; x_wconf 82' lang='lat' dir='ltr'><strong>in</strong></span> <span class='ocrx_word' id='word_1_96' title='bbox 675 1520 736 1553; x_wconf 69' lang='lat' dir='ltr'><strong>cri.</strong></span> 
     </span>
     <span class='ocr_line' id='line_1_22' title="bbox 113 1568 736 1621; baseline -0.01 -13"><span class='ocrx_word' id='word_1_97' title='bbox 113 1570 226 1621; x_wconf 84' lang='lat' dir='ltr'><strong>Qod</strong></span> <span class='ocrx_word' id='word_1_98' title='bbox 245 1569 291 1606; x_wconf 85' lang='lat' dir='ltr'><strong>ad</strong></span> <span class='ocrx_word' id='word_1_99' title='bbox 307 1569 416 1606; x_wconf 84' lang='lat' dir='ltr'><strong>verba</strong></span> <span class='ocrx_word' id='word_1_100' title='bbox 444 1568 587 1612; x_wconf 81' lang='lat' dir='ltr'><strong>attinet,</strong></span> <span class='ocrx_word' id='word_1_101' title='bbox 614 1577 736 1603; x_wconf 89' lang='lat' dir='ltr'><strong>tenen-</strong></span> 
     </span>
     <span class='ocr_line' id='line_1_23' title="bbox 112 1618 736 1670; baseline -0.006 -11"><span class='ocrx_word' id='word_1_102' title='bbox 112 1622 219 1665; x_wconf 85' lang='lat' dir='ltr'><strong>dum,</strong></span> <span class='ocrx_word' id='word_1_103' title='bbox 246 1620 385 1670; x_wconf 87' lang='lat' dir='ltr'><strong>vulgari</strong></span> <span class='ocrx_word' id='word_1_104' title='bbox 410 1620 557 1670; x_wconf 82' lang='lat' dir='ltr'><strong>quidem</strong></span> <span class='ocrx_word' id='word_1_105' title='bbox 576 1618 736 1656; x_wconf 84' lang='lat' dir='ltr'><strong>ratione:</strong></span> 
     </span>
     <span class='ocr_line' id='line_1_24' title="bbox 111 1671 739 1720; baseline -0.008 -9"><span class='ocrx_word' id='word_1_106' title='bbox 111 1672 233 1717; x_wconf 73' lang='lat' dir='ltr'><strong>arbuto</strong></span> <span class='ocrx_word' id='word_1_107' title='bbox 250 1688 360 1709; x_wconf 81' lang='lat' dir='ltr'><strong>nucem</strong></span> <span class='ocrx_word' id='word_1_108' title='bbox 376 1675 485 1720; x_wconf 67' lang='lat' dir='ltr'><strong>iftfiri,</strong></span> <span class='ocrx_word' id='word_1_109' title='bbox 509 1671 600 1715; x_wconf 79' lang='lat' dir='ltr'><strong>dici,</strong></span> <span class='ocrx_word' id='word_1_110' title='bbox 619 1679 653 1707; x_wconf 88' lang='lat' dir='ltr'><strong>at</strong></span> <span class='ocrx_word' id='word_1_111' title='bbox 673 1683 739 1706; x_wconf 84' lang='lat' dir='ltr'><strong>nec</strong></span> 
     </span>
     <span class='ocr_line' id='line_1_25' title="bbox 116 1722 740 1761; baseline -0.006 0"><span class='ocrx_word' id='word_1_112' title='bbox 116 1724 235 1761; x_wconf 87' lang='lat' dir='ltr'><strong>minus</strong></span> <span class='ocrx_word' id='word_1_113' title='bbox 247 1733 364 1760; x_wconf 84' lang='lat' dir='ltr'><strong>tamen</strong></span> <span class='ocrx_word' id='word_1_114' title='bbox 381 1722 515 1760; x_wconf 84' lang='lat' dir='ltr'><strong>rariore</strong></span> <span class='ocrx_word' id='word_1_115' title='bbox 523 1722 651 1759; x_wconf 90' lang='lat' dir='ltr'><strong>modo:</strong></span> <span class='ocrx_word' id='word_1_116' title='bbox 681 1737 740 1757; x_wconf 82' lang='grc' dir='ltr'><strong>αν-</strong></span> 
     </span>
     <span class='ocr_line' id='line_1_26' title="bbox 112 1769 737 1824; baseline -0.01 -11"><span class='ocrx_word' id='word_1_117' title='bbox 112 1775 227 1814; x_wconf 82' lang='lat' dir='ltr'><em>butum</em></span> <span class='ocrx_word' id='word_1_118' title='bbox 243 1779 341 1824; x_wconf 62' lang='lat' dir='ltr'><strong>iissri</strong></span> <span class='ocrx_word' id='word_1_119' title='bbox 356 1769 435 1812; x_wconf 68' lang='lat' dir='ltr'><strong>nrtce</strong></span> <span class='ocrx_word' id='word_1_120' title='bbox 448 1784 486 1811; x_wconf 89' lang='lat' dir='ltr'><strong>ut</strong></span> <span class='ocrx_word' id='word_1_121' title='bbox 497 1775 534 1810; x_wconf 88' lang='lat' dir='ltr'><strong>h.</strong></span> <span class='ocrx_word' id='word_1_122' title='bbox 549 1775 573 1810; x_wconf 89' lang='lat' dir='ltr'><strong>l.</strong></span> <span class='ocrx_word' id='word_1_123' title='bbox 587 1779 674 1811; x_wconf 83' lang='lat' dir='ltr'><strong>nucis</strong></span> <span class='ocrx_word' id='word_1_124' title='bbox 675 1776 737 1822; x_wconf 76' lang='lat' dir='ltr'><strong>fi-</strong></span> 
     </span>
     <span class='ocr_line' id='line_1_27' title="bbox 111 1825 737 1878; baseline -0.008 -13"><span class='ocrx_word' id='word_1_125' title='bbox 111 1838 164 1871; x_wconf 80' lang='lat' dir='ltr'><strong>tu,</strong></span> <span class='ocrx_word' id='word_1_126' title='bbox 173 1827 270 1878; x_wconf 88' lang='lat' dir='ltr'><strong>quod</strong></span> <span class='ocrx_word' id='word_1_127' title='bbox 282 1839 354 1862; x_wconf 88' lang='lat' dir='ltr'><strong>non</strong></span> <span class='ocrx_word' id='word_1_128' title='bbox 366 1825 487 1869; x_wconf 88' lang='lat' dir='ltr'><strong>tertio,</strong></span> <span class='ocrx_word' id='word_1_129' title='bbox 499 1825 558 1862; x_wconf 87' lang='lat' dir='ltr'><strong>sed</strong></span> <span class='ocrx_word' id='word_1_130' title='bbox 568 1825 666 1861; x_wconf 85' lang='lat' dir='ltr'><strong>sexto</strong></span> <span class='ocrx_word' id='word_1_131' title='bbox 678 1836 737 1860; x_wconf 89' lang='lat' dir='ltr'><strong>ca-</strong></span> 
     </span>
     <span class='ocr_line' id='line_1_28' title="bbox 112 1877 738 1928; baseline -0.006 -12"><span class='ocrx_word' id='word_1_132' title='bbox 112 1880 150 1917; x_wconf 89' lang='lat' dir='ltr'><strong>su</strong></span> <span class='ocrx_word' id='word_1_133' title='bbox 166 1877 431 1928; x_wconf 82' lang='lat' dir='ltr'><strong>accipiendum.</strong></span> <span class='ocrx_word' id='word_1_134' title='bbox 463 1878 738 1927; x_wconf 66' lang='lat' dir='ltr'><strong>710fagusflore</strong></span> 
     </span>
     <span class='ocr_line' id='line_1_29' title="bbox 110 1929 736 1981; baseline -0.013 -11"><span class='ocrx_word' id='word_1_135' title='bbox 110 1933 273 1981; x_wconf 64' lang='lat' dir='ltr'><strong>cissaneae</strong></span> <span class='ocrx_word' id='word_1_136' title='bbox 286 1940 316 1966; x_wconf 81' lang='lat' dir='ltr'><strong>et</strong></span> <span class='ocrx_word' id='word_1_137' title='bbox 325 1944 421 1967; x_wconf 80' lang='lat' dir='ltr'><strong>ornus</strong></span> <span class='ocrx_word' id='word_1_138' title='bbox 431 1929 506 1966; x_wconf 75' lang='lat' dir='ltr'><strong>albo</strong></span> <span class='ocrx_word' id='word_1_139' title='bbox 513 1930 675 1978; x_wconf 69' lang='lat' dir='ltr'><strong>pir-istore</strong></span> <span class='ocrx_word' id='word_1_140' title='bbox 686 1933 736 1963; x_wconf 84' lang='lat' dir='ltr'><strong>in-</strong></span> 
     </span>
     <span class='ocr_line' id='line_1_30' title="bbox 111 1978 738 2021; baseline -0.006 -1"><span class='ocrx_word' id='word_1_141' title='bbox 111 1989 251 2021; x_wconf 74' lang='lat' dir='ltr'><strong>canuit:</strong></span> <span class='ocrx_word' id='word_1_142' title='bbox 288 1980 324 2018; x_wconf 84' lang='lat' dir='ltr'><strong>h.</strong></span> <span class='ocrx_word' id='word_1_143' title='bbox 344 1994 375 2018; x_wconf 91' lang='lat' dir='ltr'><strong>e.</strong></span> <span class='ocrx_word' id='word_1_144' title='bbox 396 1981 552 2017; x_wconf 81' lang='lat' dir='ltr'><strong>castanea</strong></span> <span class='ocrx_word' id='word_1_145' title='bbox 571 1978 738 2016; x_wconf 88' lang='lat' dir='ltr'><strong>inseritur</strong></span> 
     </span>
     <span class='ocr_line' id='line_1_31' title="bbox 113 2030 736 2084; baseline -0.008 -13"><span class='ocrx_word' id='word_1_146' title='bbox 113 2035 152 2071; x_wconf 88' lang='lat' dir='ltr'><strong>in</strong></span> <span class='ocrx_word' id='word_1_147' title='bbox 166 2033 267 2084; x_wconf 84' lang='lat' dir='ltr'><strong>fago,</strong></span> <span class='ocrx_word' id='word_1_148' title='bbox 281 2032 330 2069; x_wconf 89' lang='lat' dir='ltr'><strong>cf.</strong></span> <span class='ocrx_word' id='word_1_149' title='bbox 348 2031 441 2070; x_wconf 82' lang='lat' dir='ltr'><strong>Plin.</strong></span> <span class='ocrx_word' id='word_1_150' title='bbox 458 2030 591 2075; x_wconf 88' lang='lat' dir='ltr'>XVII,</span> <span class='ocrx_word' id='word_1_151' title='bbox 606 2044 686 2074; x_wconf 83' lang='lat' dir='ltr'><strong>10,x</strong></span> <span class='ocrx_word' id='word_1_152' title='bbox 697 2043 736 2072; x_wconf 85' lang='grc' dir='ltr'><strong>ο,</strong></span> 
     </span>
     <span class='ocr_line' id='line_1_32' title="bbox 112 2081 736 2135; baseline -0.006 -13"><span class='ocrx_word' id='word_1_153' title='bbox 112 2095 149 2122; x_wconf 87' lang='lat' dir='ltr'><strong>et</strong></span> <span class='ocrx_word' id='word_1_154' title='bbox 160 2085 257 2135; x_wconf 86' lang='lat' dir='ltr'><strong>pirus</strong></span> <span class='ocrx_word' id='word_1_155' title='bbox 276 2084 313 2121; x_wconf 85' lang='lat' dir='ltr'><strong>in</strong></span> <span class='ocrx_word' id='word_1_156' title='bbox 332 2096 434 2132; x_wconf 68' lang='lat' dir='ltr'><strong>orno.3</strong></span> <span class='ocrx_word' id='word_1_157' title='bbox 470 2085 584 2120; x_wconf 74' lang='lat' dir='ltr'><strong>Omns</strong></span> <span class='ocrx_word' id='word_1_158' title='bbox 596 2081 736 2118; x_wconf 75' lang='lat' dir='ltr'><strong>fraxini</strong></span> 
     </span>
     <span class='ocr_line' id='line_1_33' title="bbox 111 2133 726 2186; baseline -0.005 -13"><span class='ocrx_word' id='word_1_159' title='bbox 111 2136 272 2174; x_wconf 84' lang='lat' dir='ltr'><strong>filvestris</strong></span> <span class='ocrx_word' id='word_1_160' title='bbox 282 2149 406 2186; x_wconf 83' lang='lat' dir='ltr'><strong>genus.</strong></span> <span class='ocrx_word' id='word_1_161' title='bbox 419 2149 456 2171; x_wconf 87' lang='lat' dir='ltr'><strong>v.</strong></span> <span class='ocrx_word' id='word_1_162' title='bbox 476 2133 627 2172; x_wconf 82' lang='lat' dir='ltr'><strong>Martin.</strong></span> <span class='ocrx_word' id='word_1_163' title='bbox 642 2134 679 2171; x_wconf 87' lang='lat' dir='ltr'><strong>h.</strong></span> <span class='ocrx_word' id='word_1_164' title='bbox 700 2134 726 2170; x_wconf 91' lang='lat' dir='ltr'><strong>l.</strong></span> 
     </span>
    </p>

    <p class='ocr_par' dir='ltr' id='par_1_18' title="bbox 109 2184 738 2857">
     <span class='ocr_line' id='line_1_34' title="bbox 163 2184 738 2239; baseline -0.007 -14"><span class='ocrx_word' id='word_1_165' title='bbox 163 2201 183 2239; x_wconf 91' lang='lat'><strong>7</strong></span> <span class='ocrx_word' id='word_1_166' title='bbox 191 2200 329 2239; x_wconf 78' lang='lat'><em>3—77.</em></span> <span class='ocrx_word' id='word_1_167' title='bbox 358 2187 389 2223; x_wconf 91' lang='lat' dir='ltr'>E</span> <span class='ocrx_word' id='word_1_168' title='bbox 407 2185 569 2237; x_wconf 87' lang='lat' dir='ltr'><strong>pluribus</strong></span> <span class='ocrx_word' id='word_1_169' title='bbox 583 2184 738 2222; x_wconf 89' lang='lat' dir='ltr'><strong>inseren-</strong></span> 
     </span>
     <span class='ocr_line' id='line_1_35' title="bbox 112 2235 738 2287; baseline -0.003 -11"><span class='ocrx_word' id='word_1_170' title='bbox 112 2239 154 2276; x_wconf 88' lang='lat' dir='ltr'><strong>di</strong></span> <span class='ocrx_word' id='word_1_171' title='bbox 173 2238 290 2276; x_wconf 86' lang='lat' dir='ltr'><strong>modis</strong></span> <span class='ocrx_word' id='word_1_172' title='bbox 317 2238 407 2287; x_wconf 82' lang='lat' dir='ltr'><strong>(vid.</strong></span> <span class='ocrx_word' id='word_1_173' title='bbox 428 2237 574 2274; x_wconf 88' lang='lat' dir='ltr'><strong>Colum.</strong></span> <span class='ocrx_word' id='word_1_174' title='bbox 591 2235 646 2281; x_wconf 91' lang='lat' dir='ltr'><strong>V,</strong></span> <span class='ocrx_word' id='word_1_175' title='bbox 676 2251 689 2273; x_wconf 93' lang='lat'>1</span> <span class='ocrx_word' id='word_1_176' title='bbox 703 2251 738 2279; x_wconf 89' lang='lat'><strong>1,</strong></span> 
     </span>
     <span class='ocr_line' id='line_1_36' title="bbox 112 2287 735 2337; baseline -0.003 -9"><span class='ocrx_word' id='word_1_177' title='bbox 112 2291 159 2328; x_wconf 91' lang='lat' dir='ltr'><strong>de</strong></span> <span class='ocrx_word' id='word_1_178' title='bbox 170 2290 305 2328; x_wconf 80' lang='lat' dir='ltr'><strong>Arbor.</strong></span> <span class='ocrx_word' id='word_1_179' title='bbox 319 2292 381 2329; x_wconf 86' lang='lat'><strong>25.</strong></span> <span class='ocrx_word' id='word_1_180' title='bbox 410 2288 502 2326; x_wconf 81' lang='lat' dir='ltr'><strong>Plin.</strong></span> <span class='ocrx_word' id='word_1_181' title='bbox 520 2287 654 2330; x_wconf 84' lang='lat' dir='ltr'><strong>XVII,</strong></span> <span class='ocrx_word' id='word_1_182' title='bbox 675 2301 735 2337; x_wconf 90' lang='lat'><strong>14,</strong></span> 
     </span>
     <span class='ocr_line' id='line_1_37' title="bbox 111 2340 737 2392; baseline -0.006 -13"><span class='ocrx_word' id='word_1_183' title='bbox 111 2342 140 2379; x_wconf 83' lang='lat' dir='ltr'><strong>s.</strong></span> <span class='ocrx_word' id='word_1_184' title='bbox 178 2356 225 2380; x_wconf 89' lang='lat'><strong>22</strong></span> <span class='ocrx_word' id='word_1_185' title='bbox 259 2342 334 2392; x_wconf 86' lang='lat' dir='ltr'>sqq.</span> <span class='ocrx_word' id='word_1_186' title='bbox 414 2340 646 2391; x_wconf 81' lang='lat' dir='ltr'><strong>Theophrast.</strong></span> <span class='ocrx_word' id='word_1_187' title='bbox 691 2340 737 2376; x_wconf 89' lang='lat' dir='ltr'><strong>de</strong></span> 
     </span>
     <span class='ocr_line' id='line_1_38' title="bbox 113 2390 738 2436; baseline -0.006 -5"><span class='ocrx_word' id='word_1_188' title='bbox 113 2394 233 2431; x_wconf 82' lang='lat' dir='ltr'><strong>Cauff.</strong></span> <span class='ocrx_word' id='word_1_189' title='bbox 254 2392 370 2430; x_wconf 82' lang='lat' dir='ltr'><strong>Plant.</strong></span> <span class='ocrx_word' id='word_1_190' title='bbox 390 2392 423 2436; x_wconf 88' lang='lat' dir='ltr'><strong>I,</strong></span> <span class='ocrx_word' id='word_1_191' title='bbox 451 2395 474 2431; x_wconf 92' lang='lat'><strong>6</strong></span> <span class='ocrx_word' id='word_1_192' title='bbox 501 2402 536 2429; x_wconf 90' lang='lat' dir='ltr'><strong>et</strong></span> <span class='ocrx_word' id='word_1_193' title='bbox 560 2390 738 2428; x_wconf 87' lang='lat' dir='ltr'><strong>recentio-</strong></span> 
     </span>
     <span class='ocr_line' id='line_1_39' title="bbox 113 2443 738 2495; baseline -0.006 -13"><span class='ocrx_word' id='word_1_194' title='bbox 113 2458 182 2487; x_wconf 79' lang='lat' dir='ltr'><strong>reS,</strong></span> <span class='ocrx_word' id='word_1_195' title='bbox 197 2444 413 2495; x_wconf 85' lang='lat' dir='ltr'><strong>quicumque</strong></span> <span class='ocrx_word' id='word_1_196' title='bbox 428 2443 473 2480; x_wconf 92' lang='lat' dir='ltr'><strong>de</strong></span> <span class='ocrx_word' id='word_1_197' title='bbox 482 2444 648 2480; x_wconf 84' lang='lat' dir='ltr'><strong>arborum</strong></span> <span class='ocrx_word' id='word_1_198' title='bbox 663 2443 738 2479; x_wconf 91' lang='lat' dir='ltr'><strong>cul-</strong></span> 
     </span>
     <span class='ocr_line' id='line_1_40' title="bbox 112 2493 738 2546; baseline -0.008 -12"><span class='ocrx_word' id='word_1_199' title='bbox 112 2507 192 2534; x_wconf 87' lang='lat' dir='ltr'><strong>tura</strong></span> <span class='ocrx_word' id='word_1_200' title='bbox 207 2496 402 2540; x_wconf 85' lang='lat' dir='ltr'><strong>tradidere,</strong></span> <span class='ocrx_word' id='word_1_201' title='bbox 416 2494 581 2546; x_wconf 80' lang='lat' dir='ltr'><strong>inprimis</strong></span> <span class='ocrx_word' id='word_1_202' title='bbox 595 2494 644 2530; x_wconf 89' lang='lat' dir='ltr'><strong>du</strong></span> <span class='ocrx_word' id='word_1_203' title='bbox 660 2493 738 2530; x_wconf 87' lang='lat' dir='ltr'><strong>Ha-</strong></span> 
     </span>
     <span class='ocr_line' id='line_1_41' title="bbox 112 2544 736 2598; baseline -0.008 -13"><span class='ocrx_word' id='word_1_204' title='bbox 112 2549 182 2585; x_wconf 80' lang='lat' dir='ltr'><strong>mel</strong></span> <span class='ocrx_word' id='word_1_205' title='bbox 201 2548 363 2598; x_wconf 68' lang='lat' dir='ltr'><strong>Phyfiqne</strong></span> <span class='ocrx_word' id='word_1_206' title='bbox 392 2549 445 2584; x_wconf 81' lang='lat' dir='ltr'><strong>des</strong></span> <span class='ocrx_word' id='word_1_207' title='bbox 474 2545 600 2583; x_wconf 81' lang='lat' dir='ltr'><strong>Arbres</strong></span> <span class='ocrx_word' id='word_1_208' title='bbox 620 2544 659 2582; x_wconf 85' lang='lat' dir='ltr'><strong>P.</strong></span> <span class='ocrx_word' id='word_1_209' title='bbox 681 2544 736 2590; x_wconf 86' lang='lat' dir='ltr'><strong>H,</strong></span> 
     </span>
     <span class='ocr_line' id='line_1_42' title="bbox 110 2595 735 2649; baseline -0.008 -12"><span class='ocrx_word' id='word_1_210' title='bbox 110 2601 200 2638; x_wconf 82' lang='lat' dir='ltr'><strong>Liv.</strong></span> <span class='ocrx_word' id='word_1_211' title='bbox 219 2598 292 2643; x_wconf 88' lang='lat' dir='ltr'><strong>IV,</strong></span> <span class='ocrx_word' id='word_1_212' title='bbox 310 2610 389 2647; x_wconf 85' lang='lat' dir='ltr'><strong>cap.</strong></span> <span class='ocrx_word' id='word_1_213' title='bbox 410 2611 435 2647; x_wconf 85' lang='lat'>4</span> <span class='ocrx_word' id='word_1_214' title='bbox 451 2597 545 2649; x_wconf 86' lang='lat' dir='ltr'><strong>sqq.)</strong></span> <span class='ocrx_word' id='word_1_215' title='bbox 571 2597 662 2633; x_wconf 85' lang='lat' dir='ltr'><strong>duos</strong></span> <span class='ocrx_word' id='word_1_216' title='bbox 680 2595 735 2633; x_wconf 89' lang='lat' dir='ltr'><strong>in-</strong></span> 
     </span>
     <span class='ocr_line' id='line_1_43' title="bbox 111 2650 734 2701; baseline -0.006 -13"><span class='ocrx_word' id='word_1_217' title='bbox 111 2650 282 2701; x_wconf 84' lang='lat' dir='ltr'><strong>figniores</strong></span> <span class='ocrx_word' id='word_1_218' title='bbox 316 2656 574 2686; x_wconf 81' lang='lat' dir='ltr'><strong>commemorat</strong></span> <span class='ocrx_word' id='word_1_219' title='bbox 611 2652 734 2698; x_wconf 72' lang='lat' dir='ltr'><strong>poeta,</strong></span> 
     </span>
     <span class='ocr_line' id='line_1_44' title="bbox 109 2702 735 2750; baseline -0.006 -11"><span class='ocrx_word' id='word_1_220' title='bbox 109 2702 353 2739; x_wconf 74' lang='lat' dir='ltr'><strong>inoculationem</strong></span> <span class='ocrx_word' id='word_1_221' title='bbox 385 2709 421 2737; x_wconf 85' lang='lat' dir='ltr'><strong>et</strong></span> <span class='ocrx_word' id='word_1_222' title='bbox 448 2702 624 2750; x_wconf 72' lang='lat' dir='ltr'><strong>irfitionem</strong></span> <span class='ocrx_word' id='word_1_223' title='bbox 651 2712 735 2749; x_wconf 86' lang='lat' dir='ltr'><strong>pro-</strong></span> 
     </span>
     <span class='ocr_line' id='line_1_45' title="bbox 109 2750 734 2811; baseline -0.002 -21"><span class='ocrx_word' id='word_1_224' title='bbox 109 2753 189 2811; x_wconf 66' lang='lat' dir='ltr'><strong>prie</strong></span> <span class='ocrx_word' id='word_1_225' title='bbox 204 2753 350 2790; x_wconf 55' lang='lat' dir='ltr'><strong>fficiam.</strong></span> <span class='ocrx_word' id='word_1_226' title='bbox 383 2751 558 2790; x_wconf 80' lang='lat' dir='ltr'><strong>[noculatio</strong></span> <span class='ocrx_word' id='word_1_227' title='bbox 573 2750 627 2794; x_wconf 86' lang='lat' dir='ltr'><strong>fit,</strong></span> <span class='ocrx_word' id='word_1_228' title='bbox 646 2751 734 2789; x_wconf 92' lang='lat' dir='ltr'><strong>dum</strong></span> 
     </span>
     <span class='ocr_line' id='line_1_46' title="bbox 110 2801 735 2857; baseline -0.002 -14"><span class='ocrx_word' id='word_1_229' title='bbox 110 2817 152 2847; x_wconf 75' lang='lat' dir='ltr'><strong>m</strong></span> <span class='ocrx_word' id='word_1_230' title='bbox 163 2816 206 2843; x_wconf 83' lang='lat' dir='ltr'><strong>ea</strong></span> <span class='ocrx_word' id='word_1_231' title='bbox 223 2812 338 2857; x_wconf 84' lang='lat' dir='ltr'><strong>parte,</strong></span> <span class='ocrx_word' id='word_1_232' title='bbox 355 2816 425 2856; x_wconf 89' lang='lat' dir='ltr'><strong>qua</strong></span> <span class='ocrx_word' id='word_1_233' title='bbox 435 2817 592 2856; x_wconf 80' lang='lat' dir='ltr'><strong>gemmae,</strong></span> <span class='ocrx_word' id='word_1_234' title='bbox 618 2801 656 2842; x_wconf 85' lang='lat' dir='ltr'><strong>h.</strong></span> <span class='ocrx_word' id='word_1_235' title='bbox 669 2815 735 2842; x_wconf 87' lang='lat' dir='ltr'><strong>no-</strong></span> 
     </span>
    </p>
   </div>
   <div class='ocr_carea' id='block_1_18' title="bbox 334 1244 1428 1395">
    <p class='ocr_par' dir='ltr' id='par_1_19' title="bbox 334 1244 1428 1395">
     <span class='ocr_line' id='line_1_47' title="bbox 523 1244 930 1288; baseline -0.017 -10"><span class='ocrx_word' id='word_1_236' title='bbox 523 1257 574 1288; x_wconf 84' lang='grc'><strong>74.</strong></span> <span class='ocrx_word' id='word_1_237' title='bbox 596 1248 676 1276; x_wconf 76' lang='lat' dir='ltr'><strong>medie</strong></span> <span class='ocrx_word' id='word_1_238' title='bbox 700 1244 768 1275; x_wconf 88' lang='lat' dir='ltr'><strong>Erf.</strong></span> <span class='ocrx_word' id='word_1_239' title='bbox 810 1246 930 1274; x_wconf 65' lang='lat' dir='ltr'><strong>trudunt.</strong></span> 
     </span>
     <span class='ocr_line' id='line_1_48' title="bbox 334 1292 1425 1342; baseline -0.011 -9"><span class='ocrx_word' id='word_1_240' title='bbox 334 1311 385 1342; x_wconf 90' lang='lat'><strong>77.</strong></span> <span class='ocrx_word' id='word_1_241' title='bbox 406 1302 540 1332; x_wconf 79' lang='lat' dir='ltr'><strong>Inducunt</strong></span> <span class='ocrx_word' id='word_1_242' title='bbox 555 1299 708 1331; x_wconf 88' lang='lat' dir='ltr'><strong>Rottend.</strong></span> <span class='ocrx_word' id='word_1_243' title='bbox 725 1297 805 1329; x_wconf 86' lang='lat' dir='ltr'><strong>alter</strong></span> <span class='ocrx_word' id='word_1_244' title='bbox 821 1304 851 1328; x_wconf 87' lang='lat' dir='ltr'><strong>et</strong></span> <span class='ocrx_word' id='word_1_245' title='bbox 864 1296 943 1327; x_wconf 79' lang='lat' dir='ltr'><strong>alter</strong></span> <span class='ocrx_word' id='word_1_246' title='bbox 961 1296 1094 1336; x_wconf 83' lang='lat' dir='ltr'><strong>Menag.</strong></span> <span class='ocrx_word' id='word_1_247' title='bbox 1111 1304 1169 1335; x_wconf 88' lang='lat' dir='ltr'><strong>pro</strong></span> <span class='ocrx_word' id='word_1_248' title='bbox 1181 1303 1248 1323; x_wconf 82' lang='lat' dir='ltr'><strong>var.</strong></span> <span class='ocrx_word' id='word_1_249' title='bbox 1263 1292 1348 1330; x_wconf 59' lang='lat' dir='ltr'><strong>leet„</strong></span> <span class='ocrx_word' id='word_1_250' title='bbox 1372 1292 1425 1324; x_wconf 83' lang='lat' dir='ltr'><strong>sed</strong></span> 
     </span>
     <span class='ocr_line' id='line_1_49' title="bbox 403 1344 1428 1395; baseline -0.012 -8"><span class='ocrx_word' id='word_1_251' title='bbox 403 1353 454 1394; x_wconf 88' lang='grc'><strong>78.</strong></span> <span class='ocrx_word' id='word_1_252' title='bbox 476 1355 520 1386; x_wconf 79' lang='lat' dir='ltr'><strong>At</strong></span> <span class='ocrx_word' id='word_1_253' title='bbox 531 1355 650 1387; x_wconf 47' lang='lat' dir='ltr'><strong>Moret‘</strong></span> <span class='ocrx_word' id='word_1_254' title='bbox 675 1352 735 1384; x_wconf 77' lang='lat' dir='ltr'><strong>sec,</strong></span> <span class='ocrx_word' id='word_1_255' title='bbox 756 1350 843 1395; x_wconf 83' lang='lat' dir='ltr'><strong>quod</strong></span> <span class='ocrx_word' id='word_1_256' title='bbox 863 1356 895 1381; x_wconf 88' lang='lat' dir='ltr'><strong>et</strong></span> <span class='ocrx_word' id='word_1_257' title='bbox 910 1347 998 1380; x_wconf 86' lang='lat' dir='ltr'>Voss.</span> <span class='ocrx_word' id='word_1_258' title='bbox 1019 1346 1160 1391; x_wconf 68' lang='lat' dir='ltr'><strong>praefert-</strong></span> <span class='ocrx_word' id='word_1_259' title='bbox 1177 1353 1203 1377; x_wconf 80' lang='lat' dir='ltr'><strong>et</strong></span> <span class='ocrx_word' id='word_1_260' title='bbox 1217 1344 1428 1384; x_wconf 66' lang='lat' dir='ltr'><strong>altaParrhal&#39;,</strong></span> 
     </span>
    </p>
   </div>
   <div class='ocr_carea' id='block_1_19' title="bbox 946 1240 1429 1272">
    <p class='ocr_par' dir='ltr' id='par_1_20' title="bbox 946 1240 1429 1272">
     <span class='ocr_line' id='line_1_50' title="bbox 946 1240 1429 1272; baseline -0.006 0"><span class='ocrx_word' id='word_1_261' title='bbox 946 1244 1026 1272; x_wconf 70' lang='lat' dir='ltr'><strong>medio</strong></span> <span class='ocrx_word' id='word_1_262' title='bbox 1054 1240 1181 1272; x_wconf 76' lang='lat' dir='ltr'><strong>Zulieh.</strong></span> <span class='ocrx_word' id='word_1_263' title='bbox 1224 1242 1325 1270; x_wconf 73' lang='lat' dir='ltr'><strong>verlice</strong></span> <span class='ocrx_word' id='word_1_264' title='bbox 1349 1241 1429 1269; x_wconf 87' lang='lat' dir='ltr'><strong>Mo-</strong></span> 
     </span>
    </p>
   </div>
   <div class='ocr_carea' id='block_1_20' title="bbox 795 1510 1467 2894">
    <p class='ocr_par' dir='ltr' id='par_1_21' title="bbox 797 1510 1431 2128">
     <span class='ocr_line' id='line_1_51' title="bbox 797 1510 1428 1563; baseline -0.003 -13"><span class='ocrx_word' id='word_1_265' title='bbox 797 1526 843 1550; x_wconf 77' lang='lat' dir='ltr'><strong>va</strong></span> <span class='ocrx_word' id='word_1_266' title='bbox 876 1511 1039 1563; x_wconf 82' lang='lat' dir='ltr'><strong>germina</strong></span> <span class='ocrx_word' id='word_1_267' title='bbox 1073 1510 1133 1549; x_wconf 90' lang='lat' dir='ltr'><strong>seu</strong></span> <span class='ocrx_word' id='word_1_268' title='bbox 1159 1510 1273 1556; x_wconf 83' lang='lat' dir='ltr'><strong>oculi,</strong></span> <span class='ocrx_word' id='word_1_269' title='bbox 1287 1513 1330 1560; x_wconf 83' lang='lat' dir='ltr'><strong>se</strong></span> <span class='ocrx_word' id='word_1_270' title='bbox 1355 1520 1428 1548; x_wconf 78' lang='lat' dir='ltr'><strong>tru-</strong></span> 
     </span>
     <span class='ocr_line' id='line_1_52' title="bbox 800 1561 1427 1613; baseline -0.006 -11"><span class='ocrx_word' id='word_1_271' title='bbox 800 1567 897 1608; x_wconf 76' lang='lat' dir='ltr'><strong>dunt,</strong></span> <span class='ocrx_word' id='word_1_272' title='bbox 950 1572 1141 1613; x_wconf 83' lang='lat' dir='ltr'><strong>erumpunt</strong></span> <span class='ocrx_word' id='word_1_273' title='bbox 1186 1576 1231 1600; x_wconf 84' lang='lat' dir='ltr'><strong>ex</strong></span> <span class='ocrx_word' id='word_1_274' title='bbox 1276 1561 1427 1609; x_wconf 87' lang='lat' dir='ltr'><strong>cortice,</strong></span> 
     </span>
     <span class='ocr_line' id='line_1_53' title="bbox 803 1613 1428 1665; baseline -0.003 -13"><span class='ocrx_word' id='word_1_275' title='bbox 803 1622 906 1665; x_wconf 66' lang='lat' dir='ltr'><strong>ruptis</strong></span> <span class='ocrx_word' id='word_1_276' title='bbox 937 1615 1101 1658; x_wconf 78' lang='lat' dir='ltr'><strong>tuniculis,</strong></span> <span class='ocrx_word' id='word_1_277' title='bbox 1127 1614 1165 1651; x_wconf 90' lang='lat' dir='ltr'><strong>h.</strong></span> <span class='ocrx_word' id='word_1_278' title='bbox 1193 1614 1303 1658; x_wconf 81' lang='lat' dir='ltr'><strong>libro,</strong></span> <span class='ocrx_word' id='word_1_279' title='bbox 1334 1613 1428 1651; x_wconf 76' lang='lat' dir='ltr'><strong>inte·</strong></span> 
     </span>
     <span class='ocr_line' id='line_1_54' title="bbox 802 1665 1429 1711; baseline 0 -8"><span class='ocrx_word' id='word_1_280' title='bbox 802 1667 898 1704; x_wconf 82' lang='lat' dir='ltr'><strong>riore</strong></span> <span class='ocrx_word' id='word_1_281' title='bbox 920 1666 1070 1710; x_wconf 88' lang='lat' dir='ltr'><strong>cortice,</strong></span> <span class='ocrx_word' id='word_1_282' title='bbox 1095 1666 1222 1702; x_wconf 83' lang='lat' dir='ltr'><strong>vulnus</strong></span> <span class='ocrx_word' id='word_1_283' title='bbox 1253 1665 1312 1711; x_wconf 83' lang='lat' dir='ltr'><strong>fit3</strong></span> <span class='ocrx_word' id='word_1_284' title='bbox 1359 1665 1429 1703; x_wconf 87' lang='lat' dir='ltr'><strong>five</strong></span> 
     </span>
     <span class='ocr_line' id='line_1_55' title="bbox 803 1716 1429 1769; baseline 0 -15"><span class='ocrx_word' id='word_1_285' title='bbox 803 1734 895 1769; x_wconf 69' lang='lat' dir='ltr'><strong>angl(</strong></span> <span class='ocrx_word' id='word_1_286' title='bbox 922 1719 1075 1769; x_wconf 71' lang='lat' dir='ltr'><strong>usstmzs,</strong></span> <span class='ocrx_word' id='word_1_287' title='bbox 1090 1717 1125 1754; x_wconf 84' lang='lat' dir='ltr'><strong>h.</strong></span> <span class='ocrx_word' id='word_1_288' title='bbox 1141 1716 1289 1762; x_wconf 82' lang='lat' dir='ltr'><strong>cavitas,</strong></span> <span class='ocrx_word' id='word_1_289' title='bbox 1308 1717 1429 1755; x_wconf 81' lang='lat' dir='ltr'><strong>avulsa</strong></span> 
     </span>
     <span class='ocr_line' id='line_1_56' title="bbox 804 1768 1426 1820; baseline 0 -14"><span class='ocrx_word' id='word_1_290' title='bbox 804 1782 947 1820; x_wconf 82' lang='lat' dir='ltr'><strong>gemma</strong></span> <span class='ocrx_word' id='word_1_291' title='bbox 974 1783 993 1806; x_wconf 92' lang='lat' dir='ltr'><strong>e</strong></span> <span class='ocrx_word' id='word_1_292' title='bbox 1025 1768 1160 1805; x_wconf 84' lang='lat' dir='ltr'><strong>cortice</strong></span> <span class='ocrx_word' id='word_1_293' title='bbox 1191 1768 1230 1805; x_wconf 90' lang='lat' dir='ltr'><strong>in</strong></span> <span class='ocrx_word' id='word_1_294' title='bbox 1276 1768 1426 1806; x_wconf 90' lang='lat' dir='ltr'><strong>modum</strong></span> 
     </span>
     <span class='ocr_line' id='line_1_57' title="bbox 801 1819 1431 1869; baseline 0.003 -12"><span class='ocrx_word' id='word_1_295' title='bbox 801 1820 946 1864; x_wconf 87' lang='lat' dir='ltr'><strong>scutuli‚</strong></span> <span class='ocrx_word' id='word_1_296' title='bbox 988 1821 1090 1869; x_wconf 86' lang='lat' dir='ltr'><strong>cujus</strong></span> <span class='ocrx_word' id='word_1_297' title='bbox 1133 1820 1216 1857; x_wconf 90' lang='lat' dir='ltr'><strong>loco</strong></span> <span class='ocrx_word' id='word_1_298' title='bbox 1251 1819 1431 1859; x_wconf 79' lang='lat' dir='ltr'><strong>includitur</strong></span> 
     </span>
     <span class='ocr_line' id='line_1_58' title="bbox 801 1871 1429 1922; baseline 0.002 -14"><span class='ocrx_word' id='word_1_299' title='bbox 801 1888 926 1910; x_wconf 62' lang='lat' dir='ltr'><strong>novam</strong></span> <span class='ocrx_word' id='word_1_300' title='bbox 936 1887 1087 1922; x_wconf 78' lang='lat' dir='ltr'><strong>germen,</strong></span> <span class='ocrx_word' id='word_1_301' title='bbox 1111 1880 1151 1908; x_wconf 92' lang='lat' dir='ltr'><strong>ut</strong></span> <span class='ocrx_word' id='word_1_302' title='bbox 1175 1871 1327 1920; x_wconf 77' lang='lat' dir='ltr'><strong>coalescat</strong></span> <span class='ocrx_word' id='word_1_303' title='bbox 1345 1885 1429 1909; x_wconf 84' lang='lat' dir='ltr'><strong>cum</strong></span> 
     </span>
     <span class='ocr_line' id='line_1_59' title="bbox 800 1922 1428 1973; baseline 0 -13"><span class='ocrx_word' id='word_1_304' title='bbox 800 1934 917 1960; x_wconf 86' lang='lat' dir='ltr'><strong>vetere</strong></span> <span class='ocrx_word' id='word_1_305' title='bbox 956 1923 1051 1960; x_wconf 67' lang='lat' dir='ltr'><strong>libro.</strong></span> <span class='ocrx_word' id='word_1_306' title='bbox 1110 1922 1275 1973; x_wconf 84' lang='lat' dir='ltr'><strong>Respicit</strong></span> <span class='ocrx_word' id='word_1_307' title='bbox 1318 1923 1355 1960; x_wconf 89' lang='lat' dir='ltr'><strong>h.</strong></span> <span class='ocrx_word' id='word_1_308' title='bbox 1399 1923 1428 1962; x_wconf 86' lang='lat' dir='ltr'><strong>l.</strong></span> 
     </span>
     <span class='ocr_line' id='line_1_60' title="bbox 803 1973 1427 2024; baseline 0.003 -13"><span class='ocrx_word' id='word_1_309' title='bbox 803 1974 895 2011; x_wconf 89' lang='lat' dir='ltr'><strong>Plin.</strong></span> <span class='ocrx_word' id='word_1_310' title='bbox 917 1974 1051 2018; x_wconf 84' lang='lat' dir='ltr'><strong>XVII,</strong></span> <span class='ocrx_word' id='word_1_311' title='bbox 1074 1987 1135 2024; x_wconf 85' lang='lat'><strong>14,</strong></span> <span class='ocrx_word' id='word_1_312' title='bbox 1151 1973 1176 2011; x_wconf 85' lang='lat' dir='ltr'><strong>s.</strong></span> <span class='ocrx_word' id='word_1_313' title='bbox 1193 1987 1239 2022; x_wconf 84' lang='lat'><strong>23</strong></span> <span class='ocrx_word' id='word_1_314' title='bbox 1260 1983 1296 2011; x_wconf 88' lang='lat' dir='ltr'><strong>et</strong></span> <span class='ocrx_word' id='word_1_315' title='bbox 1314 1973 1340 2012; x_wconf 82' lang='lat' dir='ltr'><strong>s.</strong></span> <span class='ocrx_word' id='word_1_316' title='bbox 1363 1988 1427 2024; x_wconf 86' lang='lat'><strong>24,</strong></span> 
     </span>
     <span class='ocr_line' id='line_1_61' title="bbox 801 2025 1427 2078; baseline 0.003 -15"><span class='ocrx_word' id='word_1_317' title='bbox 801 2026 864 2063; x_wconf 86' lang='lat' dir='ltr'><strong>ubi</strong></span> <span class='ocrx_word' id='word_1_318' title='bbox 879 2026 998 2063; x_wconf 89' lang='lat' dir='ltr'><strong>idem:</strong></span> <span class='ocrx_word' id='word_1_319' title='bbox 1029 2025 1189 2078; x_wconf 72' lang='lat' dir='ltr'><strong>Virgilius</strong></span> <span class='ocrx_word' id='word_1_320' title='bbox 1201 2041 1243 2064; x_wconf 85' lang='lat' dir='ltr'><strong>ex</strong></span> <span class='ocrx_word' id='word_1_321' title='bbox 1261 2031 1427 2065; x_wconf 79' lang='lat' dir='ltr'><strong>cacumine</strong></span> 
     </span>
     <span class='ocr_line' id='line_1_62' title="bbox 798 2082 1020 2128; baseline 0.009 -14"><span class='ocrx_word' id='word_1_322' title='bbox 798 2082 898 2128; x_wconf 57' lang='lat' dir='ltr'><strong>iusseri</strong></span> <span class='ocrx_word' id='word_1_323' title='bbox 911 2088 1020 2116; x_wconf 70' lang='lat' dir='ltr'><strong>vetat.</strong></span> 
     </span>
    </p>

    <p class='ocr_par' dir='ltr' id='par_1_22' title="bbox 795 2127 1430 2683">
     <span class='ocr_line' id='line_1_63' title="bbox 854 2127 1429 2180; baseline -0.005 -11"><span class='ocrx_word' id='word_1_324' title='bbox 854 2133 1015 2180; x_wconf 77' lang='lat'>78—-82,</span> <span class='ocrx_word' id='word_1_325' title='bbox 1043 2128 1126 2178; x_wconf 79' lang='lat' dir='ltr'><strong>Jam</strong></span> <span class='ocrx_word' id='word_1_326' title='bbox 1143 2127 1188 2165; x_wconf 86' lang='lat' dir='ltr'><strong>de</strong></span> <span class='ocrx_word' id='word_1_327' title='bbox 1198 2129 1344 2178; x_wconf 67' lang='lat' dir='ltr'><strong>insitione</strong></span> <span class='ocrx_word' id='word_1_328' title='bbox 1349 2138 1429 2178; x_wconf 83' lang='lat' dir='ltr'><strong>pro·</strong></span> 
     </span>
     <span class='ocr_line' id='line_1_64' title="bbox 795 2179 1430 2231; baseline -0.003 -13"><span class='ocrx_word' id='word_1_329' title='bbox 795 2187 871 2231; x_wconf 77' lang='lat' dir='ltr'><strong>prie</strong></span> <span class='ocrx_word' id='word_1_330' title='bbox 886 2183 989 2219; x_wconf 62' lang='lat' dir='ltr'><strong>dffla.</strong></span> <span class='ocrx_word' id='word_1_331' title='bbox 1043 2187 1132 2219; x_wconf 79' lang='lat' dir='ltr'><strong>rami</strong></span> <span class='ocrx_word' id='word_1_332' title='bbox 1140 2226 1146 2230; x_wconf 40' lang='grc'><strong>-</strong></span> <span class='ocrx_word' id='word_1_333' title='bbox 1148 2180 1259 2227; x_wconf 77' lang='lat' dir='ltr'><strong>felices</strong></span> <span class='ocrx_word' id='word_1_334' title='bbox 1275 2179 1354 2216; x_wconf 87' lang='lat' dir='ltr'><strong>sunt</strong></span> <span class='ocrx_word' id='word_1_335' title='bbox 1373 2193 1430 2217; x_wconf 85' lang='lat' dir='ltr'><strong>ar-</strong></span> 
     </span>
     <span class='ocr_line' id='line_1_65' title="bbox 804 2231 1422 2281; baseline 0 -12"><span class='ocrx_word' id='word_1_336' title='bbox 804 2233 902 2271; x_wconf 88' lang='lat' dir='ltr'><strong>boris</strong></span> <span class='ocrx_word' id='word_1_337' title='bbox 928 2232 1069 2275; x_wconf 64' lang='lat' dir='ltr'><strong>feracis,</strong></span> <span class='ocrx_word' id='word_1_338' title='bbox 1097 2233 1198 2281; x_wconf 83' lang='lat' dir='ltr'><strong>cujus</strong></span> <span class='ocrx_word' id='word_1_339' title='bbox 1221 2231 1356 2280; x_wconf 74' lang='lat' dir='ltr'><strong>plantae</strong></span> <span class='ocrx_word' id='word_1_340' title='bbox 1385 2231 1422 2270; x_wconf 89' lang='lat' dir='ltr'><strong>h.</strong></span> 
     </span>
     <span class='ocr_line' id='line_1_66' title="bbox 804 2282 1427 2322; baseline -0.003 0"><span class='ocrx_word' id='word_1_341' title='bbox 804 2284 938 2322; x_wconf 88' lang='lat' dir='ltr'><strong>surculi</strong></span> <span class='ocrx_word' id='word_1_342' title='bbox 956 2283 1099 2322; x_wconf 87' lang='lat' dir='ltr'><strong>filvestri</strong></span> <span class='ocrx_word' id='word_1_343' title='bbox 1118 2282 1239 2320; x_wconf 82' lang='lat' dir='ltr'><strong>arbori</strong></span> <span class='ocrx_word' id='word_1_344' title='bbox 1267 2283 1427 2320; x_wconf 84' lang='lat' dir='ltr'><strong>inserun-</strong></span> 
     </span>
     <span class='ocr_line' id='line_1_67' title="bbox 801 2338 1428 2384; baseline 0 -12"><span class='ocrx_word' id='word_1_345' title='bbox 801 2346 872 2374; x_wconf 89' lang='lat' dir='ltr'><strong>tur.</strong></span> <span class='ocrx_word' id='word_1_346' title='bbox 925 2338 1001 2374; x_wconf 78' lang='lat' dir='ltr'><strong>Aut</strong></span> <span class='ocrx_word' id='word_1_347' title='bbox 1028 2338 1155 2384; x_wconf 76' lang='lat' dir='ltr'><strong>rursum</strong></span> <span class='ocrx_word' id='word_1_348' title='bbox 1181 2347 1255 2371; x_wconf 87' lang='lat' dir='ltr'><strong>non</strong></span> <span class='ocrx_word' id='word_1_349' title='bbox 1281 2344 1428 2372; x_wconf 85' lang='lat' dir='ltr'><strong>contra-</strong></span> 
     </span>
     <span class='ocr_line' id='line_1_68' title="bbox 802 2385 1423 2438; baseline -0.003 -14"><span class='ocrx_word' id='word_1_350' title='bbox 802 2387 893 2425; x_wconf 82' lang='lat' dir='ltr'><strong>riam</strong></span> <span class='ocrx_word' id='word_1_351' title='bbox 911 2388 1068 2438; x_wconf 84' lang='lat' dir='ltr'><strong>aliquam</strong></span> <span class='ocrx_word' id='word_1_352' title='bbox 1098 2385 1276 2430; x_wconf 81' lang='lat' dir='ltr'><strong>rationem</strong></span> <span class='ocrx_word' id='word_1_353' title='bbox 1298 2385 1423 2430; x_wconf 86' lang='lat' dir='ltr'><strong>infert,</strong></span> 
     </span>
     <span class='ocr_line' id='line_1_69' title="bbox 801 2437 1426 2490; baseline -0.003 -15"><span class='ocrx_word' id='word_1_354' title='bbox 801 2447 840 2475; x_wconf 92' lang='lat' dir='ltr'><strong>ut</strong></span> <span class='ocrx_word' id='word_1_355' title='bbox 859 2439 1017 2490; x_wconf 87' lang='lat' dir='ltr'><strong>Kingius</strong></span> <span class='ocrx_word' id='word_1_356' title='bbox 1035 2437 1208 2488; x_wconf 51' lang='lat' dir='ltr'><strong>putabam</strong></span> <span class='ocrx_word' id='word_1_357' title='bbox 1236 2437 1294 2474; x_wconf 82' lang='lat' dir='ltr'><strong>sed</strong></span> <span class='ocrx_word' id='word_1_358' title='bbox 1313 2437 1426 2477; x_wconf 80' lang='lat' dir='ltr'><strong>altera</strong></span> 
     </span>
     <span class='ocr_line' id='line_1_70' title="bbox 801 2488 1426 2540; baseline -0.011 -13"><span class='ocrx_word' id='word_1_359' title='bbox 801 2490 894 2528; x_wconf 85' lang='lat' dir='ltr'><strong>ratio</strong></span> <span class='ocrx_word' id='word_1_360' title='bbox 929 2504 1024 2528; x_wconf 86' lang='lat' dir='ltr'><strong>nunc</strong></span> <span class='ocrx_word' id='word_1_361' title='bbox 1052 2488 1292 2539; x_wconf 78' lang='lat' dir='ltr'><strong>subjungitur.</strong></span> <span class='ocrx_word' id='word_1_362' title='bbox 1346 2493 1426 2540; x_wconf 60' lang='lat' dir='ltr'><strong>fast.</strong></span> 
     </span>
     <span class='ocr_line' id='line_1_71' title="bbox 800 2540 1425 2585; baseline -0.005 -5"><span class='ocrx_word' id='word_1_363' title='bbox 800 2554 934 2585; x_wconf 66' lang='lat' dir='ltr'><strong>cantur,</strong></span> <span class='ocrx_word' id='word_1_364' title='bbox 963 2542 1001 2579; x_wconf 87' lang='lat' dir='ltr'><strong>fit</strong></span> <span class='ocrx_word' id='word_1_365' title='bbox 1020 2541 1147 2578; x_wconf 75' lang='lat' dir='ltr'><strong>incisio</strong></span> <span class='ocrx_word' id='word_1_366' title='bbox 1175 2541 1233 2576; x_wconf 87' lang='lat' dir='ltr'><strong>seu</strong></span> <span class='ocrx_word' id='word_1_367' title='bbox 1252 2540 1366 2576; x_wconf 80' lang='lat' dir='ltr'><strong>fiffura</strong></span> <span class='ocrx_word' id='word_1_368' title='bbox 1384 2541 1425 2577; x_wconf 88' lang='lat' dir='ltr'><strong>in</strong></span> 
     </span>
     <span class='ocr_line' id='line_1_72' title="bbox 802 2591 1428 2643; baseline -0.005 -12"><span class='ocrx_word' id='word_1_369' title='bbox 802 2593 922 2631; x_wconf 86' lang='lat' dir='ltr'><strong>trunci</strong></span> <span class='ocrx_word' id='word_1_370' title='bbox 939 2593 1087 2636; x_wconf 84' lang='lat' dir='ltr'><strong>cortice,</strong></span> <span class='ocrx_word' id='word_1_371' title='bbox 1104 2605 1173 2642; x_wconf 81' lang='lat' dir='ltr'><strong>qua</strong></span> <span class='ocrx_word' id='word_1_372' title='bbox 1192 2602 1290 2642; x_wconf 84' lang='lat' dir='ltr'><strong>parte</strong></span> <span class='ocrx_word' id='word_1_373' title='bbox 1307 2591 1428 2643; x_wconf 58' lang='lat' dir='ltr'><strong>nullus}</strong></span> 
     </span>
     <span class='ocr_line' id='line_1_73' title="bbox 799 2641 1355 2683; baseline 0 -1"><span class='ocrx_word' id='word_1_374' title='bbox 799 2646 913 2683; x_wconf 81' lang='lat' dir='ltr'><strong>nodus</strong></span> <span class='ocrx_word' id='word_1_375' title='bbox 927 2646 985 2683; x_wconf 85' lang='lat' dir='ltr'><strong>est.</strong></span> <span class='ocrx_word' id='word_1_376' title='bbox 1352 2641 1355 2645; x_wconf 46' lang='lat'><strong><em>¹</em></strong></span> 
     </span>
    </p>

    <p class='ocr_par' dir='ltr' id='par_1_23' title="bbox 796 2694 1467 2855">
     <span class='ocr_line' id='line_1_74' title="bbox 854 2694 1467 2737; baseline -0.007 -2"><span class='ocrx_word' id='word_1_377' title='bbox 854 2701 914 2736; x_wconf 86' lang='lat'><strong>80.</strong></span> <span class='ocrx_word' id='word_1_378' title='bbox 936 2701 994 2735; x_wconf 81' lang='lat'><strong>81.</strong></span> <span class='ocrx_word' id='word_1_379' title='bbox 1016 2701 1077 2735; x_wconf 85' lang='lat'><strong>82.</strong></span> <span class='ocrx_word' id='word_1_380' title='bbox 1105 2695 1350 2733; x_wconf 82' lang='lat' dir='ltr'><strong>Pulcherrima</strong></span> <span class='ocrx_word' id='word_1_381' title='bbox 1361 2694 1425 2734; x_wconf 63' lang='lat' dir='ltr'><strong>de&lt;</strong></span> <span class='ocrx_word' id='word_1_382' title='bbox 1461 2733 1467 2737; x_wconf 75' lang='grc'><strong>,</strong></span> 
     </span>
     <span class='ocr_line' id='line_1_75' title="bbox 796 2747 1465 2799; baseline -0.007 -12"><span class='ocrx_word' id='word_1_383' title='bbox 796 2749 965 2799; x_wconf 85' lang='lat' dir='ltr'><strong>scriptio;</strong></span> <span class='ocrx_word' id='word_1_384' title='bbox 987 2748 1067 2798; x_wconf 84' lang='lat' dir='ltr'><strong>quis</strong></span> <span class='ocrx_word' id='word_1_385' title='bbox 1084 2761 1154 2786; x_wconf 88' lang='lat' dir='ltr'><strong>non</strong></span> <span class='ocrx_word' id='word_1_386' title='bbox 1166 2747 1312 2784; x_wconf 64' lang='lat' dir='ltr'><strong>rideat?</strong></span> <span class='ocrx_word' id='word_1_387' title='bbox 1338 2747 1427 2783; x_wconf 82' lang='lat' dir='ltr'><strong>Cal-</strong></span> <span class='ocrx_word' id='word_1_388' title='bbox 1461 2780 1465 2785; x_wconf 76' lang='grc'><strong><em>,</em></strong></span> 
     </span>
     <span class='ocr_line' id='line_1_76' title="bbox 797 2798 1426 2855; baseline -0.008 -16"><span class='ocrx_word' id='word_1_389' title='bbox 797 2814 903 2855; x_wconf 83' lang='lat' dir='ltr'><strong>pum.</strong></span> <span class='ocrx_word' id='word_1_390' title='bbox 924 2799 1004 2840; x_wconf 77' lang='lat' dir='ltr'><strong>Ecl.</strong></span> <span class='ocrx_word' id='word_1_391' title='bbox 1023 2800 1079 2844; x_wconf 84' lang='grc' dir='ltr'><strong>ΙΙ,</strong></span> <span class='ocrx_word' id='word_1_392' title='bbox 1105 2812 1168 2852; x_wconf 83' lang='lat'><strong>40.</strong></span> <span class='ocrx_word' id='word_1_393' title='bbox 1193 2812 1236 2850; x_wconf 77' lang='lat'><strong>41</strong></span> <span class='ocrx_word' id='word_1_394' title='bbox 1269 2798 1345 2836; x_wconf 82' lang='lat' dir='ltr'><strong>Non</strong></span> <span class='ocrx_word' id='word_1_395' title='bbox 1363 2804 1426 2836; x_wconf 88' lang='lat' dir='ltr'><strong>mi-</strong></span> 
     </span>
    </p>

    <p class='ocr_par' dir='ltr' id='par_1_24' title="bbox 1368 2861 1433 2894">
     <span class='ocr_line' id='line_1_77' title="bbox 1368 2861 1433 2894; baseline 0 0"><span class='ocrx_word' id='word_1_396' title='bbox 1368 2861 1433 2894; x_wconf 69' lang='grc' dir='ltr'><strong>711ἰῖ</strong></span> 
     </span>
    </p>
   </div>
  </div>
 </body>
</html>
