1821 3381
410 331 858 391 BUCOLICA,
922 335 1099 385 ECL.
1157 339 1249 387 IX.
1396 346 1485 392 16r

167 462 282 511 Huc
301 463 422 521 adeS‚
447 482 475 512 0
496 466 720 522 Galatea3
746 469 848 532 quis
866 471 930 517 est
949 489 1059 519 nam
1083 474 1219 522 ludus
1239 475 1287 521 in
1311 478 1446 524 undis
1468 502 1483 532 ;

163 552 266 600 Hic
291 571 370 600 ver
385 570 677 618 purpureum
695 582 706 612 ;
733 560 881 606 varios
904 562 980 609 hic
998 564 1194 611 flumina
1211 566 1393 615 circum
1411 585 1476 628 40

161 645 337 693 Fundit
362 649 534 696 humus
557 651 721 706 flores;
758 654 834 700 hic
860 657 1058 704 candida
1081 660 1283 721 populos
1307 675 1440 710 antro

158 735 383 794 Inminet,
407 753 452 785 et
473 740 615 786 lentie
639 756 800 790 texunt
824 746 1102 794 umbracula
1124 751 1255 798 vites.

155 826 270 875 Huc
294 830 432 876 ades:
470 831 618 879 insani
644 834 811 881 feriant
835 837 929 884 fine
955 839 1090 886 litora
1117 840 1302 890 fluCtuS.

688 942 922 977 LYCIDAS.

151 1010 300 1075 Qid‚
333 1030 439 1076 quae
462 1026 509 1061 te
528 1033 644 1078 pura
669 1017 818 1065 solum
841 1019 924 1067 sub
945 1023 1081 1069 nocte
1105 1037 1352 1075 canentem

148 1101 441 1151 Audieram?
465 1120 683 1152 numeros
702 1108 916 1165 memini,
941 1109 974 1154 fi
993 1111 1134 1158 verba
1152 1125 1373 1164 tenerem.
1394 1133 1454 1182 45

702 1210 903 1244 MOERIS.

145 1282 354 1346 Daphni,
388 1285 502 1347 quid
525 1285 742 1348 antiquos
766 1286 1009 1349 signorum
1031 1289 1224 1354 suspicis
1249 1299 1412 1346 ortus?

140 1372 272 1420 Ecce
290 1374 481 1421 Dionaei
499 1376 715 1438 proceffit
739 1377 935 1424 Caesaris
956 1380 1129 1429 astrum
1147 1403 1158 1430 t

138 1463 351 1521 Astrurn,
385 1481 480 1528 quo
502 1465 676 1529 segetes
700 1466 960 1529 gauderent
984 1467 1195 1534 frugibus
1217 1492 1227 1521 :
1264 1487 1311 1523 et
1334 1494 1429 1541 quo

1384 1588 1447 1635 49

132 1645 302 1705 Insere,
327 1649 536 1713 Daphni,
559 1650 685 1712 piros
703 1674 715 1704 ;
742 1665 934 1714 carpent
952 1664 1029 1700 tua
1044 1670 1190 1717 poma
1210 1671 1425 1722 nepotes,

137 1554 347 1603 Duceret
363 1558 534 1620 apricis
559 1559 608 1604 in
628 1558 825 1606 collibus
850 1577 939 1606 uva
961 1563 1189 1611 colorem.

175 1805 230 1833 40.
251 1809 302 1826 ver
313 1804 472 1839 perpetuum
497 1798 656 1839 quendam
679 1798 783 1839 legere
810 1807 922 1831 notant
946 1802 1090 1834 Guellius
1106 1811 1137 1835 et
1156 1805 1271 1844 Cerda,
1297 1818 1393 1848 quem
1407 1818 1440 1840 v.

129 1858 272 1887 ——43.
295 1851 385 1879 lncani
396 1850 502 1891 flans
518 1850 639 1880 mavult
658 1851 760 1881 Bentl.
779 1852 818 1881 ad
834 1853 954 1883 Lucan.
974 1855 1011 1890 ΙΙ,
1030 1854 1246 1894 673.——46.
1273 1859 1449 1891 Mediceusr

129 1898 228 1930 etiarn
252 1900 392 1941 quinque
414 1900 578 1942 sequentes
602 1900 705 1931 versus
729 1901 825 1932 refert
848 1903 886 1932 ad
903 1904 1071 1944 Lycidam.
1129 1906 1244 1937 Moeris
1259 1908 1298 1938 ab
1315 1909 1376 1940 illis
1392 1910 1441 1940 in-

129 1949 207 1990 cipit
223 1961 230 1980 :
259 1952 430 1993 Omniafert
444 1960 525 1982 aetas:
547 1963 604 1983 nec
621 1952 711 1983 aliter
729 1953 813 1983 Gud.
831 1953 938 1984 Heins.
982 1956 1089 1997 rqll'bicis
1110 1964 1185 1987 ortus
1208 1959 1336 1990 Zulich.
1371 1963 1438 2002 sifi

125 2003 193 2042 cipis
211 2003 294 2033 Gud.
317 2010 349 2034 et
372 2005 526 2034 Rottend.
617 2014 669 2043 47.
692 2006 820 2035 Dionaezss
844 2016 919 2035 vero
945 2007 1053 2038 reste:
1079 2008 1167 2051 Κύστξι
1199 2011 1331 2048 Armant,
1354 2013 1439 2053 apud

127 2052 264 2084 Theocr-
280 2055 358 2092 XV,
371 2055 444 2086 106.
534 2055 588 2093 48.
606 2062 631 2085 et
646 2058 714 2096 quod
724 2056 848 2086 Medic.
866 2067 883 2086 a
899 2067 946 2098 pr.
960 2068 1002 2088 m.
1093 2069 1143 2099 49.
1160 2063 1288 2102 aprg'stis
1303 2062 1432 2093 Zulich.

125 2107 154 2135 ἱη
171 2107 289 2135 vallibus
316 2117 367 2148 ap.
393 2106 537 2137 Nonium
564 2107 758 2137 Marcellum
781 2107 813 2137 in
829 2110 1072 2147 ducere.——50.
1093 2111 1270 2142 Obscurum
1287 2113 1329 2144 est
1347 2114 1434 2156 quod

125 2156 322 2197 Pomponius
337 2157 377 2188 ad
392 2157 424 2188 h.
448 2167 479 2188 v.
500 2157 616 2188 habet:
649 2162 668 2177 ‘⁶
687 2159 722 2189 In
757 2158 864 2190 codice
889 2160 1079 2202 Aproniano
1102 2160 1163 2192 hoc
1184 2162 1337 2205 scriptum
1364 2173 1433 2199 erat

126 2207 268 2250 Nepotes
287 2207 357 2239 hi.'’

176 2340 236 2378 39.
266 2327 323 2365 Ex
351 2328 511 2367 Theocr.
541 2329 615 2374 XI,
639 2342 742 2379 42-

122 2392 185 2429 49.
206 2382 251 2428 63
273 2379 323 2430 sq.
343 2380 391 2417 cf.
414 2380 465 2425 V,
497 2394 544 2431 45
579 2381 628 2431 sq.
653 2383 741 2418 duc-

118 2440 212 2474 tum,
239 2429 298 2468 sed
313 2431 474 2468 oratione
490 2431 644 2468 variata:
675 2446 741 2469 no·

804 2329 913 2368 lohnte
924 2331 1034 2370 Liebe.
1076 2344 1139 2381 40.
1155 2350 1223 2370 ver
1226 2344 1429 2385 purpureum

802 2395 868 2432 pro
886 2383 1052 2432 pulchro,
1080 2397 1100 2421 a
1132 2385 1316 2435 splendore
1342 2401 1426 2438 pur-

801 2446 899 2484 purae
928 2435 1105 2484 petitum;
1133 2450 1206 2473 non
1234 2451 1253 2473 a
1281 2440 1425 2487 colore3

119 2480 192 2518 bile
217 2495 300 2519 vero
329 2482 488 2520 bucolici
515 2483 652 2532 generis
683 2498 738 2521 ar-

117 2543 329 2584 gumentum
363 2533 536 2584 Cyclopis
570 2547 671 2572 arnor
702 2545 739 2574 et

118 2583 280 2622 Galateae
332 2585 371 2622 in
422 2598 504 2622 eum
554 2586 733 2636 asperitas.

116 2635 209 2686 Qis
227 2649 297 2672 non
325 2650 369 2674 ex
388 2635 589 2674 Theocrito
607 2638 733 2675 memi-

114 2686 209 2724 nerit
242 2687 351 2736 Idyll.
387 2686 456 2726 XI.
491 2688 587 2725 conf.
625 2689 731 2730 Bion.

115 2736 226 2785 Idyll.
246 2738 338 2783 VII,
372 2753 408 2789 3,
439 2748 474 2776 et
501 2739 630 2790 fragm.
660 2741 731 2780 IV.

114 2787 260 2828 Mosch.
281 2790 389 2840 Idyll.
418 2790 491 2835 III,
519 2804 579 2842 59.
633 2791 731 2829 Cum

111 2839 283 2880 suavitate
325 2841 477 2880 variavit
522 2842 590 2880 hoc
633 2842 730 2881 idem

89 2889 292 2984 {Gefnerus
304 2893 437 2984 IIdyll.
473 2894 542 2933 Die
569 2894 651 2938 abel
675 2895 730 2938 bc-

202 2956 277 2986 OM·
325 2972 338 2988 ο

803 2495 843 2521 ut
860 2496 997 2524 notum.
1051 2501 1094 2536 41
1118 2489 1262 2526 candida
1273 2491 1425 2539 populus,

801 2538 821 2576 ’ἦ
847 2538 955 2576 λεύκῃ.
1014 2550 1078 2588 4²·-
1108 2536 1264 2576 Frondes
1294 2541 1422 2580 vitium

799 2598 987 2632 memorat,
1013 2599 1137 2639 utpote
1154 2603 1192 2626 1n
1212 2604 1303 2628 vere.

850 2653 910 2688 44.
924 2641 1082 2689 pumsub
1093 2647 1195 2686 noble,
1206 2642 1324 2680 serena
1335 2657 1347 2687 3
1374 2642 1419 2682 il-

796 2690 954 2730 lustravit
972 2690 1165 2729 Burmann.

847 2743 1013 2793 46——50-
1060 2743 1281 2782 Persuafione
1299 2745 1417 2796 vulgi,

796 2806 875 2842 quae
918 2804 995 2830 tum
1033 2804 1124 2838 erat,
1167 2795 1299 2833 stellam
1344 2797 1416 2834 cri-

795 2843 924 2889 nitam,
963 2859 1043 2895 quae
1087 2846 1182 2883 inter
1224 2847 1328 2884 ludos
1363 2848 1415 2887 D.

793 2895 896 2946 Julio
921 2895 966 2936 ab
993 2897 1158 2951 Augusto
1189 2897 1329 2936 habitos
1353 2912 1418 2955 ap.

847 2946 881 2987 L
1235 2960 1419 3003 patuerata
