1821 3381
357 267 841 342 BuCOLicA‚
891 282 1248 330 EcL.v1n.
1386 298 1470 347 149

160 421 326 478 Necte,
351 421 599 483 Amaryssi,
625 420 799 473 m0d03
835 429 895 474 et,
920 415 1131 471 Veneris,
1167 414 1261 472 dic,
1285 415 1470 461 vincula

290 514 441 560 necto.

159 603 335 652 Ducite
379 605 437 651 ab
480 604 595 651 urbe
639 604 855 657 domum,
902 617 1007 647 mea
1048 600 1276 656 carmina,
1310 599 1471 645 ducite

291 696 532 758 Daphnin.

159 785 326 833 Limus
349 799 403 833 ut
425 786 502 833 hic
522 784 741 841 durescit,
765 796 811 829 et
833 783 937 830 haec
955 795 1008 829 ut
1025 798 1127 829 cera
1144 782 1361 844 liquescit
1411 785 1469 828 80

158 876 274 924 Uno
295 876 557 937 eodemque
583 873 684 936 igni
705 891 714 918 ε
752 871 814 919 fic
840 871 995 917 nostro
1019 871 1234 934 Daphnis
1258 887 1431 918 amore.

155 967 336 1030 Sparge
354 965 544 1020 molam,
570 976 614 1010 et
631 963 809 1026 fragilis
825 962 1026 1009 incende
1042 963 1278 1008 bitumine
1295 963 1463 1010 lauros,

156 1052 372 1116 Daphnis
407 1070 485 1099 me
520 1053 670 1099 malus
705 1051 827 1097 urit:
863 1066 951 1114 ego
986 1050 1106 1095 hanc
1139 1050 1186 1095 in
1213 1049 1468 1112 Daphnide

285 1145 489 1191 laurum.

156 1234 332 1283 Ducite
375 1233 435 1279 ab
478 1231 592 1279 urbe
636 1231 849 1287 domum,
895 1247 1000 1278 mea
1036 1230 1263 1287 carmina,
1306 1230 1466 1277 ducite

283 1323 529 1392 Daphnin.

198 1459 252 1499 78.
278 1459 363 1490 Mira
395 1469 444 1491 res
476 1458 531 1497 est,
561 1465 757 1500 quantopere
788 1457 973 1499 ineptierint
1006 1457 1067 1487 viri
1100 1456 1187 1487 doffi
1221 1458 1298 1488 Saec.
1337 1458 1403 1487 XV
1434 1464 1466 1489 et

154 1513 236 1543 XVI
253 1511 285 1542 in
301 1511 395 1552 hujus
408 1510 515 1541 versus
530 1517 650 1541 metro:
682 1511 758 1540 dum
774 1510 874 1540 nodos
897 1508 1058 1540 intrudere
1074 1508 1214 1539 voluere.
1260 1509 1393 1539 Caeteris
1413 1519 1463 1550 ap.

153 1565 265 1594 Burni.
283 1562 362 1593 adde
380 1561 588 1593 Benedidtum
602 1560 804 1602 philologum
821 1560 854 1590 in
869 1561 931 1592 Ed.
948 1562 1036 1603 Junt.
1057 1570 1151 1599 1520,
1172 1569 1207 1592 ut
1224 1561 1259 1592 fit
1276 1561 1382 1592 versus
1398 1572 1465 1591 am-

153 1614 328 1656 phimacer.
385 1615 471 1643 modos
503 1612 630 1643 Zulich.
729 1611 780 1643 80.
802 1613 855 1641 haec
885 1612 928 1641 ubi
955 1613 1041 1642 Ven.
1142 1611 1194 1643 82.
1216 1614 1311 1642 laurus
1342 1611 1465 1642 Medic.

152 1665 237 1696 conf.
255 1665 323 1707 sup.
345 1674 376 1694 v.
396 1672 447 1704 13.
492 1677 582 1694 ramos
607 1663 704 1694 Pierii
729 1662 904 1704 Oblongus.
995 1664 1045 1702 83.
1071 1676 1112 1694 me
1135 1665 1206 1694 male
1229 1666 1285 1694 urit
1308 1663 1462 1694 Rottend.

148 1717 243 1748 alter.
289 1718 317 1746 in
329 1716 381 1746 hac
395 1729 439 1759 ego
451 1717 602 1758 Daphnide
615 1717 698 1747 lauru
713 1714 856 1745 tentabat
871 1716 924 1757 Jo.
943 1713 1106 1745 Schrader.

151 1849 221 1887 que
248 1835 310 1872 suo
341 1835 455 1877 nodo,
496 1835 634 1872 nef‘tere
666 1833 773 1870 verba

151 1887 359 1937 praefatam:
389 1886 541 1923 Veneris
559 1886 627 1923 hoc
648 1885 773 1922 vincu-

150 1940 226 1976 lum
241 1938 274 1975 se
286 1937 351 1975 effe
364 1938 467 1974 velle.

206 1992 266 2027 80.
308 1990 409 2026 Duas
444 1987 652 2039 Daphnidis
684 1988 773 2025 ima-

150 2041 267 2092 gines,
295 2041 443 2078 alteram
470 2053 490 2077 e
515 2040 621 2084 limo,
649 2052 669 2076 e
696 2052 776 2077 cera

151 2094 314 2137 alteram,
342 2091 423 2143 igni
452 2091 636 2129 admoveri
671 2100 770 2140 puta.

151 2145 268 2182 Cerea
300 2143 408 2181 etiam
428 2156 484 2193 ap.
508 2142 698 2179 Theocrit.
720 2142 771 2186 II,

153 2198 199 2234 28
215 2197 283 2240 est3
313 2194 429 2231 minus
456 2195 545 2231 bene
564 2193 704 2231 Servius
723 2194 772 2230 al-

149 2257 262 2284 teram
286 2259 331 2282 ex
358 2245 447 2282 limo
471 2246 576 2296 ipsius
610 2245 772 2282 veneficae

149 2299 214 2335 effe
248 2297 347 2334 vult:
388 2310 473 2334 nam
509 2296 688 2346 sequitur:
718 2298 773 2345 fic

150 2352 249 2399 nostro
278 2347 434 2398 Daphnis
463 2364 585 2391 amore,
613 2347 688 2385 scil.
726 2347 769 2384 li-

147 2400 291 2450 quescat
322 2399 575 2448 molliaturque
603 2399 639 2436 in
669 2412 768 2436 amo-

149 2465 224 2488 rem
260 2451 346 2495 mei,
373 2450 587 2488 obdurescat
616 2463 700 2487 vero
733 2459 768 2486 et

148 2503 356 2540 obfirmetur
384 2502 506 2539 animo
535 2501 581 2539 ad
609 2502 768 2539 constan-

149 2555 239 2591 tiam
258 2552 402 2591 amoris.

204 2610 264 2643 82.
294 2604 410 2642 Aliud
427 2604 578 2641 venefica
593 2617 687 2641 nunc
706 2617 768 2655 ag-

145 2657 332 2706 greditur3
369 2656 509 2693 laurum
540 2655 702 2692 incendit
731 2665 770 2692 ut

149 2708 313 2758 Daphnis
345 2707 472 2745 eodem
509 2707 618 2744 modo
647 2720 769 2744 amore

146 2759 372 2797 incendatur.
426 2758 558 2801 molam,
587 2757 640 2795 far
664 2768 699 2796 et
716 2758 767 2795 sa-

147 2811 234 2854 lem,
262 2819 300 2847 ut
315 2810 423 2848 etiam
439 2811 596 2847 Theocr.
616 2824 650 2848 v.
675 2814 717 2848 18
733 2819 769 2846 et

150 2875 211 2902 21.
265 2862 364 2901 conf.
383 2862 421 2900 h.
437 2862 462 2900 l.
479 2863 577 2900 Serv.
593 2861 686 2906 Cur,
702 2874 768 2912 pro

839 1832 985 1877 sulfure,
1026 1833 1181 1870 &immine
1208 1833 1317 1870 illitas
1343 1833 1462 1871 lauros

838 1894 1028 1927 memoret,
1055 1898 1136 1921 nam
1154 1885 1297 1921 videtur
1313 1885 1462 1932 mystica

837 1935 1462 1986 aliquacaussasubeffe,ariolationes

837 2001 871 2025 v.
892 1987 987 2037 apud
1006 1988 1112 2024 eund.
1121 1988 1271 2039 fragiles
1299 1988 1463 2026 Lucretii

838 2037 909 2081 VI,
933 2051 997 2075 111
1032 2038 1243 2076 auctoritate
1260 2053 1279 2076 a
1299 2039 1386 2076 sono
1416 2053 1460 2078 ex

838 2088 984 2140 fragore
1025 2089 1223 2140 explicant,
1267 2095 1460 2140 crepitantes

838 2147 874 2177 in
892 2143 1055 2188 stamma,
1085 2142 1183 2190 quod
1214 2142 1345 2179 ominis
1376 2144 1458 2180 loco

838 2191 876 2228 in
918 2193 985 2228 hac
1034 2193 1158 2230 arbore
1193 2193 1458 2232 observabatur.

839 2243 998 2280 Theocr.
1019 2244 1044 2280 l.
1064 2245 1088 2281 l.
1105 2258 1139 2281 v.
1157 2256 1218 2294 24.
1235 2259 1268 2282 v.
1287 2246 1408 2282 Cerda
1421 2246 1458 2284 h.

838 2295 862 2331 l.
892 2295 940 2332 cf.
971 2295 1113 2333 Tibull.
1140 2295 1193 2340 II,
1228 2310 1264 2346 ς,
1299 2299 1358 2334 81.
1395 2300 1456 2346 83.

835 2345 930 2382 Mox
981 2348 1026 2396 83
1075 2354 1110 2383 in
1162 2344 1375 2396 Daphnide.
1403 2350 1460 2387 ἐπὶ

834 2397 990 2446 Δάφνιδι,
1026 2398 1064 2435 in
1085 2398 1330 2448 Daphnidem,
1358 2402 1458 2450 quod

835 2449 874 2488 in
893 2449 1124 2500 Daphnidem
1143 2460 1270 2494 vertat,
1291 2461 1328 2487 ut
1347 2450 1378 2488 is
1397 2466 1458 2488 eo-

835 2501 917 2538 dem
938 2500 1047 2538 modo
1065 2502 1207 2538 flamma
1223 2502 1354 2539 amoris
1369 2516 1455 2540 con-

834 2552 1006 2591 sumatur.
1062 2553 1262 2591 Theocnl.
1282 2554 1306 2591 l.
1339 2568 1374 2592 v,
1407 2567 1453 2602 23

834 2608 957 2653 Δέλφις
984 2607 1032 2649 ἔμ’
1058 2605 1199 2642 dilma-
1232 2608 1294 2652 ἐγὼ
1329 2605 1365 2641 δ’
1399 2607 1456 2644 ἐπ)

834 2657 971 2705 Δέλφιδι
984 2657 1103 2704 δάφνη
1116 2656 1209 2696 Αἵ-ὒω
1220 2667 1289 2695 etc.
1321 2657 1455 2697 Horat.

833 2708 952 2758 Epod.
972 2708 1021 2753 V,
1052 2712 1113 2751 81.
1166 2707 1314 2745 Scilicet
1341 2709 1455 2760 magi-

833 2773 884 2796 cae
902 2761 957 2797 hae
988 2759 1139 2796 rationes
1167 2760 1240 2797 fere
1259 2759 1455 2797 fimbolicae

833 2811 927 2855 sunt,
954 2824 1105 2861 quarum
1124 2810 1395 2861 congruentiam
1417 2821 1453 2848 et

834 2862 1105 2900 similitudinem
1152 2863 1336 2913 physicum
1386 2862 1452 2899 ali-

1345 2926 1452 2964 quem
