1987 3361
480 257 1098 333 4111113111011113113.
1295 298 1428 329 cxxv

121 437 156 462 a.
179 435 275 475 1550
294 418 466 458 Bucolica
482 417 695 456 excudenda
709 424 905 453 curaverat.
960 415 1071 452 Unde
1089 414 1143 458 fit,
1171 423 1211 451 ut
1229 414 1314 452 edd.
1342 415 1430 453 Vir-

119 482 205 533 gilii
236 481 404 519 Parifinas
422 480 550 516 horum
579 489 750 513 annorum
769 475 889 525 paffim
906 474 1046 511 laudari
1061 473 1194 511 videas.
1212 474 1289 511 vid.
1306 475 1430 514 Nlaitt.

122 541 258 578 Annal.
294 539 376 576 Ind.
400 552 435 588 p.
467 550 553 586 330.
608 534 775 585 Repetita
793 533 860 570 hoc
879 546 973 570 anno
988 533 1141 570 Bucolica
1159 549 1228 570 cum
1244 532 1438 571 Tor-reatini

123 601 307 638 Commento
325 599 511 647 Antwerp.
549 598 582 632 8.
639 594 802 631 Willichii
803 592 933 642 scholia
946 595 1119 643 pqsteriom
1134 592 1172 629 in
1192 592 1231 629 P.
1263 591 1314 630 V.
1366 592 1433 628 Ba-

124 659 212 696 fileae
240 671 295 696 12.
350 656 469 694 Etiam
494 656 555 704 JO·
586 655 675 692 Lud.
700 654 801 689 Vivis
819 658 853 688 in
874 653 1010 702 Virgilii
1024 651 1176 689 Bucolica
1191 658 1433 702 interpretatio-

123 736 194 757 nem
204 718 393 769 potfflmum
410 714 618 765 allegoricam
635 725 672 760 4.
698 713 794 763 1548
815 710 1019 747 Richardus
1034 710 1254 760 vulgaverat.

728 802 741 825 1
828 815 838 825 .

174 863 218 900 P.
243 863 281 899 V.
302 861 360 898 M.
413 861 470 898 Ex
488 860 550 898 off.
570 859 665 897 Rob.
685 800 857 908 Stesslijni
1241 870 1298 895 12.
1324 869 1433 909 1549.

174 918 273 957 Vide
290 933 397 970 1533.
418 933 526 970 1537·
550 931 660 970 1540.

175 978 296 1016 Etiam
315 978 510 1015 Bafileenfis
524 978 561 1015 h.
577 991 609 1014 a.

723 1066 831 1107 1550.

167 1128 212 1165 P.
230 1128 271 1164 V.
286 1128 344 1165 M.
373 1128 487 1178 Opera
505 1143 575 1166 cum
593 1122 992 1177 Opusculis—Lugduni
1010 1122 1104 1174 apud
1125 1121 1207 1160 Seb.
1225 1122 1436 1173 Gryphium

1261 1185 1297 1220 8.
1322 1196 1434 1234 1550.

176 1242 274 1281 Vide
298 1258 407 1295 1547.

175 1302 235 1340 De
267 1304 401 1341 editione
428 1305 539 1353 Parff.
572 1304 664 1353 apud
693 1300 761 1338 Th.
795 1299 999 1337 Richardum
1028 1313 1066 1350 4.
1106 1313 1119 1336 1
1128 1312 1149 1350 5¹
1155 1313 1203 1351 50
1227 1300 1312 1338 vide
1338 1301 1385 1338 ad
1402 1315 1438 1341 a.

1328 1366 1438 1412 1548.

765 1446 777 1469 1
787 1445 807 1482 5
814 1444 874 1482 51.

180 1501 226 1538 P.
240 1501 282 1538 V.
301 1501 358 1538 Μ.
373 1502 457 1538 Bne.
474 1501 537 1538 Ge.
551 1511 582 1537 et
600 1500 726 1538 AEneis
746 1501 794 1547 (et
806 1498 978 1535 Carmina
989 1497 1129 1534 minora
1143 1510 1225 1534 cum
1242 1497 1439 1535 Commen-

124 1559 260 1608 tariis).
279 1574 363 1596 nunc
387 1575 458 1596 cum
474 1563 567 1596 veris
586 1560 834 1595 Commentariis
852 1556 944 1593 Tib.
974 1556 1111 1592 Donati
1125 1566 1156 1592 et
1175 1555 1289 1592 Servii
1308 1556 1440 1594 Hono·

127 1617 194 1653 rati
201 1619 334 1664 fitmma
351 1633 431 1654 cura
448 1619 541 1654 eduis
555 1628 585 1653 et
603 1617 778 1668 diligenter
793 1616 981 1652 emendatis.
1023 1618 1032 1662 (
1038 1627 1099 1664 per
1116 1614 1188 1651 Ge,
1211 1614 1437 1665 Fabricium)

126 1677 205 1713 Ace.
240 1676 290 1712 his
307 1677 367 1724 Jo.
400 1678 580 1727 Hartungi
605 1677 838 1713 Annotationes
865 1681 900 1711 in
918 1673 1016 1710 libros
1034 1674 1188 1711 Maronis
1205 1674 1369 1711 AEneidos
1392 1675 1439 1713 ab

126 1738 188 1784 ipso
203 1741 332 1772 armore
347 1735 501 1788 diligenti
513 1751 593 1772 cura
610 1734 753 1771 colleeJae
763 1750 777 1779 ;
806 1740 879 1770 item
890 1733 1154 1782 *Bmifiuissttper
1173 1733 1273 1770 locum
1291 1733 1438 1772 ..AE'neid-

125 1793 403 1837 lla—Bafileae,
432 1793 688 1843 Henricopetri
1274 1792 1300 1828 f.
1324 1805 1435 1843 1551.

180 1851 218 1888 Si
247 1853 412 1890 Donatum
428 1863 463 1889 et
483 1854 637 1890 Servium
655 1864 749 1889 curae
766 1850 945 1894 habueris,
972 1851 1140 1888 haffi'cenus
1165 1850 1260 1888 inter
1285 1851 1439 1889 clafficas

125 1910 299 1948 editiones
320 1911 390 1948 erit
417 1911 611 1948 referenda.
664 1911 834 1948 Donatum
855 1909 1014 1960 Neapoli
1038 1909 1157 1946 secum
1176 1909 1343 1946 attulerat
1362 1910 1437 1947 Ge.

127 1964 328 2014 Fabricius,
355 1971 392 2007 h.
412 1983 444 2007 e.
461 1969 660 2006 editionem
678 1967 731 2004 ibi
746 1968 928 2017 vulgatam
949 1980 981 2003 a.
1007 1980 1117 2018 1535.
1172 1967 1215 2003 111
1234 1966 1312 2018 ipso
1325 1973 1437 2019 poeta

126 2029 218 2066 nihil
245 2042 360 2079 operae
386 2039 462 2066 tum
491 2027 637 2078 quidem
663 2026 852 2063 collocasse
878 2026 1034 2068 videtur,
1062 2035 1159 2062 certe
1187 2026 1303 2063 nullos
1322 2026 1434 2065 MSS.

127 2089 348 2126 consuluiffe.
404 2087 561 2138 Epistola
578 2086 622 2121 ad
650 2085 797 2122 Valent.
826 2084 1005 2121 Gravium
1031 2084 1173 2134 praefixa
1186 2085 1260 2134 jam
1280 2099 1313 2123 a.
1337 2099 1433 2137 1547

126 2148 210 2184 data
226 2148 288 2191 est,
316 2155 356 2184 ut
371 2145 461 2182 adeo
486 2157 547 2196 per
566 2153 719 2194 quatuor
737 2156 847 2180 annos
866 2143 929 2180 sub
946 2143 1048 2194 prelo
1070 2142 1204 2180 sudaffe
1231 2143 1435 2196 Virgilium

127 2207 258 2243 necess'e
272 2206 326 2243 fit.

180 2265 266 2301 Alia
280 2265 326 2301 est
345 2265 454 2301 Editio
471 2264 639 2313 Lipsiensis
655 2260 759 2309 hujus
773 2259 857 2297 anni
881 2273 943 2311 per
967 2259 1202 2298 Valentinum
1222 2261 1353 2312 Papam
1371 2276 1434 2300 cu-

130 2333 205 2360 rata
220 2327 255 2361 8.
298 2335 387 2373 1551
414 2326 510 2370 (cum
538 2321 701 2358 carmin.
722 2320 887 2365 minor.),
906 2319 965 2356 sed
984 2333 1028 2357 ex
1046 2320 1103 2358 ed.
1128 2319 1227 2370 Lips.
1262 2322 1358 2372 1546
1374 2335 1437 2359 ex-

129 2382 250 2433 preffa.
275 2381 350 2418 vid.
372 2380 523 2417 Gesneri
542 2379 715 2416 Biblioth.
734 2391 796 2428 per
816 2378 964 2415 Frifium
983 2392 1018 2429 p.
1041 2381 1113 2418 268
1138 2378 1192 2422 b.‚
1220 2379 1313 2416 unde
1331 2380 1437 2418 intel-

128 2440 238 2491 ligere
267 2439 356 2476 mihi
375 2439 514 2482 videor,
542 2438 703 2488 Virgilio
720 2451 739 2474 a
760 2437 832 2476 Ge.
866 2436 1034 2475 Fabricio
1051 2437 1241 2475 emendato
1258 2448 1334 2475 tum
1360 2439 1436 2490 pri-

130 2511 227 2535 mum
255 2497 418 2534 leffionis
444 2497 651 2534 varietatem
678 2495 834 2545 ejusdem
864 2496 933 2533 viri
959 2506 1123 2533 accurate
1149 2496 1249 2534 doeti
1265 2497 1436 2536 industria

126 2557 309 2595 acceffiffe.
362 2556 475 2606 Qod
490 2555 598 2592 etiam
619 2555 691 2592 Ge.
726 2554 885 2592 Fabricii
905 2554 1062 2605 Epistola
1078 2555 1124 2591 ad
1141 2555 1270 2604 joach.
1304 2556 1436 2593 Came-

129 2616 262 2655 rarium
282 2613 377 2651 VIII
395 2615 476 2652 Cal.
505 2614 671 2651 Februar.
705 2627 717 2650 1
728 2627 747 2664 5
754 2625 796 2664 51
820 2613 953 2664 scripta
971 2615 1174 2659 confirmat,
1199 2625 1278 2664 quae
1294 2612 1332 2650 in
1348 2613 1435 2652 edd.

129 2674 230 2725 Lips.
250 2682 331 2710 ante
349 2673 515 2710 Culicem
532 2672 668 2724 praefigi
684 2671 784 2710 solet.

181 2735 224 2771 P.
247 2734 289 2770 V.
308 2733 364 2769 M.
393 2732 547 2770 Bucolica
564 2748 633 2770 cum
654 2732 780 2769 Comm.
804 2731 923 2769 Herm.
944 2730 1144 2771 Torrentini.
1200 2731 1436 2782 Antwerpiae.

132 2794 225 2832 Exc.
245 2793 303 2841 Jo.
323 2791 607 2842 Verwithhagen
1265 2794 1301 2830 8.
1326 2803 1435 2842 1551.

183 2853 281 2892 Vide
299 2852 393 2904 apud
411 2852 598 2891 Maittaire
617 2851 665 2892 T.
685 2851 760 2896 III,
788 2865 870 2903 pag.
891 2854 981 2904 605.

1291 2909 1396 2961 Dialy
1410 2925 1439 2948 ις
