<?xml version="1.0" encoding="UTF-8"?>
<!DOCTYPE html PUBLIC "-//W3C//DTD XHTML 1.0 Transitional//EN"
    "http://www.w3.org/TR/xhtml1/DTD/xhtml1-transitional.dtd">
<html xmlns="http://www.w3.org/1999/xhtml" xml:lang="en" lang="en">
 <head>
  <title>
</title>
<meta http-equiv="Content-Type" content="text/html;charset=utf-8" />
  <meta name='ocr-system' content='tesseract 3.04.00' />
  <meta name='ocr-capabilities' content='ocr_page ocr_carea ocr_par ocr_line ocrx_word'/>
</head>
<body>
  <div class='ocr_page' id='page_1' title='image "./operavarietatele01virguoft_0755.png"; bbox 0 0 1821 3381; ppageno 0'>
   <div class='ocr_carea' id='block_1_1' title="bbox 329 279 1406 340">
    <p class='ocr_par' dir='ltr' id='par_1_1' title="bbox 329 279 1406 340">
     <span class='ocr_line' id='line_1_1' title="bbox 329 279 1406 340; baseline -0.003 -11"><span class='ocrx_word' id='word_1_1' title='bbox 329 281 857 340; x_wconf 79' lang='lat' dir='ltr'>GEORGICON,</span> <span class='ocrx_word' id='word_1_2' title='bbox 913 280 1066 328; x_wconf 88' lang='lat' dir='ltr'><strong>LIB.</strong></span> <span class='ocrx_word' id='word_1_3' title='bbox 1112 279 1198 326; x_wconf 91' lang='lat' dir='ltr'>IV.</span> <span class='ocrx_word' id='word_1_4' title='bbox 1318 284 1406 337; x_wconf 87' lang='lat'>481</span> 
     </span>
    </p>
   </div>
   <div class='ocr_carea' id='block_1_2' title="bbox 82 413 1406 933">
    <p class='ocr_par' dir='ltr' id='par_1_2' title="bbox 82 413 1406 751">
     <span class='ocr_line' id='line_1_2' title="bbox 106 413 1406 472; baseline 0.004 -12"><span class='ocrx_word' id='word_1_5' title='bbox 106 413 180 461; x_wconf 87' lang='lat' dir='ltr'>Tu</span> <span class='ocrx_word' id='word_1_6' title='bbox 208 427 365 462; x_wconf 87' lang='lat' dir='ltr'>tamen</span> <span class='ocrx_word' id='word_1_7' title='bbox 391 433 414 463; x_wconf 94' lang='lat' dir='ltr'>e</span> <span class='ocrx_word' id='word_1_8' title='bbox 438 417 529 464; x_wconf 86' lang='lat' dir='ltr'>levi</span> <span class='ocrx_word' id='word_1_9' title='bbox 552 417 721 464; x_wconf 82' lang='lat' dir='ltr'>rimosa</span> <span class='ocrx_word' id='word_1_10' title='bbox 744 417 920 465; x_wconf 80' lang='lat' dir='ltr'>cubilia</span> <span class='ocrx_word' id='word_1_11' title='bbox 944 417 1063 464; x_wconf 81' lang='lat' dir='ltr'>limo</span> <span class='ocrx_word' id='word_1_12' title='bbox 1346 423 1406 472; x_wconf 83' lang='lat'>45</span> 
     </span>
     <span class='ocr_line' id='line_1_3' title="bbox 102 502 1406 571; baseline 0.002 -23"><span class='ocrx_word' id='word_1_13' title='bbox 102 502 280 566; x_wconf 84' lang='lat' dir='ltr'><strong>Ungue</strong></span> <span class='ocrx_word' id='word_1_14' title='bbox 297 504 460 551; x_wconf 86' lang='lat' dir='ltr'>fovens</span> <span class='ocrx_word' id='word_1_15' title='bbox 477 506 674 562; x_wconf 86' lang='lat' dir='ltr'>circum,</span> <span class='ocrx_word' id='word_1_16' title='bbox 691 518 735 552; x_wconf 90' lang='lat' dir='ltr'>et</span> <span class='ocrx_word' id='word_1_17' title='bbox 751 523 874 552; x_wconf 81' lang='lat' dir='ltr'>raras</span> <span class='ocrx_word' id='word_1_18' title='bbox 894 505 1031 569; x_wconf 85' lang='lat' dir='ltr'>super</span> <span class='ocrx_word' id='word_1_19' title='bbox 1046 506 1189 571; x_wconf 85' lang='lat' dir='ltr'>injice</span> <span class='ocrx_word' id='word_1_20' title='bbox 1207 504 1406 552; x_wconf 77' lang='lat' dir='ltr'>frondis,</span> 
     </span>
     <span class='ocr_line' id='line_1_4' title="bbox 82 591 1302 657; baseline 0.005 -19"><span class='ocrx_word' id='word_1_21' title='bbox 82 591 206 639; x_wconf 33' lang='lat' dir='ltr'>xNeu</span> <span class='ocrx_word' id='word_1_22' title='bbox 230 595 427 657; x_wconf 88' lang='lat' dir='ltr'>propius</span> <span class='ocrx_word' id='word_1_23' title='bbox 454 596 586 642; x_wconf 67' lang='lat' dir='ltr'>tec&#39;lzis</span> <span class='ocrx_word' id='word_1_24' title='bbox 613 609 775 645; x_wconf 83' lang='lat' dir='ltr'>taxum</span> <span class='ocrx_word' id='word_1_25' title='bbox 801 597 918 652; x_wconf 88' lang='lat' dir='ltr'>fine;</span> <span class='ocrx_word' id='word_1_26' title='bbox 954 615 1070 645; x_wconf 89' lang='lat' dir='ltr'>neve</span> <span class='ocrx_word' id='word_1_27' title='bbox 1090 598 1302 646; x_wconf 85' lang='lat' dir='ltr'>rubentis</span> 
     </span>
     <span class='ocr_line' id='line_1_5' title="bbox 98 685 1189 751; baseline 0.003 -20"><span class='ocrx_word' id='word_1_28' title='bbox 98 685 200 731; x_wconf 86' lang='lat' dir='ltr'>Ure</span> <span class='ocrx_word' id='word_1_29' title='bbox 224 687 332 731; x_wconf 90' lang='lat' dir='ltr'>foco</span> <span class='ocrx_word' id='word_1_30' title='bbox 354 702 546 732; x_wconf 84' lang='lat' dir='ltr'>cancros</span> <span class='ocrx_word' id='word_1_31' title='bbox 558 710 570 740; x_wconf 92' lang='lat'>;</span> <span class='ocrx_word' id='word_1_32' title='bbox 605 688 714 733; x_wconf 82' lang='lat' dir='ltr'>altae</span> <span class='ocrx_word' id='word_1_33' title='bbox 735 703 825 734; x_wconf 89' lang='lat' dir='ltr'>neu</span> <span class='ocrx_word' id='word_1_34' title='bbox 846 688 987 734; x_wconf 90' lang='lat' dir='ltr'>crede</span> <span class='ocrx_word' id='word_1_35' title='bbox 1009 688 1189 751; x_wconf 84' lang='lat' dir='ltr'>paludi,</span> 
     </span>
    </p>

    <p class='ocr_par' dir='ltr' id='par_1_3' title="bbox 93 774 1403 933">
     <span class='ocr_line' id='line_1_6' title="bbox 94 774 1403 841; baseline 0.003 -22"><span class='ocrx_word' id='word_1_36' title='bbox 94 774 194 820; x_wconf 88' lang='lat' dir='ltr'>Aut</span> <span class='ocrx_word' id='word_1_37' title='bbox 217 774 299 821; x_wconf 90' lang='lat' dir='ltr'>ubi</span> <span class='ocrx_word' id='word_1_38' title='bbox 324 776 441 822; x_wconf 86' lang='lat' dir='ltr'>odor</span> <span class='ocrx_word' id='word_1_39' title='bbox 464 776 593 822; x_wconf 87' lang='lat' dir='ltr'>coeni</span> <span class='ocrx_word' id='word_1_40' title='bbox 616 776 790 839; x_wconf 81' lang='lat' dir='ltr'>graviS,</span> <span class='ocrx_word' id='word_1_41' title='bbox 823 787 904 822; x_wconf 87' lang='lat' dir='ltr'>aut</span> <span class='ocrx_word' id='word_1_42' title='bbox 926 776 1010 822; x_wconf 90' lang='lat' dir='ltr'>ubi</span> <span class='ocrx_word' id='word_1_43' title='bbox 1035 793 1241 825; x_wconf 83' lang='lat' dir='ltr'>concava</span> <span class='ocrx_word' id='word_1_44' title='bbox 1264 776 1403 841; x_wconf 90' lang='lat' dir='ltr'>pulsu</span> 
     </span>
     <span class='ocr_line' id='line_1_7' title="bbox 93 864 1403 933; baseline 0.005 -22"><span class='ocrx_word' id='word_1_45' title='bbox 93 864 213 911; x_wconf 78' lang='lat' dir='ltr'>Saxa</span> <span class='ocrx_word' id='word_1_46' title='bbox 253 865 428 923; x_wconf 83' lang='lat' dir='ltr'>sonant,</span> <span class='ocrx_word' id='word_1_47' title='bbox 465 865 684 929; x_wconf 87' lang='lat' dir='ltr'>vocisque</span> <span class='ocrx_word' id='word_1_48' title='bbox 706 865 881 913; x_wconf 82' lang='lat' dir='ltr'>offensa</span> <span class='ocrx_word' id='word_1_49' title='bbox 902 866 1092 913; x_wconf 82' lang='lat' dir='ltr'>resultat</span> <span class='ocrx_word' id='word_1_50' title='bbox 1114 868 1291 931; x_wconf 83' lang='lat' dir='ltr'><strong>imago.</strong></span> <span class='ocrx_word' id='word_1_51' title='bbox 1339 885 1403 933; x_wconf 82' lang='lat'>50</span> 
     </span>
    </p>
   </div>
   <div class='ocr_carea' id='block_1_3' title="bbox 72 996 1400 1910">
    <p class='ocr_par' dir='ltr' id='par_1_4' title="bbox 72 996 1400 1910">
     <span class='ocr_line' id='line_1_8' title="bbox 135 996 1400 1043; baseline 0.004 -16"><span class='ocrx_word' id='word_1_52' title='bbox 135 1005 186 1034; x_wconf 83' lang='lat'>45.</span> <span class='ocrx_word' id='word_1_53' title='bbox 211 1009 224 1026; x_wconf 79' lang='lat' dir='ltr'>e</span> <span class='ocrx_word' id='word_1_54' title='bbox 241 1003 349 1028; x_wconf 85' lang='lat' dir='ltr'>tuetur</span> <span class='ocrx_word' id='word_1_55' title='bbox 375 996 487 1028; x_wconf 84' lang='lat' dir='ltr'>Heins.</span> <span class='ocrx_word' id='word_1_56' title='bbox 516 1008 532 1028; x_wconf 89' lang='lat' dir='ltr'>e</span> <span class='ocrx_word' id='word_1_57' title='bbox 557 997 673 1029; x_wconf 81' lang='lat' dir='ltr'>Medic.</span> <span class='ocrx_word' id='word_1_58' title='bbox 700 1004 732 1028; x_wconf 84' lang='lat' dir='ltr'>et</span> <span class='ocrx_word' id='word_1_59' title='bbox 754 997 826 1028; x_wconf 84' lang='lat' dir='ltr'>aliis</span> <span class='ocrx_word' id='word_1_60' title='bbox 847 998 1072 1041; x_wconf 79' lang='lat' dir='ltr'>compluribus.</span> <span class='ocrx_word' id='word_1_61' title='bbox 1116 999 1223 1042; x_wconf 80' lang='lat' dir='ltr'>Vulgo</span> <span class='ocrx_word' id='word_1_62' title='bbox 1249 1008 1285 1040; x_wconf 83' lang='lat' dir='ltr'>et,</span> <span class='ocrx_word' id='word_1_63' title='bbox 1313 1000 1400 1043; x_wconf 83' lang='lat' dir='ltr'>quod</span> 
     </span>
     <span class='ocr_line' id='line_1_9' title="bbox 90 1044 1400 1090; baseline 0.005 -13"><span class='ocrx_word' id='word_1_64' title='bbox 90 1044 231 1088; x_wconf 85' lang='lat' dir='ltr'>Nauger.</span> <span class='ocrx_word' id='word_1_65' title='bbox 257 1047 376 1086; x_wconf 83' lang='lat' dir='ltr'>intulit,</span> <span class='ocrx_word' id='word_1_66' title='bbox 398 1049 546 1090; x_wconf 84' lang='lat' dir='ltr'>quodque</span> <span class='ocrx_word' id='word_1_67' title='bbox 569 1048 650 1079; x_wconf 89' lang='lat' dir='ltr'>bene</span> <span class='ocrx_word' id='word_1_68' title='bbox 672 1047 821 1080; x_wconf 85' lang='lat' dir='ltr'>convenit</span> <span class='ocrx_word' id='word_1_69' title='bbox 841 1060 913 1080; x_wconf 89' lang='lat' dir='ltr'>cum</span> <span class='ocrx_word' id='word_1_70' title='bbox 940 1050 1041 1082; x_wconf 84' lang='lat' dir='ltr'>altero</span> <span class='ocrx_word' id='word_1_71' title='bbox 1062 1057 1096 1082; x_wconf 83' lang='lat' dir='ltr'>et.</span> <span class='ocrx_word' id='word_1_72' title='bbox 1121 1050 1158 1083; x_wconf 90' lang='lat' dir='ltr'>cf.</span> <span class='ocrx_word' id='word_1_73' title='bbox 1185 1054 1285 1090; x_wconf 66' lang='lat' dir='ltr'>Serv„</span> <span class='ocrx_word' id='word_1_74' title='bbox 1313 1052 1400 1084; x_wconf 77' lang='lat' dir='ltr'>abest</span> 
     </span>
     <span class='ocr_line' id='line_1_10' title="bbox 90 1099 1308 1143; baseline 0.007 -16"><span class='ocrx_word' id='word_1_75' title='bbox 90 1104 263 1139; x_wconf 69' lang='lat' dir='ltr'>utrumque</span> <span class='ocrx_word' id='word_1_76' title='bbox 279 1099 367 1131; x_wconf 86' lang='lat' dir='ltr'>Toll.</span> <span class='ocrx_word' id='word_1_77' title='bbox 412 1101 507 1140; x_wconf 78' lang='lat' dir='ltr'>limosa</span> <span class='ocrx_word' id='word_1_78' title='bbox 523 1099 648 1130; x_wconf 84' lang='lat' dir='ltr'>Zulich.</span> <span class='ocrx_word' id='word_1_79' title='bbox 691 1101 809 1131; x_wconf 81' lang='lat' dir='ltr'>cubicula</span> <span class='ocrx_word' id='word_1_80' title='bbox 826 1101 946 1134; x_wconf 85' lang='lat' dir='ltr'>Bodlei.</span> <span class='ocrx_word' id='word_1_81' title='bbox 1035 1101 1087 1139; x_wconf 87' lang='grc'>46.</span> <span class='ocrx_word' id='word_1_82' title='bbox 1099 1105 1210 1143; x_wconf 68' lang='lat' dir='ltr'>favens</span> <span class='ocrx_word' id='word_1_83' title='bbox 1223 1104 1308 1136; x_wconf 91' lang='lat' dir='ltr'>Toll.</span> 
     </span>
     <span class='ocr_line' id='line_1_11' title="bbox 87 1149 1397 1197; baseline 0.005 -18"><span class='ocrx_word' id='word_1_84' title='bbox 87 1157 230 1189; x_wconf 80' lang='lat'><strong>47—50.</strong></span> <span class='ocrx_word' id='word_1_85' title='bbox 254 1149 384 1181; x_wconf 79' lang='lat' dir='ltr'>Possunt</span> <span class='ocrx_word' id='word_1_86' title='bbox 402 1150 470 1181; x_wconf 84' lang='lat' dir='ltr'>haec</span> <span class='ocrx_word' id='word_1_87' title='bbox 486 1150 589 1181; x_wconf 87' lang='lat' dir='ltr'>videri</span> <span class='ocrx_word' id='word_1_88' title='bbox 615 1151 719 1182; x_wconf 84' lang='lat' dir='ltr'>alieno</span> <span class='ocrx_word' id='word_1_89' title='bbox 745 1152 815 1183; x_wconf 91' lang='lat' dir='ltr'>loco</span> <span class='ocrx_word' id='word_1_90' title='bbox 842 1152 954 1194; x_wconf 89' lang='lat' dir='ltr'>pofita,</span> <span class='ocrx_word' id='word_1_91' title='bbox 976 1160 1008 1184; x_wconf 90' lang='lat' dir='ltr'>et</span> <span class='ocrx_word' id='word_1_92' title='bbox 1037 1153 1132 1196; x_wconf 84' lang='lat' dir='ltr'>supra</span> <span class='ocrx_word' id='word_1_93' title='bbox 1154 1154 1238 1186; x_wconf 86' lang='lat' dir='ltr'>inter</span> <span class='ocrx_word' id='word_1_94' title='bbox 1261 1167 1310 1193; x_wconf 86' lang='lat' dir='ltr'>ea,</span> <span class='ocrx_word' id='word_1_95' title='bbox 1324 1165 1397 1197; x_wconf 76' lang='lat' dir='ltr'>quae</span> 
     </span>
     <span class='ocr_line' id='line_1_12' title="bbox 91 1201 1397 1245; baseline 0.006 -15"><span class='ocrx_word' id='word_1_96' title='bbox 91 1201 231 1231; x_wconf 81' lang='lat' dir='ltr'>cavenda</span> <span class='ocrx_word' id='word_1_97' title='bbox 258 1201 340 1238; x_wconf 83' lang='lat' dir='ltr'>sunt,</span> <span class='ocrx_word' id='word_1_98' title='bbox 362 1201 527 1232; x_wconf 77' lang='lat' dir='ltr'>referenda</span> <span class='ocrx_word' id='word_1_99' title='bbox 551 1201 652 1233; x_wconf 81' lang='lat' dir='ltr'>fuiffe.</span> <span class='ocrx_word' id='word_1_100' title='bbox 695 1203 803 1234; x_wconf 82' lang='lat' dir='ltr'>Etiam</span> <span class='ocrx_word' id='word_1_101' title='bbox 827 1206 886 1245; x_wconf 86' lang='lat' dir='ltr'><strong>J0.·</strong></span> <span class='ocrx_word' id='word_1_102' title='bbox 905 1204 1069 1235; x_wconf 85' lang='lat' dir='ltr'>Schrader.</span> <span class='ocrx_word' id='word_1_103' title='bbox 1090 1206 1122 1236; x_wconf 87' lang='lat' dir='ltr'>in</span> <span class='ocrx_word' id='word_1_104' title='bbox 1149 1206 1269 1237; x_wconf 81' lang='lat' dir='ltr'>schedis</span> <span class='ocrx_word' id='word_1_105' title='bbox 1289 1208 1397 1239; x_wconf 88' lang='lat' dir='ltr'>locum</span> 
     </span>
     <span class='ocr_line' id='line_1_13' title="bbox 87 1250 1397 1299; baseline 0.006 -17"><span class='ocrx_word' id='word_1_106' title='bbox 87 1250 150 1282; x_wconf 85' lang='lat' dir='ltr'>illis</span> <span class='ocrx_word' id='word_1_107' title='bbox 165 1252 256 1283; x_wconf 84' lang='lat' dir='ltr'>suum</span> <span class='ocrx_word' id='word_1_108' title='bbox 274 1252 545 1294; x_wconf 83' lang='lat' dir='ltr'>circumspiciebat</span> <span class='ocrx_word' id='word_1_109' title='bbox 561 1253 630 1295; x_wconf 87' lang='lat' dir='ltr'>post</span> <span class='ocrx_word' id='word_1_110' title='bbox 642 1264 673 1284; x_wconf 86' lang='lat' dir='ltr'>v.</span> <span class='ocrx_word' id='word_1_111' title='bbox 686 1263 738 1293; x_wconf 79' lang='lat'>32.</span> <span class='ocrx_word' id='word_1_112' title='bbox 784 1256 915 1286; x_wconf 85' lang='lat' dir='ltr'>Poteras</span> <span class='ocrx_word' id='word_1_113' title='bbox 930 1256 997 1297; x_wconf 85' lang='lat' dir='ltr'>pari</span> <span class='ocrx_word' id='word_1_114' title='bbox 1010 1257 1081 1297; x_wconf 85' lang='lat' dir='ltr'>jure</span> <span class='ocrx_word' id='word_1_115' title='bbox 1097 1257 1165 1299; x_wconf 89' lang='lat' dir='ltr'>post</span> <span class='ocrx_word' id='word_1_116' title='bbox 1181 1269 1212 1290; x_wconf 83' lang='lat' dir='ltr'>v.</span> <span class='ocrx_word' id='word_1_117' title='bbox 1239 1266 1278 1299; x_wconf 89' lang='lat'>17</span> <span class='ocrx_word' id='word_1_118' title='bbox 1295 1269 1397 1290; x_wconf 82' lang='lat' dir='ltr'>annu-</span> 
     </span>
     <span class='ocr_line' id='line_1_14' title="bbox 86 1304 1397 1350; baseline 0.006 -16"><span class='ocrx_word' id='word_1_119' title='bbox 86 1313 223 1336; x_wconf 83' lang='lat' dir='ltr'>merare.</span> <span class='ocrx_word' id='word_1_120' title='bbox 270 1304 394 1335; x_wconf 78' lang='lat' dir='ltr'>Scilicet</span> <span class='ocrx_word' id='word_1_121' title='bbox 408 1304 430 1336; x_wconf 86' lang='lat' dir='ltr'><strong>fi</strong></span> <span class='ocrx_word' id='word_1_122' title='bbox 445 1304 478 1336; x_wconf 91' lang='lat' dir='ltr'>in</span> <span class='ocrx_word' id='word_1_123' title='bbox 495 1305 684 1346; x_wconf 88' lang='lat' dir='ltr'>philosopho</span> <span class='ocrx_word' id='word_1_124' title='bbox 699 1308 843 1347; x_wconf 75' lang='lat' dir='ltr'>dogmatico</span> <span class='ocrx_word' id='word_1_125' title='bbox 859 1306 1042 1344; x_wconf 77' lang='lat' dir='ltr'>versabaris,</span> <span class='ocrx_word' id='word_1_126' title='bbox 1063 1308 1095 1339; x_wconf 88' lang='lat' dir='ltr'>id</span> <span class='ocrx_word' id='word_1_127' title='bbox 1112 1309 1198 1350; x_wconf 82' lang='lat' dir='ltr'>exigi</span> <span class='ocrx_word' id='word_1_128' title='bbox 1212 1317 1348 1350; x_wconf 78' lang='lat' dir='ltr'>poterat,</span> <span class='ocrx_word' id='word_1_129' title='bbox 1359 1319 1397 1343; x_wconf 82' lang='lat' dir='ltr'>ut</span> 
     </span>
     <span class='ocr_line' id='line_1_15' title="bbox 83 1353 1396 1399; baseline 0.005 -14"><span class='ocrx_word' id='word_1_130' title='bbox 83 1353 197 1385; x_wconf 90' lang='lat' dir='ltr'>severo</span> <span class='ocrx_word' id='word_1_131' title='bbox 213 1366 248 1386; x_wconf 84' lang='lat' dir='ltr'>ac</span> <span class='ocrx_word' id='word_1_132' title='bbox 269 1355 376 1386; x_wconf 88' lang='lat' dir='ltr'>subtili</span> <span class='ocrx_word' id='word_1_133' title='bbox 393 1356 504 1387; x_wconf 84' lang='lat' dir='ltr'>ordine</span> <span class='ocrx_word' id='word_1_134' title='bbox 522 1356 575 1386; x_wconf 88' lang='lat' dir='ltr'>ille</span> <span class='ocrx_word' id='word_1_135' title='bbox 598 1364 751 1387; x_wconf 83' lang='lat' dir='ltr'>uteretur.</span> <span class='ocrx_word' id='word_1_136' title='bbox 795 1357 939 1388; x_wconf 76' lang='lat' dir='ltr'>Servavit</span> <span class='ocrx_word' id='word_1_137' title='bbox 959 1368 1083 1399; x_wconf 88' lang='lat' dir='ltr'>quoque</span> <span class='ocrx_word' id='word_1_138' title='bbox 1101 1369 1174 1389; x_wconf 86' lang='lat' dir='ltr'>eum</span> <span class='ocrx_word' id='word_1_139' title='bbox 1191 1359 1318 1390; x_wconf 88' lang='lat' dir='ltr'>Colum.</span> <span class='ocrx_word' id='word_1_140' title='bbox 1336 1360 1357 1391; x_wconf 88' lang='lat' dir='ltr'>l.</span> <span class='ocrx_word' id='word_1_141' title='bbox 1373 1361 1396 1392; x_wconf 91' lang='lat'>1.</span> 
     </span>
     <span class='ocr_line' id='line_1_16' title="bbox 85 1407 1396 1446; baseline 0.005 -10"><span class='ocrx_word' id='word_1_142' title='bbox 85 1407 149 1443; x_wconf 88' lang='lat' dir='ltr'>IX,</span> <span class='ocrx_word' id='word_1_143' title='bbox 170 1417 203 1445; x_wconf 80' lang='lat'>5,</span> <span class='ocrx_word' id='word_1_144' title='bbox 219 1417 248 1444; x_wconf 85' lang='lat'>4.</span> <span class='ocrx_word' id='word_1_145' title='bbox 267 1417 298 1446; x_wconf 77' lang='lat'>5.</span> <span class='ocrx_word' id='word_1_146' title='bbox 321 1407 352 1437; x_wconf 91' lang='lat'>6.</span> <span class='ocrx_word' id='word_1_147' title='bbox 396 1408 465 1438; x_wconf 86' lang='lat' dir='ltr'>Nec</span> <span class='ocrx_word' id='word_1_148' title='bbox 486 1415 593 1438; x_wconf 83' lang='lat' dir='ltr'>tamen</span> <span class='ocrx_word' id='word_1_149' title='bbox 620 1407 756 1439; x_wconf 81' lang='lat' dir='ltr'>turbasse</span> <span class='ocrx_word' id='word_1_150' title='bbox 777 1408 923 1439; x_wconf 86' lang='lat' dir='ltr'>ordinem</span> <span class='ocrx_word' id='word_1_151' title='bbox 939 1409 1167 1441; x_wconf 80' lang='lat' dir='ltr'>sententiarum</span> <span class='ocrx_word' id='word_1_152' title='bbox 1183 1411 1285 1441; x_wconf 82' lang='lat' dir='ltr'>videri</span> <span class='ocrx_word' id='word_1_153' title='bbox 1301 1412 1396 1444; x_wconf 88' lang='lat' dir='ltr'>debe-</span> 
     </span>
     <span class='ocr_line' id='line_1_17' title="bbox 85 1457 1395 1504; baseline 0.004 -15"><span class='ocrx_word' id='word_1_154' title='bbox 85 1457 139 1489; x_wconf 84' lang='lat' dir='ltr'>bat</span> <span class='ocrx_word' id='word_1_155' title='bbox 156 1460 260 1499; x_wconf 67' lang='lat' dir='ltr'>poeta.</span> <span class='ocrx_word' id='word_1_156' title='bbox 307 1459 408 1499; x_wconf 84' lang='lat' dir='ltr'>Supra</span> <span class='ocrx_word' id='word_1_157' title='bbox 424 1468 454 1488; x_wconf 78' lang='grc' dir='ltr'>ν.</span> <span class='ocrx_word' id='word_1_158' title='bbox 473 1457 491 1489; x_wconf 84' lang='grc'><strong>8</strong></span> <span class='ocrx_word' id='word_1_159' title='bbox 511 1458 577 1500; x_wconf 86' lang='lat' dir='ltr'>sqq.</span> <span class='ocrx_word' id='word_1_160' title='bbox 595 1458 633 1488; x_wconf 88' lang='lat' dir='ltr'>de</span> <span class='ocrx_word' id='word_1_161' title='bbox 649 1458 705 1489; x_wconf 87' lang='lat' dir='ltr'>fitu</span> <span class='ocrx_word' id='word_1_162' title='bbox 723 1459 864 1497; x_wconf 73' lang='lat' dir='ltr'>alvearii,</span> <span class='ocrx_word' id='word_1_163' title='bbox 884 1466 955 1490; x_wconf 86' lang='lat' dir='ltr'>tum</span> <span class='ocrx_word' id='word_1_164' title='bbox 971 1470 1040 1501; x_wconf 88' lang='lat' dir='ltr'>quae</span> <span class='ocrx_word' id='word_1_165' title='bbox 1055 1460 1088 1490; x_wconf 90' lang='lat' dir='ltr'>in</span> <span class='ocrx_word' id='word_1_166' title='bbox 1105 1471 1142 1491; x_wconf 92' lang='lat' dir='ltr'>eo</span> <span class='ocrx_word' id='word_1_167' title='bbox 1162 1461 1301 1492; x_wconf 82' lang='lat' dir='ltr'>cavenda</span> <span class='ocrx_word' id='word_1_168' title='bbox 1311 1463 1395 1504; x_wconf 89' lang='lat' dir='ltr'>sunt,</span> 
     </span>
     <span class='ocr_line' id='line_1_18' title="bbox 83 1508 1393 1554; baseline 0.004 -15"><span class='ocrx_word' id='word_1_169' title='bbox 83 1509 218 1549; x_wconf 80' lang='lat' dir='ltr'>agebat3</span> <span class='ocrx_word' id='word_1_170' title='bbox 241 1508 314 1540; x_wconf 87' lang='lat' dir='ltr'>inde</span> <span class='ocrx_word' id='word_1_171' title='bbox 334 1519 352 1539; x_wconf 92' lang='lat' dir='ltr'>a</span> <span class='ocrx_word' id='word_1_172' title='bbox 373 1520 404 1540; x_wconf 88' lang='lat' dir='ltr'>v.</span> <span class='ocrx_word' id='word_1_173' title='bbox 425 1519 464 1549; x_wconf 84' lang='lat'>33</span> <span class='ocrx_word' id='word_1_174' title='bbox 483 1510 522 1540; x_wconf 90' lang='lat' dir='ltr'>de</span> <span class='ocrx_word' id='word_1_175' title='bbox 546 1510 611 1551; x_wconf 87' lang='lat' dir='ltr'>ipsa</span> <span class='ocrx_word' id='word_1_176' title='bbox 631 1509 772 1548; x_wconf 83' lang='lat' dir='ltr'>fabrica3</span> <span class='ocrx_word' id='word_1_177' title='bbox 795 1510 1003 1551; x_wconf 62' lang='lat' dir='ltr'>specstandum</span> <span class='ocrx_word' id='word_1_178' title='bbox 1019 1511 1052 1542; x_wconf 90' lang='lat' dir='ltr'>in</span> <span class='ocrx_word' id='word_1_179' title='bbox 1068 1511 1138 1550; x_wconf 83' lang='lat' dir='ltr'>hac,</span> <span class='ocrx_word' id='word_1_180' title='bbox 1164 1519 1197 1542; x_wconf 91' lang='lat' dir='ltr'>ut</span> <span class='ocrx_word' id='word_1_181' title='bbox 1222 1513 1393 1554; x_wconf 84' lang='lat' dir='ltr'>angustum</span> 
     </span>
     <span class='ocr_line' id='line_1_19' title="bbox 83 1559 1392 1606; baseline 0.004 -16"><span class='ocrx_word' id='word_1_182' title='bbox 83 1559 120 1591; x_wconf 89' lang='lat' dir='ltr'>fit</span> <span class='ocrx_word' id='word_1_183' title='bbox 137 1560 272 1598; x_wconf 81' lang='lat' dir='ltr'>ostium3</span> <span class='ocrx_word' id='word_1_184' title='bbox 294 1567 341 1598; x_wconf 92' lang='lat' dir='ltr'>ut,</span> <span class='ocrx_word' id='word_1_185' title='bbox 357 1560 502 1603; x_wconf 81' lang='lat' dir='ltr'>exemplo</span> <span class='ocrx_word' id='word_1_186' title='bbox 519 1571 627 1602; x_wconf 84' lang='lat' dir='ltr'>apum,</span> <span class='ocrx_word' id='word_1_187' title='bbox 649 1561 687 1591; x_wconf 80' lang='lat' dir='ltr'>ab</span> <span class='ocrx_word' id='word_1_188' title='bbox 712 1561 833 1603; x_wconf 81' lang='lat' dir='ltr'>apiario</span> <span class='ocrx_word' id='word_1_189' title='bbox 858 1562 948 1592; x_wconf 79' lang='lat' dir='ltr'>riniae</span> <span class='ocrx_word' id='word_1_190' title='bbox 966 1570 997 1593; x_wconf 85' lang='lat' dir='ltr'>et</span> <span class='ocrx_word' id='word_1_191' title='bbox 1013 1562 1170 1593; x_wconf 87' lang='lat' dir='ltr'>foramina</span> <span class='ocrx_word' id='word_1_192' title='bbox 1186 1563 1392 1606; x_wconf 78' lang='lat' dir='ltr'>oblinantur;</span> 
     </span>
     <span class='ocr_line' id='line_1_20' title="bbox 81 1611 1391 1657; baseline 0.003 -15"><span class='ocrx_word' id='word_1_193' title='bbox 81 1611 210 1642; x_wconf 74' lang='lat' dir='ltr'>tandem</span> <span class='ocrx_word' id='word_1_194' title='bbox 229 1618 263 1642; x_wconf 87' lang='lat' dir='ltr'>ut</span> <span class='ocrx_word' id='word_1_195' title='bbox 282 1622 339 1641; x_wconf 83' lang='lat' dir='ltr'>nec</span> <span class='ocrx_word' id='word_1_196' title='bbox 356 1612 435 1642; x_wconf 88' lang='lat' dir='ltr'>odor</span> <span class='ocrx_word' id='word_1_197' title='bbox 451 1622 508 1642; x_wconf 87' lang='lat' dir='ltr'>nec</span> <span class='ocrx_word' id='word_1_198' title='bbox 532 1613 628 1642; x_wconf 83' lang='lat' dir='ltr'>sonus</span> <span class='ocrx_word' id='word_1_199' title='bbox 655 1611 784 1643; x_wconf 84' lang='lat' dir='ltr'>infestus</span> <span class='ocrx_word' id='word_1_200' title='bbox 799 1612 838 1643; x_wconf 84' lang='lat' dir='ltr'>ad</span> <span class='ocrx_word' id='word_1_201' title='bbox 858 1623 931 1654; x_wconf 86' lang='lat' dir='ltr'>apes</span> <span class='ocrx_word' id='word_1_202' title='bbox 946 1613 1081 1644; x_wconf 84' lang='lat' dir='ltr'>accedat.</span> <span class='ocrx_word' id='word_1_203' title='bbox 1172 1622 1223 1652; x_wconf 78' lang='lat'>47.</span> <span class='ocrx_word' id='word_1_204' title='bbox 1247 1615 1391 1657; x_wconf 63' lang='lat' dir='ltr'>Nea-pro-</span> 
     </span>
     <span class='ocr_line' id='line_1_21' title="bbox 76 1661 1389 1704; baseline 0.005 -15"><span class='ocrx_word' id='word_1_205' title='bbox 76 1663 141 1702; x_wconf 77' lang='lat' dir='ltr'>pius</span> <span class='ocrx_word' id='word_1_206' title='bbox 155 1668 229 1691; x_wconf 88' lang='lat' dir='ltr'>tert.</span> <span class='ocrx_word' id='word_1_207' title='bbox 248 1661 403 1691; x_wconf 82' lang='lat' dir='ltr'>Rottend.</span> <span class='ocrx_word' id='word_1_208' title='bbox 451 1662 500 1691; x_wconf 83' lang='lat' dir='ltr'>Ne</span> <span class='ocrx_word' id='word_1_209' title='bbox 526 1661 707 1692; x_wconf 70' lang='lat' dir='ltr'>Arusianus.</span> <span class='ocrx_word' id='word_1_210' title='bbox 751 1663 915 1704; x_wconf 53' lang='lat' dir='ltr'>taxum—fine</span> <span class='ocrx_word' id='word_1_211' title='bbox 934 1665 1010 1693; x_wconf 65' lang='lat' dir='ltr'>teHis</span> <span class='ocrx_word' id='word_1_212' title='bbox 1026 1662 1106 1694; x_wconf 78' lang='lat' dir='ltr'>alter</span> <span class='ocrx_word' id='word_1_213' title='bbox 1121 1663 1248 1695; x_wconf 79' lang='lat' dir='ltr'>Moret.</span> <span class='ocrx_word' id='word_1_214' title='bbox 1292 1672 1389 1696; x_wconf 78' lang='lat' dir='ltr'><em>taxum</em></span> 
     </span>
     <span class='ocr_line' id='line_1_22' title="bbox 78 1711 1388 1756; baseline 0.005 -14"><span class='ocrx_word' id='word_1_215' title='bbox 78 1712 220 1754; x_wconf 62' lang='lat' dir='ltr'>tcfiissne</span> <span class='ocrx_word' id='word_1_216' title='bbox 237 1711 405 1754; x_wconf 82' lang='lat' dir='ltr'>Oblongus</span> <span class='ocrx_word' id='word_1_217' title='bbox 421 1711 528 1742; x_wconf 85' lang='lat' dir='ltr'>Pierii.</span> <span class='ocrx_word' id='word_1_218' title='bbox 616 1722 669 1754; x_wconf 80' lang='grc'>49.</span> <span class='ocrx_word' id='word_1_219' title='bbox 692 1714 750 1742; x_wconf 80' lang='lat' dir='ltr'>odos</span> <span class='ocrx_word' id='word_1_220' title='bbox 763 1720 836 1743; x_wconf 84' lang='lat' dir='ltr'>tert.</span> <span class='ocrx_word' id='word_1_221' title='bbox 853 1714 1009 1745; x_wconf 84' lang='lat' dir='ltr'>Rottend.</span> <span class='ocrx_word' id='word_1_222' title='bbox 1055 1716 1112 1744; x_wconf 83' lang='lat' dir='ltr'>olor</span> <span class='ocrx_word' id='word_1_223' title='bbox 1133 1714 1256 1745; x_wconf 84' lang='lat' dir='ltr'>Barthii</span> <span class='ocrx_word' id='word_1_224' title='bbox 1278 1717 1388 1756; x_wconf 86' lang='lat' dir='ltr'>codex,</span> 
     </span>
     <span class='ocr_line' id='line_1_23' title="bbox 79 1764 1386 1810; baseline 0.005 -16"><span class='ocrx_word' id='word_1_225' title='bbox 79 1775 177 1805; x_wconf 79' lang='lat' dir='ltr'>quem</span> <span class='ocrx_word' id='word_1_226' title='bbox 201 1775 234 1796; x_wconf 91' lang='lat' dir='ltr'>v.</span> <span class='ocrx_word' id='word_1_227' title='bbox 258 1764 346 1797; x_wconf 85' lang='lat' dir='ltr'>Adv.</span> <span class='ocrx_word' id='word_1_228' title='bbox 371 1765 550 1802; x_wconf 84' lang='lat' dir='ltr'>XXXVII,</span> <span class='ocrx_word' id='word_1_229' title='bbox 578 1764 598 1794; x_wconf 87' lang='grc'>6</span> <span class='ocrx_word' id='word_1_230' title='bbox 625 1773 657 1795; x_wconf 87' lang='lat' dir='ltr'>ct</span> <span class='ocrx_word' id='word_1_231' title='bbox 681 1776 718 1795; x_wconf 86' lang='lat' dir='ltr'>ex</span> <span class='ocrx_word' id='word_1_232' title='bbox 743 1775 781 1795; x_wconf 88' lang='lat' dir='ltr'>eo</span> <span class='ocrx_word' id='word_1_233' title='bbox 809 1765 974 1797; x_wconf 88' lang='lat' dir='ltr'>Keuchen.</span> <span class='ocrx_word' id='word_1_234' title='bbox 998 1765 1039 1796; x_wconf 86' lang='lat' dir='ltr'>ad</span> <span class='ocrx_word' id='word_1_235' title='bbox 1059 1768 1125 1796; x_wconf 83' lang='lat' dir='ltr'>Ser.</span> <span class='ocrx_word' id='word_1_236' title='bbox 1148 1767 1304 1798; x_wconf 74' lang='lat' dir='ltr'>Samonic.</span> <span class='ocrx_word' id='word_1_237' title='bbox 1331 1779 1386 1810; x_wconf 87' lang='lat'>97.</span> 
     </span>
     <span class='ocr_line' id='line_1_24' title="bbox 75 1815 1388 1861; baseline 0.005 -16"><span class='ocrx_word' id='word_1_238' title='bbox 75 1818 149 1846; x_wconf 73' lang='lat' dir='ltr'>dolor</span> <span class='ocrx_word' id='word_1_239' title='bbox 170 1827 228 1858; x_wconf 86' lang='lat' dir='ltr'>pro</span> <span class='ocrx_word' id='word_1_240' title='bbox 255 1827 324 1846; x_wconf 74' lang='lat' dir='ltr'>var.</span> <span class='ocrx_word' id='word_1_241' title='bbox 349 1816 423 1847; x_wconf 54' lang='lat' dir='ltr'>ledi.</span> <span class='ocrx_word' id='word_1_242' title='bbox 452 1816 484 1847; x_wconf 90' lang='lat' dir='ltr'>in</span> <span class='ocrx_word' id='word_1_243' title='bbox 509 1817 606 1854; x_wconf 87' lang='lat' dir='ltr'>Gud.,</span> <span class='ocrx_word' id='word_1_244' title='bbox 627 1815 709 1847; x_wconf 83' lang='lat' dir='ltr'>forte</span> <span class='ocrx_word' id='word_1_245' title='bbox 727 1828 763 1847; x_wconf 82' lang='lat' dir='ltr'>ex</span> <span class='ocrx_word' id='word_1_246' title='bbox 781 1818 846 1850; x_wconf 86' lang='lat' dir='ltr'>olor.</span> <span class='ocrx_word' id='word_1_247' title='bbox 886 1820 964 1860; x_wconf 46' lang='lat' dir='ltr'>pul-&#39;sb</span> <span class='ocrx_word' id='word_1_248' title='bbox 980 1818 1068 1850; x_wconf 88' lang='lat' dir='ltr'>idem</span> <span class='ocrx_word' id='word_1_249' title='bbox 1084 1829 1102 1849; x_wconf 82' lang='lat' dir='ltr'>a</span> <span class='ocrx_word' id='word_1_250' title='bbox 1117 1829 1160 1849; x_wconf 87' lang='lat' dir='ltr'>m.</span> <span class='ocrx_word' id='word_1_251' title='bbox 1175 1828 1226 1861; x_wconf 85' lang='lat' dir='ltr'>pr.</span> <span class='ocrx_word' id='word_1_252' title='bbox 1265 1824 1388 1861; x_wconf 69' lang='lat' dir='ltr'>grandia</span> 
     </span>
     <span class='ocr_line' id='line_1_25' title="bbox 72 1867 769 1910; baseline 0.003 -14"><span class='ocrx_word' id='word_1_253' title='bbox 72 1869 153 1910; x_wconf 63' lang='lat' dir='ltr'>pugfiz</span> <span class='ocrx_word' id='word_1_254' title='bbox 170 1867 297 1899; x_wconf 79' lang='lat' dir='ltr'>Vratiss.</span> <span class='ocrx_word' id='word_1_255' title='bbox 388 1877 442 1907; x_wconf 84' lang='lat'>50.</span> <span class='ocrx_word' id='word_1_256' title='bbox 464 1871 526 1899; x_wconf 75' lang='lat' dir='ltr'>voci</span> <span class='ocrx_word' id='word_1_257' title='bbox 543 1868 600 1900; x_wconf 81' lang='lat' dir='ltr'>Ed.</span> <span class='ocrx_word' id='word_1_258' title='bbox 620 1867 769 1898; x_wconf 77' lang='lat' dir='ltr'>Norimb.</span> 
     </span>
    </p>
   </div>
   <div class='ocr_carea' id='block_1_4' title="bbox 1313 1121 1399 1128">
    <p class='ocr_par' dir='ltr' id='par_1_5' title="bbox 1313 1121 1399 1128">
     <span class='ocr_line' id='line_1_26' title="bbox 1313 1121 1399 1128; baseline 0 2253"><span class='ocrx_word' id='word_1_259' title='bbox 1313 1121 1399 1128; x_wconf 95' lang='lat' dir='ltr'> </span> 
     </span>
    </p>
   </div>
   <div class='ocr_carea' id='block_1_5' title="bbox 950 1119 1033 1126">
    <p class='ocr_par' dir='ltr' id='par_1_6' title="bbox 950 1119 1033 1126">
     <span class='ocr_line' id='line_1_27' title="bbox 950 1119 1033 1126; baseline 0 0"><span class='ocrx_word' id='word_1_260' title='bbox 950 1119 1033 1126; x_wconf 95' lang='lat' dir='ltr'> </span> 
     </span>
    </p>
   </div>
   <div class='ocr_carea' id='block_1_6' title="bbox 1086 1630 1169 1637">
    <p class='ocr_par' dir='ltr' id='par_1_7' title="bbox 1086 1630 1169 1637">
     <span class='ocr_line' id='line_1_28' title="bbox 1086 1630 1169 1637; baseline 0 0"><span class='ocrx_word' id='word_1_261' title='bbox 1086 1630 1169 1637; x_wconf 95' lang='lat' dir='ltr'> </span> 
     </span>
    </p>
   </div>
   <div class='ocr_carea' id='block_1_7' title="bbox 530 1728 615 1736">
    <p class='ocr_par' dir='ltr' id='par_1_8' title="bbox 530 1728 615 1736">
     <span class='ocr_line' id='line_1_29' title="bbox 530 1728 615 1736; baseline 0 0"><span class='ocrx_word' id='word_1_262' title='bbox 530 1728 615 1736; x_wconf 95' lang='lat' dir='ltr'> </span> 
     </span>
    </p>
   </div>
   <div class='ocr_carea' id='block_1_8' title="bbox 302 1885 385 1893">
    <p class='ocr_par' dir='ltr' id='par_1_9' title="bbox 302 1885 385 1893">
     <span class='ocr_line' id='line_1_30' title="bbox 302 1885 385 1893; baseline 0 0"><span class='ocrx_word' id='word_1_263' title='bbox 302 1885 385 1893; x_wconf 95' lang='lat' dir='ltr'> </span> 
     </span>
    </p>
   </div>
   <div class='ocr_carea' id='block_1_9' title="bbox 72 1981 1386 2189">
    <p class='ocr_par' dir='ltr' id='par_1_10' title="bbox 72 1981 1386 2189">
     <span class='ocr_line' id='line_1_31' title="bbox 124 1981 1386 2040; baseline 0.001 -20.002"><span class='ocrx_word' id='word_1_264' title='bbox 124 1994 191 2040; x_wconf 80' lang='lat'>45¹.</span> <span class='ocrx_word' id='word_1_265' title='bbox 225 1983 290 2030; x_wconf 83' lang='lat'>46.</span> <span class='ocrx_word' id='word_1_266' title='bbox 321 1983 443 2033; x_wconf 83' lang='lat' dir='ltr'>Apum</span> <span class='ocrx_word' id='word_1_267' title='bbox 472 1981 701 2033; x_wconf 78' lang='lat' dir='ltr'>diligentiam</span> <span class='ocrx_word' id='word_1_268' title='bbox 764 1998 822 2021; x_wconf 82' lang='lat' dir='ltr'>nec</span> <span class='ocrx_word' id='word_1_269' title='bbox 846 1983 911 2033; x_wconf 60' lang='grc' dir='ltr'>πῄ</span> <span class='ocrx_word' id='word_1_270' title='bbox 923 1984 994 2020; x_wconf 70' lang='lat' dir='ltr'>adil</span> <span class='ocrx_word' id='word_1_271' title='bbox 996 1998 1046 2026; x_wconf 78' lang='lat' dir='ltr'>m,</span> <span class='ocrx_word' id='word_1_272' title='bbox 1072 1983 1187 2034; x_wconf 75' lang='lat' dir='ltr'>quilus</span> <span class='ocrx_word' id='word_1_273' title='bbox 1203 1994 1386 2027; x_wconf 70' lang='lat' dir='ltr'>commeent,</span> 
     </span>
     <span class='ocr_line' id='line_1_32' title="bbox 75 2033 1383 2091; baseline 0.002 -21"><span class='ocrx_word' id='word_1_274' title='bbox 75 2033 203 2091; x_wconf 75' lang='lat' dir='ltr'>apiarii</span> <span class='ocrx_word' id='word_1_275' title='bbox 234 2046 342 2083; x_wconf 81' lang='lat' dir='ltr'>opera</span> <span class='ocrx_word' id='word_1_276' title='bbox 371 2034 610 2083; x_wconf 81' lang='lat' dir='ltr'>adjuvandam</span> <span class='ocrx_word' id='word_1_277' title='bbox 645 2034 701 2070; x_wconf 82' lang='lat' dir='ltr'>di-</span> <span class='ocrx_word' id='word_1_278' title='bbox 765 2034 993 2086; x_wconf 71' lang='lat' dir='ltr'>relinquemus.</span> <span class='ocrx_word' id='word_1_279' title='bbox 1023 2036 1082 2078; x_wconf 79' lang='lat' dir='ltr'>El,</span> <span class='ocrx_word' id='word_1_280' title='bbox 1119 2043 1276 2085; x_wconf 75' lang='lat' dir='ltr'>quanvis</span> <span class='ocrx_word' id='word_1_281' title='bbox 1303 2047 1383 2086; x_wconf 78' lang='lat' dir='ltr'>por-</span> 
     </span>
     <span class='ocr_line' id='line_1_33' title="bbox 72 2085 1385 2135; baseline 0 -12"><span class='ocrx_word' id='word_1_282' title='bbox 72 2085 137 2123; x_wconf 85' lang='lat' dir='ltr'>cit.</span> <span class='ocrx_word' id='word_1_283' title='bbox 191 2085 303 2123; x_wconf 77' lang='lat' dir='ltr'>Laeve</span> <span class='ocrx_word' id='word_1_284' title='bbox 327 2085 452 2130; x_wconf 81' lang='lat' dir='ltr'><em>lutum3</em></span> <span class='ocrx_word' id='word_1_285' title='bbox 492 2098 575 2122; x_wconf 88' lang='lat' dir='ltr'>nam</span> <span class='ocrx_word' id='word_1_286' title='bbox 611 2098 701 2135; x_wconf 83' lang='lat' dir='ltr'>aqua</span> <span class='ocrx_word' id='word_1_287' title='bbox 761 2098 827 2123; x_wconf 73' lang='lat' dir='ltr'>mu</span> <span class='ocrx_word' id='word_1_288' title='bbox 851 2097 936 2134; x_wconf 78' lang='lat' dir='ltr'>prot</span> <span class='ocrx_word' id='word_1_289' title='bbox 929 2092 1000 2123; x_wconf 59' lang='lat' dir='ltr'>effa</span> <span class='ocrx_word' id='word_1_290' title='bbox 1034 2089 1135 2135; x_wconf 60' lang='lat' dir='ltr'>Ursa,</span> <span class='ocrx_word' id='word_1_291' title='bbox 1175 2087 1385 2125; x_wconf 74' lang='lat' dir='ltr'>ribilominus</span> 
     </span>
     <span class='ocr_line' id='line_1_34' title="bbox 73 2136 1383 2189; baseline 0.001 -15"><span class='ocrx_word' id='word_1_292' title='bbox 73 2136 257 2174; x_wconf 59' lang='lat' dir='ltr'>subac‘ium</span> <span class='ocrx_word' id='word_1_293' title='bbox 287 2136 369 2173; x_wconf 85' lang='lat' dir='ltr'>sane</span> <span class='ocrx_word' id='word_1_294' title='bbox 399 2146 435 2174; x_wconf 89' lang='lat' dir='ltr'>et</span> <span class='ocrx_word' id='word_1_295' title='bbox 462 2138 558 2173; x_wconf 62' lang='lat' dir='ltr'>tac³tu</span> <span class='ocrx_word' id='word_1_296' title='bbox 590 2137 701 2174; x_wconf 82' lang='lat' dir='ltr'>lubri-</span> <span class='ocrx_word' id='word_1_297' title='bbox 763 2141 904 2189; x_wconf 67' lang='lat' dir='ltr'>congestu</span> <span class='ocrx_word' id='word_1_298' title='bbox 916 2137 1090 2174; x_wconf 75' lang='lat' dir='ltr'>culmorum</span> <span class='ocrx_word' id='word_1_299' title='bbox 1103 2141 1383 2188; x_wconf 75' lang='lat' dir='ltr'>etfivndiumsu-</span> 
     </span>
    </p>
   </div>
   <div class='ocr_carea' id='block_1_10' title="bbox 73 2187 698 2226">
    <p class='ocr_par' dir='ltr' id='par_1_11' title="bbox 73 2187 698 2226">
     <span class='ocr_line' id='line_1_35' title="bbox 73 2187 698 2226; baseline -0.002 -1"><span class='ocrx_word' id='word_1_300' title='bbox 73 2201 158 2225; x_wconf 91' lang='lat' dir='ltr'>cum</span> <span class='ocrx_word' id='word_1_301' title='bbox 175 2198 210 2225; x_wconf 87' lang='lat' dir='ltr'>et</span> <span class='ocrx_word' id='word_1_302' title='bbox 226 2187 303 2225; x_wconf 88' lang='lat' dir='ltr'>visu</span> <span class='ocrx_word' id='word_1_303' title='bbox 322 2187 479 2225; x_wconf 88' lang='lat' dir='ltr'>nitidum</span> <span class='ocrx_word' id='word_1_304' title='bbox 497 2190 558 2226; x_wconf 90' lang='lat' dir='ltr'>est.</span> <span class='ocrx_word' id='word_1_305' title='bbox 596 2188 698 2225; x_wconf 86' lang='lat' dir='ltr'>Mul-</span> 
     </span>
    </p>
   </div>
   <div class='ocr_carea' id='block_1_11' title="bbox 54 2239 692 2908">
    <p class='ocr_par' dir='ltr' id='par_1_12' title="bbox 54 2239 692 2908">
     <span class='ocr_line' id='line_1_36' title="bbox 71 2239 691 2277; baseline 0 -1"><span class='ocrx_word' id='word_1_306' title='bbox 71 2250 128 2277; x_wconf 89' lang='lat' dir='ltr'>tus</span> <span class='ocrx_word' id='word_1_307' title='bbox 153 2249 271 2276; x_wconf 86' lang='lat' dir='ltr'>tamen</span> <span class='ocrx_word' id='word_1_308' title='bbox 297 2239 336 2276; x_wconf 89' lang='lat' dir='ltr'>in</span> <span class='ocrx_word' id='word_1_309' title='bbox 361 2240 430 2277; x_wconf 87' lang='lat' dir='ltr'>hoc</span> <span class='ocrx_word' id='word_1_310' title='bbox 455 2240 691 2277; x_wconf 79' lang='lat' dir='ltr'><strong>Burmannus.</strong></span> 
     </span>
     <span class='ocr_line' id='line_1_37' title="bbox 69 2290 692 2344; baseline 0 -16"><span class='ocrx_word' id='word_1_311' title='bbox 69 2307 154 2344; x_wconf 80' lang='lat' dir='ltr'>unge</span> <span class='ocrx_word' id='word_1_312' title='bbox 180 2307 197 2328; x_wconf 87' lang='lat' dir='ltr'>e</span> <span class='ocrx_word' id='word_1_313' title='bbox 223 2290 298 2328; x_wconf 85' lang='lat' dir='ltr'>limo</span> <span class='ocrx_word' id='word_1_314' title='bbox 314 2291 458 2341; x_wconf 87' lang='lat' dir='ltr'>proprie</span> <span class='ocrx_word' id='word_1_315' title='bbox 472 2291 624 2333; x_wconf 56' lang='lat' dir='ltr'>dicium,</span> <span class='ocrx_word' id='word_1_316' title='bbox 652 2301 692 2328; x_wconf 90' lang='lat' dir='ltr'>ut</span> 
     </span>
     <span class='ocr_line' id='line_1_38' title="bbox 69 2341 692 2381; baseline 0.002 -1"><span class='ocrx_word' id='word_1_317' title='bbox 69 2342 205 2380; x_wconf 86' lang='lat' dir='ltr'>medici</span> <span class='ocrx_word' id='word_1_318' title='bbox 220 2341 346 2380; x_wconf 87' lang='lat' dir='ltr'>solent.</span> <span class='ocrx_word' id='word_1_319' title='bbox 365 2343 441 2380; x_wconf 83' lang='lat' dir='ltr'>vid.</span> <span class='ocrx_word' id='word_1_320' title='bbox 460 2343 569 2379; x_wconf 87' lang='lat' dir='ltr'>eund.</span> <span class='ocrx_word' id='word_1_321' title='bbox 596 2347 692 2381; x_wconf 82' lang='lat' dir='ltr'>rimo-</span> 
     </span>
     <span class='ocr_line' id='line_1_39' title="bbox 54 2393 691 2444; baseline -0.002 -12"><span class='ocrx_word' id='word_1_322' title='bbox 54 2398 104 2444; x_wconf 87' lang='lat' dir='ltr'>sa</span> <span class='ocrx_word' id='word_1_323' title='bbox 133 2393 256 2432; x_wconf 80' lang='lat' dir='ltr'>cubzlia</span> <span class='ocrx_word' id='word_1_324' title='bbox 285 2393 324 2430; x_wconf 89' lang='lat' dir='ltr'>in</span> <span class='ocrx_word' id='word_1_325' title='bbox 349 2394 500 2444; x_wconf 86' lang='lat' dir='ltr'>pedestri</span> <span class='ocrx_word' id='word_1_326' title='bbox 516 2394 691 2438; x_wconf 86' lang='lat' dir='ltr'>sermone,</span> 
     </span>
     <span class='ocr_line' id='line_1_40' title="bbox 67 2445 691 2507; baseline 0 -25"><span class='ocrx_word' id='word_1_327' title='bbox 67 2445 177 2482; x_wconf 87' lang='lat' dir='ltr'>rimas</span> <span class='ocrx_word' id='word_1_328' title='bbox 195 2445 340 2489; x_wconf 84' lang='lat' dir='ltr'>cubilis,</span> <span class='ocrx_word' id='word_1_329' title='bbox 367 2446 404 2483; x_wconf 90' lang='lat' dir='ltr'>h.</span> <span class='ocrx_word' id='word_1_330' title='bbox 424 2445 587 2489; x_wconf 81' lang='lat' dir='ltr'>alvearis,</span> <span class='ocrx_word' id='word_1_331' title='bbox 604 2462 691 2507; x_wconf 63' lang='lat' dir='ltr'>fmge</span> 
     </span>
     <span class='ocr_line' id='line_1_41' title="bbox 63 2496 690 2547; baseline 0.002 -14"><span class='ocrx_word' id='word_1_332' title='bbox 63 2503 198 2541; x_wconf 85' lang='lat' dir='ltr'>circum,</span> <span class='ocrx_word' id='word_1_333' title='bbox 243 2500 385 2547; x_wconf 79' lang='lat' dir='ltr'>fovens,</span> <span class='ocrx_word' id='word_1_334' title='bbox 429 2497 498 2534; x_wconf 92' lang='lat' dir='ltr'>hoc</span> <span class='ocrx_word' id='word_1_335' title='bbox 540 2496 690 2547; x_wconf 75' lang='grc' dir='ltr'>Ροὲῑίεο</span> 
     </span>
     <span class='ocr_line' id='line_1_42' title="bbox 65 2548 689 2596; baseline 0 -11"><span class='ocrx_word' id='word_1_336' title='bbox 65 2559 193 2585; x_wconf 86' lang='lat' dir='ltr'>ornatu</span> <span class='ocrx_word' id='word_1_337' title='bbox 214 2548 413 2596; x_wconf 60' lang='lat' dir='ltr'>adjec&#39;stunu</span> <span class='ocrx_word' id='word_1_338' title='bbox 442 2561 524 2585; x_wconf 87' lang='lat' dir='ltr'>nam</span> <span class='ocrx_word' id='word_1_339' title='bbox 552 2549 599 2584; x_wconf 86' lang='lat' dir='ltr'>ad</span> <span class='ocrx_word' id='word_1_340' title='bbox 630 2561 689 2585; x_wconf 83' lang='lat' dir='ltr'>ca-</span> 
     </span>
     <span class='ocr_line' id='line_1_43' title="bbox 64 2598 687 2638; baseline -0.003 0"><span class='ocrx_word' id='word_1_341' title='bbox 64 2599 180 2638; x_wconf 88' lang='lat' dir='ltr'>lorem</span> <span class='ocrx_word' id='word_1_342' title='bbox 198 2598 455 2636; x_wconf 87' lang='lat' dir='ltr'>continendum</span> <span class='ocrx_word' id='word_1_343' title='bbox 469 2599 555 2636; x_wconf 85' lang='lat' dir='ltr'>alias</span> <span class='ocrx_word' id='word_1_344' title='bbox 573 2599 612 2636; x_wconf 84' lang='lat' dir='ltr'>id</span> <span class='ocrx_word' id='word_1_345' title='bbox 627 2599 687 2636; x_wconf 88' lang='lat' dir='ltr'>fie-</span> 
     </span>
     <span class='ocr_line' id='line_1_44' title="bbox 66 2649 686 2694; baseline 0 -8"><span class='ocrx_word' id='word_1_346' title='bbox 66 2649 96 2686; x_wconf 88' lang='lat' dir='ltr'>ri</span> <span class='ocrx_word' id='word_1_347' title='bbox 129 2650 229 2694; x_wconf 83' lang='lat' dir='ltr'>solet,</span> <span class='ocrx_word' id='word_1_348' title='bbox 257 2659 297 2687; x_wconf 91' lang='lat' dir='ltr'>ut</span> <span class='ocrx_word' id='word_1_349' title='bbox 328 2650 434 2687; x_wconf 84' lang='lat' dir='ltr'>rimas</span> <span class='ocrx_word' id='word_1_350' title='bbox 466 2650 686 2688; x_wconf 85' lang='lat' dir='ltr'>obturemus.</span> 
     </span>
     <span class='ocr_line' id='line_1_45' title="bbox 63 2701 686 2745; baseline 0.002 -8"><span class='ocrx_word' id='word_1_351' title='bbox 63 2701 206 2738; x_wconf 78' lang='lat' dir='ltr'>Caetera</span> <span class='ocrx_word' id='word_1_352' title='bbox 218 2701 367 2739; x_wconf 80' lang='lat' dir='ltr'>illustrat</span> <span class='ocrx_word' id='word_1_353' title='bbox 384 2702 586 2739; x_wconf 86' lang='lat' dir='ltr'>Columella</span> <span class='ocrx_word' id='word_1_354' title='bbox 608 2702 686 2745; x_wconf 92' lang='lat' dir='ltr'>IX,</span> 
     </span>
     <span class='ocr_line' id='line_1_46' title="bbox 67 2754 687 2802; baseline 0.002 -13"><span class='ocrx_word' id='word_1_355' title='bbox 67 2765 128 2802; x_wconf 88' lang='lat'>14,</span> <span class='ocrx_word' id='word_1_356' title='bbox 153 2765 197 2802; x_wconf 93' lang='lat'>14</span> <span class='ocrx_word' id='word_1_357' title='bbox 213 2754 385 2802; x_wconf 66' lang='lat' dir='ltr'>Qcicquia&#39;</span> <span class='ocrx_word' id='word_1_358' title='bbox 397 2755 510 2791; x_wconf 74' lang='lat' dir='ltr'>deinde</span> <span class='ocrx_word' id='word_1_359' title='bbox 529 2759 687 2791; x_wconf 81' lang='lat' dir='ltr'>rimarum</span> 
     </span>
     <span class='ocr_line' id='line_1_47' title="bbox 62 2804 688 2855; baseline 0.003 -15"><span class='ocrx_word' id='word_1_360' title='bbox 62 2807 119 2852; x_wconf 77' lang='lat' dir='ltr'>est,</span> <span class='ocrx_word' id='word_1_361' title='bbox 147 2815 208 2841; x_wconf 80' lang='lat' dir='ltr'>aut</span> <span class='ocrx_word' id='word_1_362' title='bbox 221 2809 447 2854; x_wconf 61' lang='lat' dir='ltr'>fiar&#39;ammum,</span> <span class='ocrx_word' id='word_1_363' title='bbox 475 2804 540 2842; x_wconf 81' lang='lat' dir='ltr'>luto</span> <span class='ocrx_word' id='word_1_364' title='bbox 567 2816 599 2841; x_wconf 83' lang='lat' dir='ltr'>et</span> <span class='ocrx_word' id='word_1_365' title='bbox 606 2807 688 2855; x_wconf 80' lang='lat' dir='ltr'>jxmo</span> 
     </span>
     <span class='ocr_line' id='line_1_48' title="bbox 60 2854 687 2908; baseline 0.008 -17"><span class='ocrx_word' id='word_1_366' title='bbox 60 2854 180 2892; x_wconf 75' lang='lat' dir='ltr'>bubulo</span> <span class='ocrx_word' id='word_1_367' title='bbox 191 2856 286 2904; x_wconf 85' lang='lat' dir='ltr'>mstis</span> <span class='ocrx_word' id='word_1_368' title='bbox 303 2854 464 2896; x_wconf 78' lang='lat' dir='ltr'>illinemus</span> <span class='ocrx_word' id='word_1_369' title='bbox 477 2861 687 2908; x_wconf 60' lang='lat' dir='ltr'>ealriassicus,</span> 
     </span>
    </p>
   </div>
   <div class='ocr_carea' id='block_1_12' title="bbox 65 2905 282 2952">
    <p class='ocr_par' dir='ltr' id='par_1_13' title="bbox 65 2905 282 2952">
     <span class='ocr_line' id='line_1_49' title="bbox 65 2905 282 2952; baseline 0 -9"><span class='ocrx_word' id='word_1_370' title='bbox 65 2947 67 2952; x_wconf 56' lang='grc'>,</span> <span class='ocrx_word' id='word_1_371' title='bbox 115 2906 231 2949; x_wconf 53' lang='lat' dir='ltr'>&#39;lom</span> <span class='ocrx_word' id='word_1_372' title='bbox 252 2905 282 2944; x_wconf 88' lang='lat' dir='ltr'>I.</span> 
     </span>
    </p>
   </div>
   <div class='ocr_carea' id='block_1_13' title="bbox 748 2199 1383 2945">
    <p class='ocr_par' dir='ltr' id='par_1_14' title="bbox 756 2199 1383 2329">
     <span class='ocr_line' id='line_1_50' title="bbox 756 2199 1383 2241; baseline 0.003 -16"><span class='ocrx_word' id='word_1_373' title='bbox 756 2199 973 2241; x_wconf 70' lang='lat' dir='ltr'>pe›·[egemus‚</span> <span class='ocrx_word' id='word_1_374' title='bbox 1000 2200 1219 2240; x_wconf 75' lang='lat' dir='ltr'>quantumque</span> <span class='ocrx_word' id='word_1_375' title='bbox 1243 2206 1291 2227; x_wconf 82' lang='lat' dir='ltr'>res</span> <span class='ocrx_word' id='word_1_376' title='bbox 1315 2201 1383 2239; x_wconf 76' lang='lat' dir='ltr'>pa-</span> 
     </span>
     <span class='ocr_line' id='line_1_51' title="bbox 759 2241 1381 2292; baseline 0.003 -16"><span class='ocrx_word' id='word_1_377' title='bbox 759 2247 874 2284; x_wconf 76' lang='lat' dir='ltr'>tietur,</span> <span class='ocrx_word' id='word_1_378' title='bbox 900 2245 1066 2292; x_wconf 68' lang='lat' dir='ltr'>afrzgore</span> <span class='ocrx_word' id='word_1_379' title='bbox 1088 2251 1119 2278; x_wconf 87' lang='lat' dir='ltr'>et</span> <span class='ocrx_word' id='word_1_380' title='bbox 1144 2241 1381 2292; x_wconf 69' lang='lat' dir='ltr'>tempestatibus</span> 
     </span>
     <span class='ocr_line' id='line_1_52' title="bbox 756 2299 944 2330; baseline 0.006 -2"><span class='ocrx_word' id='word_1_381' title='bbox 756 2299 944 2330; x_wconf 69' lang='lat' dir='ltr'>muniemus.</span> 
     </span>
    </p>

    <p class='ocr_par' dir='ltr' id='par_1_15' title="bbox 748 2343 1380 2910">
     <span class='ocr_line' id='line_1_53' title="bbox 807 2343 1380 2401; baseline -0.003 -19"><span class='ocrx_word' id='word_1_382' title='bbox 807 2357 972 2401; x_wconf 79' lang='lat'><strong>47—50.</strong></span> <span class='ocrx_word' id='word_1_383' title='bbox 1009 2343 1166 2393; x_wconf 87' lang='lat' dir='ltr'>Subjicit</span> <span class='ocrx_word' id='word_1_384' title='bbox 1194 2344 1380 2388; x_wconf 81' lang='lat' dir='ltr'>nonnulla,</span> 
     </span>
     <span class='ocr_line' id='line_1_54' title="bbox 754 2395 1381 2444; baseline 0 -13"><span class='ocrx_word' id='word_1_385' title='bbox 754 2408 835 2444; x_wconf 81' lang='lat' dir='ltr'>quae</span> <span class='ocrx_word' id='word_1_386' title='bbox 861 2408 900 2431; x_wconf 85' lang='lat' dir='ltr'>m</span> <span class='ocrx_word' id='word_1_387' title='bbox 926 2395 1136 2432; x_wconf 74' lang='lat' dir='ltr'>adornando</span> <span class='ocrx_word' id='word_1_388' title='bbox 1164 2396 1295 2432; x_wconf 82' lang='lat' dir='ltr'>alveari</span> <span class='ocrx_word' id='word_1_389' title='bbox 1324 2395 1381 2431; x_wconf 70' lang='lat' dir='ltr'>xi-</span> 
     </span>
     <span class='ocr_line' id='line_1_55' title="bbox 753 2445 1379 2484; baseline 0 -2"><span class='ocrx_word' id='word_1_390' title='bbox 753 2447 872 2484; x_wconf 86' lang='lat' dir='ltr'>denda</span> <span class='ocrx_word' id='word_1_391' title='bbox 897 2445 990 2484; x_wconf 87' lang='lat' dir='ltr'><strong>sunt.</strong></span> <span class='ocrx_word' id='word_1_392' title='bbox 1041 2446 1093 2484; x_wconf 90' lang='lat' dir='ltr'>cf.</span> <span class='ocrx_word' id='word_1_393' title='bbox 1125 2446 1214 2484; x_wconf 85' lang='lat' dir='ltr'>Var.</span> <span class='ocrx_word' id='word_1_394' title='bbox 1243 2447 1289 2484; x_wconf 90' lang='lat' dir='ltr'>L.</span> <span class='ocrx_word' id='word_1_395' title='bbox 1320 2446 1379 2483; x_wconf 88' lang='lat' dir='ltr'>De</span> 
     </span>
     <span class='ocr_line' id='line_1_56' title="bbox 755 2496 1376 2549; baseline -0.003 -15"><span class='ocrx_word' id='word_1_396' title='bbox 755 2508 885 2535; x_wconf 81' lang='lat' dir='ltr'>taxov</span> <span class='ocrx_word' id='word_1_397' title='bbox 906 2496 979 2535; x_wconf 91' lang='lat' dir='ltr'>Ge.</span> <span class='ocrx_word' id='word_1_398' title='bbox 997 2497 1052 2541; x_wconf 90' lang='lat' dir='ltr'>H,</span> <span class='ocrx_word' id='word_1_399' title='bbox 1083 2511 1169 2549; x_wconf 75' lang='lat'><strong>²57·</strong></span> <span class='ocrx_word' id='word_1_400' title='bbox 1197 2498 1277 2536; x_wconf 86' lang='lat' dir='ltr'>Ecl.</span> <span class='ocrx_word' id='word_1_401' title='bbox 1297 2497 1376 2542; x_wconf 80' lang='lat' dir='ltr'>IX,</span> 
     </span>
     <span class='ocr_line' id='line_1_57' title="bbox 757 2550 1376 2600; baseline 0 -13"><span class='ocrx_word' id='word_1_402' title='bbox 757 2562 819 2598; x_wconf 83' lang='lat'>30.</span> <span class='ocrx_word' id='word_1_403' title='bbox 848 2550 903 2585; x_wconf 81' lang='lat' dir='ltr'>De</span> <span class='ocrx_word' id='word_1_404' title='bbox 931 2565 978 2587; x_wconf 81' lang='lat' dir='ltr'>ca</span> <span class='ocrx_word' id='word_1_405' title='bbox 973 2556 1044 2586; x_wconf 53' lang='lat' dir='ltr'>ruri</span> <span class='ocrx_word' id='word_1_406' title='bbox 1076 2551 1200 2592; x_wconf 67' lang='lat' dir='ltr'>maiore,</span> <span class='ocrx_word' id='word_1_407' title='bbox 1228 2566 1299 2587; x_wconf 81' lang='lat' dir='ltr'>cum</span> <span class='ocrx_word' id='word_1_408' title='bbox 1331 2554 1376 2600; x_wconf 74' lang='lat' dir='ltr'>est</span> 
     </span>
     <span class='ocr_line' id='line_1_58' title="bbox 751 2599 1375 2658; baseline 0.002 -21"><span class='ocrx_word' id='word_1_409' title='bbox 751 2600 892 2658; x_wconf 82' lang='lat' dir='ltr'>ignibus</span> <span class='ocrx_word' id='word_1_410' title='bbox 899 2602 1029 2651; x_wconf 69' lang='lat' dir='ltr'>adzqius</span> <span class='ocrx_word' id='word_1_411' title='bbox 1049 2600 1119 2647; x_wconf 84' lang='lat' dir='ltr'>(uri</span> <span class='ocrx_word' id='word_1_412' title='bbox 1142 2612 1232 2638; x_wconf 86' lang='lat' dir='ltr'>aute</span> <span class='ocrx_word' id='word_1_413' title='bbox 1229 2614 1259 2636; x_wconf 85' lang='lat' dir='ltr'>n</span> <span class='ocrx_word' id='word_1_414' title='bbox 1287 2599 1375 2638; x_wconf 85' lang='lat' dir='ltr'>solet</span> 
     </span>
     <span class='ocr_line' id='line_1_59' title="bbox 753 2651 1372 2698; baseline 0.002 -11"><span class='ocrx_word' id='word_1_415' title='bbox 753 2664 791 2687; x_wconf 85' lang='lat' dir='ltr'><strong>m</strong></span> <span class='ocrx_word' id='word_1_416' title='bbox 819 2652 1002 2689; x_wconf 85' lang='lat' dir='ltr'>variorum</span> <span class='ocrx_word' id='word_1_417' title='bbox 1027 2651 1235 2689; x_wconf 87' lang='lat' dir='ltr'>morborum</span> <span class='ocrx_word' id='word_1_418' title='bbox 1253 2655 1372 2698; x_wconf 75' lang='lat' dir='ltr'>cura),</span> 
     </span>
     <span class='ocr_line' id='line_1_60' title="bbox 750 2702 1374 2741; baseline 0 -2"><span class='ocrx_word' id='word_1_419' title='bbox 750 2702 827 2740; x_wconf 86' lang='lat' dir='ltr'>vid.</span> <span class='ocrx_word' id='word_1_420' title='bbox 857 2703 1009 2741; x_wconf 87' lang='lat' dir='ltr'>Gesneri</span> <span class='ocrx_word' id='word_1_421' title='bbox 1037 2713 1155 2740; x_wconf 78' lang='lat' dir='ltr'>notun</span> <span class='ocrx_word' id='word_1_422' title='bbox 1185 2702 1232 2739; x_wconf 79' lang='lat' dir='ltr'>ad</span> <span class='ocrx_word' id='word_1_423' title='bbox 1260 2703 1374 2740; x_wconf 85' lang='lat' dir='ltr'>Colu-</span> 
     </span>
     <span class='ocr_line' id='line_1_61' title="bbox 751 2753 1373 2804; baseline 0.002 -14"><span class='ocrx_word' id='word_1_424' title='bbox 751 2755 847 2792; x_wconf 85' lang='lat' dir='ltr'>mell.</span> <span class='ocrx_word' id='word_1_425' title='bbox 867 2753 943 2798; x_wconf 85' lang='lat' dir='ltr'>IX,</span> <span class='ocrx_word' id='word_1_426' title='bbox 972 2768 1008 2804; x_wconf 76' lang='grc'>5,</span> <span class='ocrx_word' id='word_1_427' title='bbox 1037 2757 1072 2792; x_wconf 85' lang='lat'>6.</span> <span class='ocrx_word' id='word_1_428' title='bbox 1125 2755 1190 2796; x_wconf 76' lang='grc'>43.</span> <span class='ocrx_word' id='word_1_429' title='bbox 1208 2770 1268 2791; x_wconf 52' lang='lat' dir='ltr'>nna</span> <span class='ocrx_word' id='word_1_430' title='bbox 1280 2757 1373 2791; x_wconf 50' lang='lat' dir='ltr'>crede</span> 
     </span>
     <span class='ocr_line' id='line_1_62' title="bbox 750 2805 1370 2855; baseline -0.002 -13"><span class='ocrx_word' id='word_1_431' title='bbox 750 2821 804 2842; x_wconf 80' lang='lat' dir='ltr'>eas</span> <span class='ocrx_word' id='word_1_432' title='bbox 827 2805 952 2855; x_wconf 75' lang='lat' dir='ltr'>paludz</span> <span class='ocrx_word' id='word_1_433' title='bbox 976 2817 1034 2842; x_wconf 76' lang='lat' dir='ltr'>(ml</span> <span class='ocrx_word' id='word_1_434' title='bbox 1064 2805 1241 2854; x_wconf 81' lang='lat' dir='ltr'>ejusmodi</span> <span class='ocrx_word' id='word_1_435' title='bbox 1272 2806 1370 2848; x_wconf 84' lang='lat' dir='ltr'>loco,</span> 
     </span>
     <span class='ocr_line' id='line_1_63' title="bbox 748 2856 1371 2916; baseline -0.005 -21"><span class='ocrx_word' id='word_1_436' title='bbox 748 2856 1371 2916; x_wconf 54' lang='lat' dir='ltr'>71b1-0d2r31u2q&#39;s,molestus,quia</span> 
     </span>
    </p>

    <p class='ocr_par' dir='ltr' id='par_1_16' title="bbox 803 2907 1373 2945">
     <span class='ocr_line' id='line_1_64' title="bbox 803 2907 1373 2945; baseline 0.002 -1"><span class='ocrx_word' id='word_1_437' title='bbox 803 2908 841 2944; x_wconf 81' lang='grc' dir='ltr'><strong><em>Η</em></strong></span> <span class='ocrx_word' id='word_1_438' title='bbox 870 2907 895 2944; x_wconf 92' lang='lat' dir='ltr'><strong>h</strong></span> <span class='ocrx_word' id='word_1_439' title='bbox 1270 2907 1373 2945; x_wconf 70' lang='lat' dir='ltr'>lortis</span> 
     </span>
    </p>
   </div>
  </div>
 </body>
</html>
