1821 3381
338 260 893 321 GEORGICON,
942 258 1099 310 LIB.
1152 259 1245 310 111.
1353 279 1450 329 457

136 395 246 444 Neu
263 394 402 442 dorso
427 391 635 440 nemoris
657 392 803 439 libeat
817 392 1014 456 jacuisse
1036 408 1123 456 per
1144 393 1341 443 herbas:

135 485 305 549 Qum
327 483 489 547 pofitis
509 499 657 530 novus
681 483 864 530 ,exuviis
888 484 1156 548 nitidusque
1161 484 1360 548 juventa

141 578 380 636 Volvitur,
413 589 494 625 aut
515 578 692 624 catulos
717 577 852 624 teetis
877 588 958 623 aut
981 593 1069 624 ova
1091 578 1377 640 relinquens,

135 669 326 717 Arduus
349 671 406 718 ad
431 671 594 726 solem,
629 681 674 715 et
697 669 872 732 ,linguis
896 669 1042 726 micat
1065 687 1145 717 ora
1168 670 1386 717 trisulcis,

199 758 489 807 Morborum
504 777 691 826 quoque
705 772 751 809 te
765 761 936 808 cauffas
953 773 1000 808 et
1015 761 1143 826 signa
1155 762 1456 823 docebo-440

133 889 175 921 fic
191 901 238 934 ap.
261 893 416 936 Qincffil.
431 895 491 933 IX,
505 906 529 926 c.
550 904 581 934 3,
601 894 655 926 ubi
667 895 696 926 in
709 893 799 928 aliis:
824 895 886 926 Nec
900 900 977 927 ηοέῖιι
992 896 1090 927 molles.
1125 896 1180 937 sith
1194 899 1257 928 divo
1273 896 1370 938 vulgo
1386 894 1456 928 edi-

133 949 205 978 tum
221 952 294 975 ante
311 946 491 984 Pulmann.,
514 945 615 988 sicque
641 946 706 977 fere
722 946 828 984 codd.,
851 947 949 978 etiarn
966 947 1091 979 Medic.
1110 957 1144 979 et
1164 949 1273 985 Rom„
1293 948 1389 990 idque
1404 958 1458 987 re,

136 995 262 1025 vocavit
280 996 416 1028 Brunck.
463 996 635 1028 Pulmann.
655 997 865 1038 intuleratfiaeb
881 1000 942 1036 di0;
959 998 1004 1029 nil
1018 998 1133 1037 refert3
1165 999 1218 1029 sed
1232 1001 1294 1029 divo
1309 999 1352 1030 est
1371 999 1455 1030 anti-

135 1046 229 1087 quior
247 1047 413 1090 scriptura‚
435 1057 470 1079 ut
491 1050 588 1079 etiam
610 1059 648 1080 ex
659 1050 812 1082 Lucretio
828 1057 927 1090 patet.
972 1051 1071 1081 Goth.
1082 1051 1162 1087 alter
1173 1051 1271 1083 etiam
1284 1053 1360 1081 molli
1374 1063 1393 1082 a
1407 1062 1452 1083 m.

133 1108 183 1140 pr.
226 1099 296 1129 clivo
313 1100 465 1139 Arundel.
556 1100 629 1139 436.
643 1101 849 1143 JIlethacuffl
864 1103 1019 1140 Venetus,
1041 1114 1099 1144 pro
1113 1106 1202 1141 liceat,
1224 1111 1316 1146 putat
1330 1104 1458 1145 Burm.,

133 1147 231 1189 'quem
247 1149 329 1181 vide.
372 1151 453 1181 libeat
467 1153 583 1182 dormire
598 1150 677 1182 alter
687 1152 855 1189 Rottend„
865 1162 902 1183 ex
919 1153 1189 1194 interpretatione.
1280 1163 1354 1194 473·
1374 1155 1455 1185 Com-

129 1200 222 1241 pcfitis
236 1201 346 1231 Franc.
372 1208 404 1233 et
418 1201 563 1233 Parrhas.
608 1202 696 1232 Idem
712 1202 819 1233 versus
834 1201 892 1233 inf.
908 1204 982 1235 AEn.
1002 1205 1041 1242 11,
1057 1213 1132 1243 473,
1156 1205 1210 1236 ubi
1226 1204 1335 1236 similis
1350 1206 1454 1237 varie-

133 1257 191 1281 tas.
237 1251 306 1282 Alii
321 1251 389 1294 post
405 1251 489 1283 hunc
509 1253 635 1284 versum
659 1260 806 1294 repetunt
832 1264 864 1283 v.
882 1254 959 1291 426.
984 1255 1048 1286 vid.
1068 1256 1134 1297 sup.
1152 1257 1192 1287 ad
1208 1257 1241 1288 h.
1258 1267 1290 1288 v.
1379 1256 1456 1297 438,

133 1306 237 1344 reponit
253 1305 341 1335 Serv.
353 1305 392 1336 ad
403 1306 532 1344 AEn.11,
544 1315 618 1345 357.
664 1305 818 1347 Displicet
840 1306 873 1337 in
892 1306 951 1337 hoc
968 1308 1072 1345 versu,
1091 1316 1244 1350 tanquam
1261 1308 1366 1341 minus
1377 1311 1455 1352 poi-I-

133 1353 195 1385 tice
209 1354 344 1394 ἀίἃιιηι,
369 1357 456 1398 quod
471 1364 519 1388 aut
534 1358 635 1387 catulos
649 1364 699 1387 aut
711 1369 764 1387 ova
779 1366 970 1389 annumerat
996 1361 1101 1397 Maro,
1121 1370 1219 1401 quam
1246 1359 1455 1393 subtilitatem

133 1402 167 1435 in
183 1403 321 1437 historiae
338 1407 491 1439 naturalis
511 1406 662 1449 scriptore
679 1405 794 1444 feram3
808 1418 871 1438 non
901 1419 934 1439 1n
950 1410 1056 1450 po'e'ta.
1101 1409 1340 1442 Antecesserat:
1360 1413 1457 1455 pqfitie

132 1468 218 1487 novus
233 1460 342 1488 exuviis
356 1461 503 1500 nitidqfque
507 1462 628 1501 juventa
640 1468 650 1488 .·
674 1458 792 1489 necesse
808 1459 887 1489 adeo
904 1459 959 1497 est,
980 1468 1015 1491 ut
1032 1461 1146 1492 eodem
1167 1469 1314 1503 tempore
1338 1470 1369 1493 et
1385 1463 1454 1504 pel„

133 1506 199 1541 lem
215 1515 308 1543 exuat
323 1515 355 1540 et
371 1508 472 1550 pariat
487 1520 558 1539 ova.
584 1509 682 1551 Qod
694 1508 739 1539 ita
753 1509 783 1539 se
799 1508 915 1547 habere
931 1511 1036 1552 potuit
1050 1523 1058 1542 ι
1081 1511 1103 1542 fi
1120 1512 1250 1553 quidem
1262 1517 1283 1532 “
1295 1513 1455 1555 serpente·

132 1556 237 1589 fetum
253 1569 328 1590 vere
340 1567 528 1601 conceptum
543 1558 648 1592 mense
660 1558 805 1600 Augusto
817 1559 922 1597 edere,
933 1560 1071 1602 spolium
1079 1570 1186 1592 autem
1201 1563 1307 1594 hieme
1316 1564 1455 1609 depulsa,

133 1618 197 1650 qua
212 1608 268 1640 sub
283 1616 370 1640 terra
384 1609 553 1648 latuerant,
575 1608 780 1640 incalescente
803 1609 880 1648 sole,
915 1613 1048 1641 interdaem
1074 1620 1182 1643 tamen
1213 1620 1244 1644 et
1267 1614 1456 1650 auetunnm,

131 1659 270 1690 exuere’'
293 1667 452 1691 memoret
468 1660 655 1692 Aristoteles
677 1660 756 1691 Hist.
773 1660 886 1691 Anim.
904 1661 947 1699 V,
965 1670 1046 1693 extr.
1059 1663 1146 1700 vul,
1167 1671 1218 1702 15,
1240 1664 1295 1705 qui
1311 1664 1397 1696 locus
1413 1666 1453 1696 de

133 1711 322 1744 vernatione
332 1712 517 1754 serpentum
530 1712 573 1744 est
590 1711 732 1743 clafficus.
758 1712 799 1743 cf.
812 1723 896 1744 nunc
913 1714 1094 1745 Schneider.
1114 1715 1156 1746 V.
1171 1716 1222 1752 C„
1245 1716 1451 1758 Amphibior.

133 1762 316 1805 Phyfiolog.
334 1763 425 1805 Spec.
444 1765 466 1795 1.
478 1775 564 1807 pffll·
585 1773 634 1795 12.
651 1763 792 1795 Praefero
809 1763 946 1795 alterum
962 1767 1064 1807 poe'tae
1078 1765 1183 1797 locum
1200 1768 1448 1810 AEn.11‚473sq,

132 1814 351 1857 Qualis-nunc
360 1815 453 1857 P‘fitis
468 1828 553 1845 novus
569 1818 680 1845 exuviis
695 1816 965 1856 nitidusque-juventa
981 1816 1105 1846 Lubrica
1126 1819 1262 1848 convolvit
1266 1818 1376 1859 sublato
1384 1826 1449 1860 pec-

130 1872 188 1896 tore
202 1871 291 1906 terga,
316 1866 431 1895 Arduus
445 1867 583 1907 adfilcm,
603 1872 628 1896 et
643 1867 742 1907 linguis
757 1867 840 1895 micat
853 1877 902 1899 ora
915 1868 1044 1907 trisulcis.
1092 1866 1183 1898 Nihil
1197 1878 1323 1910 quoque
1339 1868 1378 1900 de
1399 1880 1452 1900 ca-

131 1915 208 1956 tulis
223 1923 254 1947 et
269 1915 339 1947 ovis
354 1915 387 1946 in
400 1916 554 1950 Nicandri
570 1916 640 1947 loco
651 1915 748 1947 Ther.
765 1923 803 1954 31
820 1915 864 1956 sq.
880 1927 975 1958 quem
991 1916 1135 1959 expreffit
1145 1918 1249 1950 noster
1263 1928 1270 1949 :
1295 1918 1353 1950 nist
1363 1918 1453 1960 quod

132 1966 186 2002 ille
197 1967 286 1998 verni
297 1968 452 2010 temporis
467 1967 615 1998 meminit
630 1974 662 1998 et
677 1974 870 2008 recuperatae
884 1968 1026 2009 juventae
1042 1968 1177 1999 caussam
1201 1969 1234 2000 in
1250 1970 1326 2000 novi
1341 1969 1451 2012 pabuli

131 2019 222 2060 copia
240 2019 351 2060 ponit:
376 2019 463 2061 (μοὶ
475 2019 608 2061 respexit
627 2020 719 2049 Maro
733 2019 833 2049 altero
858 2018 929 2049 loco
944 2020 1021 2051 AEn.
1037 2021 1076 2057 Il,
1091 2028 1166 2059 471.
1184 2029 1212 2052 2.
1256 2021 1360 2051 colaber
1374 2022 1452 2052 mala

127 2072 261 2111 gramina
270 2071 376 2113 ῥίψας,
399 2072 513 2113 [ιἰἰξῐᾶα
524 2071 580 2111 Jieb
592 2078 667 2101 terra
683 2072 813 2100 tumidum
828 2083 903 2110 quem
917 2071 1014 2100 bruma
1028 2072 1139 2113 tegebat.
1230 2081 1302 2113 439.
1327 2079 1352 2102 et
1366 2072 1453 2105 abest.

127 2118 152 2152 'a
166 2120 259 2151 Leid.
286 2128 318 2152 et
339 2121 426 2152 Toll.
472 2134 519 2152 ore
544 2120 614 2152 Erf.
663 2122 750 2152 Idem
777 2121 883 2152 versus
907 2122 985 2152 AEn.
1012 2124 1051 2160 11,
1080 2132 1316 2161 475.-—-—440.
1337 2125 1452 2167 cazffzs,

133 2171 218 2202 Cum
230 2171 418 2203 morborum
431 2171 547 2203 cauffas
562 2173 655 2213 poeta
677 2181 740 2202 non
756 2172 914 2213 expeditu,
934 2171 988 2204 sed
1017 2173 1180 2205 remedia:
1215 2174 1265 2221 Jo.
1285 2173 1452 2207 Schrader·

132 2223 294 2262 emendat,
310 2237 400 2257 curas.
447 2224 553 2259 Nimis
568 2224 674 2256 severe
690 2224 723 2255 in
737 2226 840 2266 poeta.

131 2336 204 2376 lice
220 2351 358 2376 memor
381 2338 461 2376 esse.
514 2338 565 2375 Ne
582 2339 663 2376 mihi
678 2349 758 2382 mm,
824 2338 873 2377 cf.
890 2339 952 2376 alt.
964 2337 1122 2377 loc.AEn.
1134 2337 1187 2383 ΙΙ,
1202 2352 1335 2391 47¹·5·
1361 2344 1450 2388 438.

130 2388 178 2426 de
204 2390 318 2427 forma
346 2391 423 2428 vid.
449 2391 494 2428 ad
514 2390 588 2428 Ge.
607 2390 640 2433 I,
669 2393 757 2442 456.
823 2392 946 2429 catulos
967 2401 1028 2428 aut
1053 2406 1135 2429 ova.
1201 2391 1347 2428 Scilicet
1379 2393 1451 2430 alia

133 2440 213 2479 Hic
239 2452 356 2479 autem
377 2442 487 2479 alium
506 2442 687 2478 Nicandri
706 2442 756 2478 lo·
823 2441 1022 2493 serpentum
1037 2455 1167 2491 genera
1179 2442 1259 2479 sunt
1273 2442 1450 2492 vivipzua,

131 2505 216 2530 cum
244 2502 326 2530 ante
356 2494 479 2531 oculos
507 2493 633 2530 habuit
661 2493 759 2530 The·
826 2493 894 2530 alia
913 2494 1071 2544 ovipara.
1108 2494 1186 2530 Aut
1203 2493 1451 2544 accipiendum

131 2544 219 2581 riae.
241 2546 406 2595 28—34,
431 2554 467 2582 et
486 2558 567 2596 137.
591 2547 676 2594 138.
705 2545 757 2582 cf.
823 2544 868 2582 de
885 2544 963 2582 ovis
981 2545 1092 2582 modo
1110 2544 1232 2595 positis
1259 2546 1370 2582 modo
1388 2558 1452 2582 ex-

133 2595 247 2633 Valk.
288 2595 335 2633 ad
379 2597 538 2633 Theocr.
586 2610 621 2646 p.
672 2609 758 2648 253.
822 2597 938 2635 clufis.
993 2609 1083 2646 439.
1113 2596 1369 2634 Communiori
1396 2609 1453 2633 ra-

132 2650 223 2696 436.
249 2648 374 2691 dorsum
403 2647 547 2698 proprie
581 2648 627 2684 est
654 2661 758 2684 mon·
823 2648 921 2684 tione
939 2654 1037 2685 micat
1056 2649 1189 2699 lingua,
1216 2648 1303 2685 dum
1329 2647 1453 2685 celeri-

133 2698 248 2743 tium3
289 2698 391 2741 hinc,
435 2699 458 2735 s1
496 2708 634 2736 montes
663 2699 759 2737 silvis
824 2708 877 2736 ter
894 2709 1070 2742 movetur,
1091 2698 1270 2744 vibratur3
1297 2699 1453 2744 doctius,

131 2749 274 2795 consiti,
302 2749 411 2786 ctiam
430 2751 610 2794 filvarum,
638 2763 760 2787 nemo-
814 2754 950 2800 serpens
969 2758 1067 2788 micat
1081 2751 1201 2800 linguis
1216 2750 1252 2786 in
1269 2766 1332 2788 ore.

133 2812 228 2846 xum.
300 2800 433 2839 Horat.
463 2801 538 2839 Sat.
567 2801 619 2846 II,
648 2801 686 2846 6,
712 2814 756 2849 91
879 2816 966 2852 440.
998 2802 1055 2839 De
1074 2800 1208 2839 morbis
1221 2802 1358 2838 ovium.
1395 2801 1453 2839 Ex

133 2852 312 2906 fraerupti
335 2854 620 2904 nemoris—defi.
674 2865 760 2903 437.
830 2852 864 2889 V
866 2866 992 2892 arrone
1011 2853 1060 2904 R,
1082 2853 1130 2904 RP
1149 2851 1206 2899 Π,
1236 2866 1271 2898 1,
1293 2865 1334 2890 21
1349 2853 1456 2943 ἔξει·-

1291 2919 1348 2943 md
1394 2919 1453 2948 ‘re
