1821 3381
414 293 474 352 73
605 286 1079 339 P.V1RGIL11
1138 288 1531 341 MARoNrs

409 437 570 477 tanquam
587 431 751 463 auam-em
765 434 797 462 et
813 425 973 475 cargffizm,
1000 421 1238 461 mutationem
1259 423 1421 463 omnium
1445 437 1565 466 rerum
1589 437 1720 480 expec-

411 496 572 538 tundam,
593 493 733 532 referre.

464 563 628 602 Noluere
645 577 753 615 porro
771 563 844 602 viri
860 564 959 602 doffl
978 564 1070 602 hanc
1084 564 1259 614 Eclogam
1277 563 1370 601 inter
1383 564 1552 603 Bucolica
1572 567 1694 605 referri
1707 584 1722 614 ς

410 647 491 685 quse
520 647 572 671 rcs
598 634 748 671 omnino
777 648 821 671 ex
851 634 954 685 hujus
982 634 1150 671 carminis
1168 633 1314 670 notione
1335 647 1376 671 ac
1395 635 1607 674 definitione
1620 637 1722 686 judi-

407 702 523 739 canda
542 703 601 739 est.
659 703 715 740 De
733 703 952 741 obscuritate
977 703 1146 740 carminis
1170 715 1352 753 perperam
1374 712 1640 753 conqueruntur
1656 705 1722 742 ho·-

408 768 523 806 mines
539 770 653 814 doni,
679 771 971 822 quandoquidem
993 772 1061 808 hoc
1081 770 1195 822 ipsum
1215 771 1261 807 ad
1278 769 1444 808 vaticinii
1462 765 1627 808 indolem'
1642 784 1721 822 per-

407 838 514 883 tinet,
542 849 582 876 ut
609 852 672 890 per
696 841 862 891 ambages
887 840 1073 878 obscurata
1097 840 1138 877 fit
1156 839 1286 878 oratio.
1340 839 1441 877 Tum
1460 852 1544 877 vero
1562 839 1721 890 finguloa

408 905 526 945 versus
542 907 587 944 ad
607 907 783 958 singulare
809 907 957 958 aliquod
987 908 1131 961 istorum
1163 917 1363 959 temporum
1392 907 1526 946 factum
1553 897 1722 946 revocare

405 976 513 1019 velle,
539 988 613 1013 non
631 975 749 1013 minus
765 976 871 1013 inane
886 977 1041 1014 studium
1066 977 1129 1022 est,
1154 990 1262 1028 quam
1279 976 1377 1027 quod
1403 975 1611 1028 interpretes
1637 988 1719 1014 ora-

402 1044 570 1082 culorum
586 1044 766 1082 sacrorum
784 1042 883 1095 sequi
899 1044 1034 1090 videas,
1060 1058 1143 1083 cum
1166 1045 1304 1096 fingula
1319 1044 1563 1095 phantasmata
1580 1051 1718 1089 vatum,

404 1121 587 1164 tamquam
602 1113 626 1150 fi
645 1113 684 1151 in
702 1113 891 1152 annalibus
909 1113 1034 1152 Taciti
1054 1115 1205 1165 alicujus
1223 1113 1418 1157 versentur,
1445 1113 1538 1150 inter
1554 1110 1645 1163 ipsas
1664 1125 1719 1150 res

403 1183 514 1235 gestas
532 1184 714 1229 referunt3
741 1193 777 1222 et
802 1185 944 1235 poetica
968 1194 1176 1222 ornamenta
1202 1183 1248 1221 ad
1274 1183 1452 1221 fanorum
1470 1182 1577 1219 fidem
1593 1182 1719 1232 explo-

401 1262 497 1290 rant.
551 1251 671 1289 Etiam
704 1251 892 1289 Lowthius
922 1253 1068 1290 Summe
1094 1251 1192 1290 Ven.
1212 1250 1334 1301 Episc.
1365 1249 1526 1287 Londin.
1557 1248 1716 1287 Praelest.

403 1319 507 1357 XXI
530 1319 669 1357 erudite
691 1320 737 1358 de
753 1321 821 1358 hac
839 1320 980 1371 Ecloga
999 1321 1090 1371 agit,
1108 1332 1257 1370 eamque
1274 1318 1422 1356 omnino
1437 1317 1604 1369 expediri
1620 1318 1716 1368 poss‘e

402 1402 524 1443 negat,
544 1405 609 1430 nec
629 1392 783 1429 multum
800 1391 909 1436 abest,
935 1390 1023 1441 quin
1046 1390 1112 1428 fibi
1128 1389 1352 1441 persuadeat,
1378 1401 1452 1426 non
1468 1388 1540 1426 fine
1554 1386 1630 1426 veri
1652 1387 1715 1425 dei

401 1463 521 1500 afflatu
538 1474 617 1499 eam
633 1459 801 1512 scriptam
818 1461 898 1499 effe.
949 1458 990 1496 Si
1008 1458 1088 1510 quis
1104 1468 1223 1497 tamen
1241 1458 1364 1496 animo
1381 1466 1534 1509 reputet,
1560 1455 1715 1494 aliorum

400 1543 543 1582 quoque
560 1530 792 1580 populorum,
819 1537 947 1580 praeter
963 1528 1122 1577 Judaeos‚
1148 1537 1245 1565 vates
1261 1537 1297 1565 et
1314 1526 1488 1566 vaticinia
1504 1525 1594 1564 olim
1611 1524 1713 1563 fuiffe

400 1612 598 1652 permagno
622 1611 796 1644 numero3
822 1610 947 1636 eorum
973 1609 1081 1647 porro
1103 1606 1226 1634 vatum
1250 1594 1399 1646 ingenia
1423 1607 1497 1632 non
1521 1593 1637 1631 minus
1655 1592 1713 1630 in-

399 1670 543 1709 caluiffe
555 1665 857 1721 phantasmatibus
869 1676 905 1704 et
918 1666 999 1704 vifis
1012 1665 1180 1717 poeticis,
1196 1666 1255 1703 seu
1270 1665 1452 1716 poeticum
1469 1671 1634 1701 ornatum
1648 1661 1712 1699 ad-

398 1739 647 1783 mittentibus3
675 1736 882 1788 quotiesque
910 1737 950 1774 in
976 1737 1105 1775 eodem
1133 1744 1346 1786 argumento
1378 1735 1437 1773 scu
1464 1734 1712 1772 calamitatum

397 1808 704 1862 praedicendarum
721 1806 780 1844 seu
800 1805 985 1843 felicitatis
1001 1805 1155 1856 publicae
1166 1805 1382 1857 privataequ'e
1394 1805 1618 1842 ostendendae
1632 1815 1710 1841 ver-

396 1881 570 1924 farentur,
586 1877 776 1916 neceffario
794 1877 833 1915 in
850 1877 976 1915 eadem
993 1890 1111 1915 rerum
1129 1875 1372 1927 phantasmata
1388 1889 1448 1913 eos
1464 1871 1626 1913 incidere
1644 1875 1708 1915 de·-

397 1949 531 1987 buiffe:
560 1961 633 1985 non
650 1947 740 1984 adeo
758 1945 962 1990 mirabitu1·,-
987 1944 1217 1983 adumbratas
1231 1946 1296 1983 effe
1313 1944 1353 1981 in
1370 1943 1442 1982 hoe
1465 1943 1639 1988 carmine,
1666 1952 1709 1982 ut

397 2019 436 2057 in
463 2028 519 2056 tot
545 2017 639 2062 aliis,
667 2029 784 2054 rerum
808 2015 939 2067 species
966 2028 1007 2052 ac
1037 2014 1171 2053 formas
1193 2027 1239 2052 ex
1265 2023 1367 2053 aetate
1386 2026 1491 2051 aurea
1515 2013 1707 2051 adumbra-

396 2099 463 2134 tas,
491 2088 606 2139 iisque
624 2086 766 2132 fimiles,
792 2099 871 2136 quae
887 2085 925 2123 in
943 2084 1136 2123 Hebraicis
1153 2085 1295 2123 vatibus
1314 2091 1508 2122 occurrunt
1518 2098 1530 2129 3
1557 2092 1597 2120 ut
1613 2081 1706 2120 illud

394 2169 547 2203 taceam,
572 2158 611 2194 in
639 2169 772 2208 magno
795 2155 860 2193 illo
877 2155 1136 2205 Sibyllinorum
1153 2154 1379 2192 oraculorum
1407 2164 1570 2196 numero,
1596 2163 1704 2201 quem

394 2227 517 2278 paullo
533 2234 616 2263 ante
632 2225 804 2268 vidimus,
832 2224 944 2262 multa
964 2223 1031 2262 effe
1048 2223 1207 2262 debuisse
1224 2236 1245 2260 a
1264 2222 1360 2274 Syris
1378 2231 1414 2260 et
1431 2220 1566 2271 Judaeis
1584 2218 1708 2257 homi«

394 2296 499 2335 nibus
520 2306 730 2348 propagata.

445 2364 610 2402 Pervenit
621 2378 732 2416 nuper
743 2364 782 2402 in
793 2378 915 2403 manus
927 2365 1221 2411 nostraslibellus‚
1230 2365 1321 2403 Sam.
1331 2361 1547 2415 chlqy,viri
1558 2361 1656 2400 doffi
1665 2369 1704 2399 et

392 2434 567 2485 elegantis
580 2434 720 2486 ingenii
734 2435 999 2485 (Ob-servassem
1016 2450 1057 2473 on
1075 2436 1130 2474 the
1148 2436 1279 2487 Subja‘?
1292 2439 1336 2487 of
1338 2434 1392 2472 the
1408 2435 1439 2471 F
1438 2432 1531 2472 ourth
1546 2430 1701 2482 Eclogue,

397 2502 512 2554 1788)
547 2502 587 2540 in
619 2516 692 2553 quo
722 2502 784 2540 ille
814 2503 1001 2549 Lowthio,
1017 2502 1113 2541 Ven.
1130 2503 1209 2541 viro
1235 2515 1331 2539 nunc
1351 2501 1444 2538 inter
1472 2498 1608 2537 coelites
1638 2496 1702 2535 ad-

391 2572 507 2614 misso,
535 2572 718 2617 concedit,
744 2572 996 2611 incredibilem
1025 2573 1091 2610 effe
1118 2572 1327 2610 consensum
1355 2570 1448 2608 inter
1469 2579 1590 2606 vatum
1620 2565 1700 2604 He-

390 2640 598 2678 braicorum
627 2642 709 2679 loca
735 2651 771 2679 et
802 2642 979 2693 Eclogam
995 2639 1151 2692 Virgilii
1169 2652 1353 2691 quartam3
1380 2653 1446 2678 nec
1465 2649 1583 2676 tamen
1609 2637 1700 2674 adeo

389 2709 438 2746 ad
456 2709 584 2749 incitas
602 2724 674 2749 rem
699 2712 853 2757 rediisse,
882 2724 921 2750 ut
948 2726 1031 2750 cum
1058 2726 1101 2750 eo
1118 2713 1340 2750 statuendum
1358 2712 1414 2756 fit,
1443 2718 1469 2735 “
1488 2710 1615 2748 divino
1631 2725 1698 2749 nu-

392 2786 419 2804 '‘
438 2780 535 2819 mine
561 2784 762 2821 contaflum
782 2795 895 2835 poetae
922 2784 1024 2822 fuisse
1041 2785 1243 2823 animum.''
1295 2784 1422 2821 Romae
1444 2783 1541 2820 enim
1559 2781 1700 2820 dudum

389 2859 471 2889 ante
488 2851 562 2890 haec
581 2862 741 2905 tempora
766 2854 975 2894 increbuisse
1003 2856 1189 2895 oraculum
1216 2853 1434 2906 Sibyllinum
1452 2854 1497 2891 de
1514 2866 1595 2905 rege
1615 2865 1699 2889 ven·

1582 2931 1664 2961 turo
1674 2937 1690 2970 5
