1987 3361
437 287 1119 337 EDITIONIBUS.
1357 310 1456 342 c111

138 424 255 464 Aidd.
286 426 438 478 priores,
463 427 550 465 edd.
579 427 627 465 est
651 435 812 464 mutata:
843 426 933 464 Sunt
961 439 1012 463 eae
1049 439 1158 479 1533.
1196 440 1310 480 ¹537·
1348 440 1458 480 1540.

142 496 256 536 1549,
279 488 355 537 jam
384 500 404 524 a
424 486 631 524 Maittairio
655 486 694 522 in
714 485 810 522 Hist.
833 486 1042 536 Stephanor.
1058 499 1343 525 commemoratae
1355 505 1365 534 3
1394 502 1459 526 nec

106 557 116 565 ·
134 543 268 582 dubito
299 547 439 584 Henrici
454 544 618 595 Stephani
643 556 712 582 tres
741 544 918 582 editiones
940 558 1049 597 1577.
1089 549 1182 598 1583
1219 556 1255 583 et
1279 560 1389 599 1599,
1421 551 1457 589 8.

136 614 184 641 ex
205 603 334 643 iisdem
353 603 475 642 ducias
488 605 568 641 effe.

189 661 319 700 Editio
338 663 498 713 Parfina
521 661 618 699 1600
636 673 720 698 cum
739 669 815 698 tota
843 662 905 699 sua
933 661 1073 700 familia
1101 663 1317 709 Genevenfi,
1339 664 1457 702 Servii

133 721 410 760 commentariis
428 735 448 758 a
467 722 506 759 P.
528 720 682 758 Daniele
700 722 899 758 emendatis
915 735 986 760 non
1007 723 1091 761 ullis
1115 724 1154 761 in
1173 724 1289 775 ipsum
1310 730 1455 776 poetam

134 778 272 820 meritis
288 782 575 819 commendatur.

186 840 280 892 Qae
299 842 345 878 P.
364 842 413 878 H.
434 841 625 892 Szffznnaei
637 840 832 891 diligentia
849 840 889 878 in
908 841 1073 892 Virgilio
1092 844 1319 882 emendando
1342 859 1455 897 1539·

138 911 249 950 1540.
283 912 373 951 1541
409 898 551 936 Parisiis
579 899 702 943 fuerit,
730 899 822 935 mihi
850 913 924 936 non
950 902 1110 948 constat3
1139 916 1204 940 nee
1230 913 1349 941 tamen
1379 915 1454 943 tam

129 956 312 1002 criticam,
340 970 448 1008 quam
468 957 776 1008 typogryphicam
795 971 874 995 eam
892 958 1103 997 industriam
1121 960 1225 999 fuisse
1243 962 1414 1014 suspicor.

184 1015 244 1053 De
274 1016 376 1054 fonte
392 1016 597 1054 editionum
617 1018 700 1054 Sim.
722 1017 869 1055 Colinaei
905 1020 1013 1070 1526.
1055 1033 1165 1071 1531,
1203 1036 1313 1073 1540.
1356 1035 1452 1074 ¹54²

129 1073 246 1112 forma
266 1075 419 1120 minore,
446 1086 482 1113 et
503 1076 777 1126 Gsypffiamzrmn
796 1077 888 1114 1111111
903 1077 1073 1115 11εᾶ1311113
1092 1079 1222 1130 liquet,
1250 1083 1349 1132 quod
1365 1083 1452 1122 edd.

129 1134 282 1172 Aldinis
313 1135 511 1186 prioribus,
536 1145 573 1172 et
605 1135 765 1184 Juntinae
795 1135 882 1173 inde
923 1136 1055 1182 ducite,
1085 1139 1313 1190 respondent.
1367 1141 1452 1190 Jam

128 1193 215 1232 inde
231 1195 277 1232 ab
294 1208 328 1233 a.
354 1200 463 1247 1538.
488 1207 584 1246 ¹545
605 1194 734 1232 Franc.
751 1195 939 1246 Gryphius
961 1198 1102 1235 Parisiis
1122 1198 1323 1250 Virgilium
1341 1216 1452 1241 excu-

127 1253 288 1291 dendum
305 1264 514 1299 curaverat3
535 1263 610 1290 tum
626 1266 644 1290 e
668 1253 795 1292 Franc.
818 1255 1000 1301 Goveani,
1018 1257 1118 1299 ICti,
1136 1268 1171 1294 et
1190 1260 1245 1295 vel
1262 1273 1307 1297 ex
1326 1263 1451 1313 magni

127 1312 278 1363 Cujacii
295 1312 401 1350 laude
421 1313 503 1349 satis
520 1312 668 1357 nobilis,
695 1314 945 1364 castigatione,
966 1315 1057 1352 falso
1071 1325 1190 1354 tamen
1205 1318 1352 1367 jaciata,
1366 1334 1449 1359 eum

129 1372 290 1424 vulgavit
321 1372 496 1423 Lugduni
526 1371 609 1410 Seb.
649 1372 841 1424 Gryphius
867 1375 984 1412 forma
1012 1376 1150 1413 minore
1189 1391 1299 1429 1542,
1339 1393 1449 1432 1544.

131 1434 242 1482 1546.
263 1445 372 1483 1547·
397 1445 505 1483 1550.
530 1433 772 1482 1555.1556.
798 1433 908 1483 1560.

179 1492 241 1528 Ab
271 1504 365 1528 anno
384 1490 469 1526 inde
492 1503 588 1540 1530
619 1499 655 1526 et
673 1490 758 1527 hine
793 1506 901 1544 1537·
938 1498 1034 1545 1533
1064 1493 1245 1545 Virgilius
1262 1514 1334 1536 cum
1352 1501 1447 1537 Phil.

125 1550 533 1600 Melanchlhomkscholiis
550 1549 689 1587 Parisiis
708 1551 886 1601 vulgatus,
903 1563 938 1590 et
959 1554 1131 1604 Lugduni
1151 1568 1263 1608 1537,
1281 1559 1447 1611 deinceps

126 1619 243 1647 autem
262 1609 398 1661 Tiguri
421 1610 530 1659 1564.
553 1622 662 1660 1570.
683 1614 792 1660 1581,
815 1616 925 1662 1585,
945 1613 1086 1650 Basileae
1106 1616 1202 1665 1546
1221 1626 1256 1653 et
1274 1618 1338 1660 al„
1357 1618 1446 1656 Mo-

126 1669 265 1720 guntiae
299 1681 411 1720 1554,
454 1668 622 1705 Coloniae
654 1682 666 1705 1
678 1682 747 1720 597
777 1671 948 1721 repetitus
978 1674 1037 1711 est.
1092 1673 1240 1712 Habent
1258 1690 1374 1728 neque
1390 1681 1446 1718 hae

124 1727 302 1765 editiones
320 1728 423 1764 usum
436 1727 606 1767 criticum
623 1744 633 1772 ;
662 1728 794 1766 mirum
814 1740 932 1767 tamen
952 1731 1057 1775 illud,
1086 1733 1149 1782 qui
1167 1733 1300 1773 fat‘tum
1329 1738 1385 1783 fit,
1406 1751 1445 1778 ut

124 1786 266 1825 Parisiis
293 1787 451 1839 primurn
481 1787 775 1825 Melanchthonis
792 1789 927 1826 scholia
944 1791 1265 1841 frequentarentur.
1320 1796 1442 1838 Etiam

121 1847 417 1885 Melanchthonis
436 1847 674 1898 praeleffiones
694 1848 731 1885 in
752 1848 954 1900 Georgica,
982 1851 1124 1889 Bafileae
1149 1866 1248 1905 1544
1265 1857 1437 1908 vulgatae,

120 1907 238 1946 statim
259 1910 352 1959 1548
373 1907 505 1945 iterum
522 1906 621 1944 fuere
635 1909 779 1946 recusae.

172 1968 297 2017 szstae
314 1966 359 2003 ab
374 1966 484 2004 initio
501 1966 588 2003 inde
607 1966 724 2004 saeculi
742 1967 840 2004 XVI
859 1969 969 2006 modo
986 1970 1171 2015 Bucolica,
1190 1974 1300 2012 modo
1319 1977 1441 2015 Geor-

115 2033 216 2084 gica,
244 2033 354 2071 etiam
373 2033 514 2076 AEneis‚
542 2033 684 2070 fuerant
703 2034 854 2080 excusa;
876 2035 938 2072 ista
958 2037 1032 2073 fere
1053 2051 1137 2074 cum
1156 2041 1273 2078 Herm.
1295 2042 1438 2082 ‘Tor-ren-

117 2100 183 2132 tini
198 2095 406 2132 Comment.
459 2094 540 2132 Nec
556 2104 673 2131 tamen
690 2108 735 2132 ex
752 2095 798 2131 iis
816 2096 901 2133 edd.
955 2097 1150 2147 quicquam
1182 2099 1347 2138 beneficii
1375 2117 1438 2144 aut

116 2154 250 2192 frue‘tus
270 2154 308 2192 in
329 2153 530 2204 Virgilium
551 2154 730 2204 expecffari
748 2156 842 2205 poffe
857 2155 1014 2199 videtur,
1043 2170 1088 2193 ne
1107 2158 1152 2194 ad
1171 2158 1436 2210 interpretatio.

116 2227 198 2252 nem
232 2214 393 2265 quidem.
447 2213 507 2252 Est
536 2214 633 2251 enirn
665 2215 767 2265 hujus
785 2216 998 2253 Torrentini
1022 2217 1225 2262 familiaris,
1254 2230 1292 2256 ut
1312 2235 1437 2271 vocat,

115 2272 307 2323 expositio,
332 2274 409 2322 jam
437 2272 503 2310 sub
533 2273 639 2311 finem
660 2273 780 2311 saeculi
800 2274 879 2311 XV
897 2276 1056 2326 vulgata,
1085 2277 1157 2313 illis
1177 2279 1324 2326 quidem
1343 2291 1434 2322 tem-

114 2331 262 2382 poribus
289 2333 542 2376 condonanda,
570 2347 642 2371 non
669 2342 787 2371 tamen
815 2334 944 2385 digna,
971 2349 1050 2385 quae
1066 2337 1169 2373 toties
1188 2337 1330 2387 Lipsiae,
1359 2344 1433 2380 Ar-

113 2392 308 2441 gentorati,
334 2391 557 2437 Daventriae,
577 2392 741 2430 Londini
758 2404 793 2431 et
812 2394 901 2432 alibi
921 2405 1150 2445 repeteretur.
1179 2396 1217 2433 Si
1238 2399 1326 2436 tales
1345 2402 1432 2442 edd,

113 2464 186 2487 non
212 2451 316 2501 plane
342 2452 574 2503 negligimus,
592 2453 745 2491 historiae
763 2455 1034 2506 typographicae
1048 2455 1142 2493 forte
1163 2457 1304 2507 prodest
1322 2473 1433 2516 opera

112 2512 245 2557 nostra,
266 2512 429 2564 Virgilio
448 2514 553 2550 nibil.

164 2571 352 2622 Postquam
373 2573 435 2610 Ge.
455 2574 640 2619 Fabricius,
667 2574 966 2620 Chemnicienfis,
994 2578 1231 2616 accuratioris
1255 2580 1430 2620 doftrinae

109 2631 180 2674 vir,
209 2645 315 2682 quam
333 2645 429 2669 nunc
443 2634 554 2684 vulgo
571 2635 616 2670 ad
634 2635 703 2672 viri
726 2636 823 2672 doffl
841 2649 970 2673 nornen
990 2637 1276 2688 consequendum
1300 2640 1340 2678 in
1357 2641 1428 2682 hoc

106 2691 307 2729 litterarum
325 2704 456 2742 genere
473 2692 607 2743 requiri
633 2693 734 2738 solet,
761 2708 805 2732 ex
823 2694 929 2732 Italia
948 2695 1231 2746 Neapolitanum
1244 2703 1429 2752 exemplar

110 2751 465 2790 Commentariorum
486 2753 620 2791 Donati
641 2755 678 2792 in
692 2755 882 2792 AEneidem
904 2766 1163 2807 reportaverat,
1191 2759 1300 2810 inque
1318 2761 1364 2798 iis
1389 2772 1427 2803 et

109 2810 223 2849 Servii
241 2811 523 2850 Commentariis
543 2815 778 2852 emendandis
808 2828 951 2867 operam
972 2829 1035 2867 per
1053 2818 1184 2856 multos
1208 2832 1319 2856 annos
1333 2820 1426 2857 adfi-

107 2871 217 2910 duam
249 2872 512 2915 collocaverat:
539 2873 615 2925 ejus
637 2872 772 2911 fructus
806 2875 843 2913 in
870 2874 1058 2924 publicum
1075 2877 1249 2928 produxit
1263 2878 1423 2929 primum

1308 2937 1426 2979 editio
