1987 3361
408 274 1055 336 ARGUMENTA.
1203 300 1401 335 ccxxxv

85 426 212 475 Belli
236 423 388 474 cauffa
405 423 495 471 fuit
514 424 714 471 violatus
737 422 930 470 vulnere
946 435 1129 467 cervus.

79 511 214 559 Tum
250 519 417 574 gentes
453 506 576 554 socia
599 522 730 553 arma
751 515 946 569 parant:
982 501 1143 550 fremit
1163 518 1292 550 arma
1306 499 1391 566 ju-

274 582 455 638 ventus.
1345 589 1407 633 80

647 706 861 741 ocrAvr.

20 839 23 842 Ι
83 777 181 825 Dat
203 778 316 825 belli
333 778 519 841 signum
539 776 762 824 Laurenti
784 776 972 823 Turnus
989 775 1055 821 ub
1078 790 1198 821 arce.

85 862 304 910 Mittitur
319 875 365 909 et
389 863 549 926 magni
569 861 778 909 Venulus
802 859 1055 906 Diomedis
1076 858 1136 905 ad
1160 857 1351 912 urbem,

85 942 185 1006 Qi
207 957 339 1006 petat
361 945 608 998 auxilium,
630 955 675 988 et
691 941 873 996 doceat,
898 956 1006 1002 quae
1022 938 1174 986 cauffa
1189 935 1399 1002 petendi.

85 1026 260 1073 AEneas
282 1024 449 1070 divum
474 1023 667 1069 monitis
686 1021 788 1068 adit
811 1021 999 1068 Arcada
1023 1036 1185 1083 regem

87 1108 386 1163 Evandrum,
421 1105 629 1152 Arcadia
665 1103 945 1168 profugum,
988 1117 1110 1148 nova
1145 1117 1290 1166 regna
1322 1117 1410 1164 pe-

285 1202 483 1239 tentem.
1351 1188 1410 1246 35

91 1276 290 1340 Accipit
323 1276 572 1323 auxilium.
642 1273 775 1322 Huic
816 1284 999 1340 natum,
1031 1283 1078 1318 et
1109 1270 1231 1318 socia
1254 1269 1413 1333 agmi-

292 1358 530 1423 najungit

91 1439 326 1487 Evander.
397 1439 546 1486 Pallas
573 1439 679 1486 fatis
703 1455 862 1486 comes
885 1439 987 1486 ibat
1005 1438 1214 1501 iniquis.³

91 1519 295 1583 Jamque
317 1520 487 1567 habilis
512 1520 652 1577 bello,
686 1532 733 1567 et
753 1519 979 1567 maternis
1011 1519 1147 1566 laetus
1172 1519 1223 1565 in
1247 1517 1411 1573 armis,

96 1604 320 1668 Fataque,
353 1603 654 1668 fortunasque
677 1605 873 1663 ducum,
907 1603 1128 1667 casusque
1147 1602 1338 1650 suorum

95 1686 296 1737 Sortitus
317 1687 487 1750 clipeO,
521 1688 684 1735 divina
706 1689 914 1738 intentus
935 1689 984 1736 in
1006 1699 1104 1734 arte
1130 1687 1212 1734 est.
1348 1700 1412 1750 90

661 1842 805 1875 Nom.

98 1908 259 1971 Atque
283 1925 335 1958 ea
354 1909 535 1958 diversa
558 1912 743 1974 penitus
766 1911 884 1960 dum
907 1924 1038 1975 parte
1060 1923 1304 1975 geruntur,

102 1993 304 2057 Junonis
328 1995 514 2043 monitu
535 1996 722 2043 Turnus
748 1996 930 2043 festinat
948 1997 997 2043 in
1023 1996 1222 2044 hostem.

100 2074 398 2124 Teucrorum
418 2095 573 2134 naver„
609 2078 798 2125 Rutulis
814 2079 1139 2142 jaculantibus
1156 2079 1339 2142 ignem,

99 2158 441 2219 Nympharum
458 2161 507 2203 in
525 2160 733 2220 speciem
755 2162 923 2209 divino
941 2161 1141 2207 numine
1166 2160 1328 2208 versae.

100 2241 295 2303 Euryali
313 2253 358 2287 et
381 2240 484 2287 Nifi
503 2243 675 2305 coeptis
698 2242 789 2289 fuit
807 2243 959 2290 exitus
983 2244 1154 2308 impar.
1355 2258 1415 2310 95

102 2323 361 2387 Pugnatur.
433 2324 591 2371 Castra
612 2324 840 2372 AEneadae
867 2326 1138 2389 vallumque
1163 2336 1371 2375 tuentur.

104 2406 352 2454 Audacem
374 2407 634 2454 Remulum
656 2408 737 2454 dat
755 2409 850 2455 leto
871 2409 1074 2472 pulcher
1097 2409 1242 2466 Iulus,

105 2490 184 2538 Fit
207 2491 283 2536 via
307 2490 369 2538 vi.
444 2490 634 2539 Turnus
658 2493 813 2540 Bitian
837 2507 883 2542 et
898 2494 1146 2542 Pandaron
1171 2495 1326 2544 altum

106 2575 303 2640 Dejicit,
338 2587 384 2622 ct
401 2576 511 2622 totis
530 2577 680 2623 vietor
696 2578 777 2624 dat
799 2577 959 2625 funera
980 2578 1157 2627 castris,

107 2655 313 2719 Jamque
337 2657 556 2721 fatigatus
572 2659 743 2723 recipit
758 2658 801 2706 se
817 2660 869 2707 in
884 2660 1028 2708 castra
1046 2660 1253 2708 suorum.
1328 2674 1421 2708 100

159 2817 225 2896 ἓὲ.
253 2805 282 2846 f.
297 2806 455 2847 Miratur
469 2807 568 2859 clipeo
584 2809 706 2848 divina
719 2813 860 2849 intentus
873 2812 909 2849 in
922 2819 1027 2858 arte,·
1055 2808 1153 2848 casus
1166 2807 1206 2847 in
1224 2807 1344 2859 clipeo
1358 2818 1423 2846 ex-

111 2868 157 2911 pr
204 2870 256 2898 οε.

1211 2940 1420 2978 DECIMI.
