1821 3381
339 267 790 333 BUCOLICA,
856 271 1034 326 ECL.
1092 277 1177 326 IV.
1355 292 1425 346 79⁴

104 412 212 455 tur03
250 406 290 446 id
323 418 464 460 poetam
499 409 638 448 traxisse
669 410 715 447 ad
747 410 892 448 oetavii
923 412 1059 463 prolem
1076 428 1086 459 ;
1115 413 1317 465 fac‘iumque
1345 415 1419 454 hoe

106 477 322 522 commode3
350 491 415 515 nec
434 478 582 522 obstare,
610 479 706 529 quod
736 479 950 519 vaticinium
977 491 1142 520 eventum
1169 496 1242 520 non
1273 484 1419 529 habuit,

104 543 263 595 suscepta
280 544 436 582 ORavio
454 559 473 582 e
489 545 680 583 Scribonia
699 544 787 590 filia,
807 560 878 584 non
897 561 1021 598 puero.
1069 550 1251 588 Hadienus
1267 551 1312 588 fic
1332 551 1418 591 satis

102 614 195 652 mihi
220 616 412 654 convenire
430 629 513 653 cum
532 616 612 653 viro
637 616 762 661 dotto,
790 617 923 654 docent
949 619 1108 670 superius
1137 620 1248 659 dieta.
1301 618 1417 673 Qod

103 693 178 719 non
195 696 293 734 aeque
319 684 470 734 probare
492 684 644 735 possum,
670 684 717 721 est
738 685 908 730 studium,
937 689 1034 737 quod
1068 689 1123 726 vir
1150 690 1278 727 dofflus
1297 690 1417 740 posuit

102 749 143 789 in
160 753 306 805 singulis
324 754 476 792 versibus
503 755 550 791 ad
578 765 714 793 certum
741 755 898 806 aliquem
925 771 1043 796 rerum
1061 769 1227 797 eventum
1246 774 1416 800 revocan-

100 823 159 860 dis
174 840 185 869 3
214 837 295 861 nam
319 823 436 875 primo
463 823 666 862 adversatur
693 827 761 864 hoc
791 828 1048 868 vaticiniorum
1073 831 1191 869 indoli
1208 842 1244 869 et
1262 843 1415 873 naturae,

101 892 141 930 in
159 894 287 944 quibus
306 895 481 933 summum
501 904 639 933 tanturn
657 909 775 934 rerum
792 908 898 949 eaput
916 909 951 936 et
976 900 1090 950 ipsum
1109 901 1242 940 fafmm
1263 903 1416 954 praedic-

100 962 239 1000 tionem
266 963 465 1009 constituit,
494 964 631 1016 reliqua
659 979 744 1003 vero
761 966 883 1004 omnia
905 966 986 1005 sunt
1004 969 1245 1019 phantasmata
1271 971 1417 1021 poetica

100 1040 137 1068 et
154 1042 361 1069 ornamenta
390 1033 501 1070 animi
530 1048 704 1071 novarum
731 1048 849 1073 rerum
867 1035 983 1088 specie
1002 1038 1173 1081 contaeli,
1193 1052 1306 1089 neque
1323 1040 1417 1079 adeo

101 1100 173 1138 five
199 1100 245 1137 ad
271 1096 385 1138 visum
413 1100 544 1153 ipsum,
572 1097 641 1140 five
671 1097 717 1140 ad
734 1114 914 1148 eventum,
943 1105 1065 1143 referri
1081 1107 1246 1157 poffunt3
1274 1107 1415 1159 alioqui

101 1171 241 1208 nullum
265 1173 311 1210 est
335 1173 442 1210 facile
459 1172 687 1218 vaticinium,
714 1175 813 1224 quod
831 1174 931 1212 suurn
952 1186 1116 1214 eventum
1135 1178 1235 1215 omni
1252 1191 1295 1215 ex
1314 1188 1414 1229 parte

100 1238 258 1278 habuiss‘e
277 1240 353 1278 dici
370 1241 485 1292 possit.
540 1242 638 1279 Tum
658 1256 742 1280 vero
760 1243 830 1280 hoc
849 1244 965 1295 ipsum
979 1246 1133 1283 studium
1148 1246 1256 1284 nimis
1281 1247 1414 1287 subtile

101 1309 148 1344 ad
175 1308 330 1359 argutias
353 1319 390 1346 et
407 1309 514 1347 miras
531 1310 840 1362 interpretationes
863 1325 1016 1353 avocat:
1045 1317 1143 1366 quod
1161 1316 1250 1367 saepe
1276 1318 1415 1357 faetum

100 1375 220 1414 videas
233 1378 271 1415 in
285 1377 424 1416 vatibus
436 1379 553 1418 sacris.
580 1379 637 1417 Ita
654 1390 688 1417 et
699 1381 736 1418 h,
748 1382 773 1418 l.
790 1383 898 1433 Atque
914 1389 1030 1422 iterum
1053 1387 1105 1422 ad
1122 1386 1260 1438 ‘Trojam
1273 1404 1416 1439 magnus

101 1451 249 1485 mittetur
262 1447 404 1485 Achilles
417 1462 431 1486 :
462 1448 508 1487 de
526 1449 690 1487 Antonio
714 1450 878 1489 adversus
897 1448 1044 1492 Parthos
1059 1457 1219 1506 profe6³co
1237 1456 1414 1508 interpre-

99 1523 198 1552 tatur
214 1514 271 1551 vir
290 1514 534 1565 sagaciffimuS.
551 1516 671 1554 Silvas
685 1517 825 1568 Consule
838 1521 956 1571 dtgnas
971 1535 1041 1559 non
1054 1532 1183 1560 temere
1199 1525 1264 1561 esse
1278 1525 1389 1563 distas
1401 1540 1416 1571 3

101 1591 184 1621 nain
201 1586 295 1636 apud
315 1586 462 1624 Sueton.
516 1586 606 1624 Caes.
633 1600 690 1637 19.
720 1590 914 1628 Provinciae
918 1594 1052 1641 saturi!
1071 1593 1261 1643 Consulibus
1274 1596 1412 1633 decretae

102 1657 231 1694 minimi
251 1660 381 1707 negotii,
408 1658 447 1693 id
467 1658 509 1706 cst
521 1656 633 1705 stlvae
656 1657 823 1710 vallesque
834 1672 846 1695 .·
877 1661 972 1698 unde
1000 1658 1158 1714 colligit,
1177 1665 1298 1714 paullo
1325 1673 1412 1705 ante

104 1725 307 1764 Pollionem
337 1727 423 1764 Cos.
443 1727 540 1764 filvas
553 1727 754 1765 Consulum
772 1729 966 1780 provinciae
983 1731 1083 1770 fuisse
1100 1734 1301 1774 attributas.
1355 1739 1410 1775 At

99 1795 246 1833 enimin
259 1796 430 1834 Suetonio
446 1807 664 1834 memoratur
675 1798 829 1854 aliquid,
843 1800 987 1850 quodad
1001 1805 1191 1841 minuendas
1207 1803 1409 1843 Consulum

102 1876 189 1919 opes
217 1867 334 1905 valere
366 1866 539 1913 debebat3
573 1867 683 1918 idque
713 1877 850 1906 tantum
877 1880 1037 1909 tentatum
1069 1872 1154 1917 fuit,
1181 1887 1246 1910 nec
1276 1875 1341 1911 nifi
1372 1881 1409 1914 in

100 1951 201 1974 unum
233 1951 370 1980 annum,
398 1951 496 1987 neque
528 1935 641 1973 ullum
671 1948 824 1974 eventum
851 1938 981 1976 habuit.
1044 1940 1235 1980 Probabile
1266 1958 1413 1996 quoque

100 2004 182 2043 viro
209 2005 318 2042 dosso
346 2005 402 2050 fit,
429 2014 550 2042 vatum
567 2006 803 2055 Judaicorum
828 2008 972 2045 oracula
994 2020 1109 2059 poetae
1133 2011 1234 2048 fuiffe
1261 2015 1411 2064 cognita

99 2083 137 2112 et
162 2074 267 2120 lefta,
302 2073 402 2124 atqui
433 2075 535 2125 supra
573 2075 751 2113 monitum
782 2077 844 2120 est,
878 2087 949 2114 tam
982 2076 1096 2115 aliena
1126 2079 1226 2117 fuisse
1270 2082 1408 2122 Roma<

101 2155 229 2180 norum
256 2142 401 2194 ingenia
424 2154 458 2180 et
476 2144 590 2181 studia
607 2158 628 2181 a
644 2144 851 2193 Judaeorum
871 2145 1014 2191 litteris,
1043 2148 1298 2200 religionibUS,
1326 2152 1409 2190 riti-

101 2210 168 2247 bus
185 2220 220 2248 et
236 2210 483 2261 opinionibus,
510 2221 550 2248 ut
576 2212 639 2249 vix
657 2223 717 2250 aut
742 2213 890 2251 leftioni
916 2225 1039 2252 vatum
1068 2216 1194 2268 lingua
1222 2218 1411 2259 barbarica

101 2280 341 2331 loquentium,
361 2289 421 2317 aut
443 2280 728 2330 interpretationi
748 2289 863 2319 rerum
882 2283 1110 2322 obscurarum
1129 2299 1162 2323 et
1182 2288 1322 2338 prorsus
1341 2290 1407 2329 fibi

102 2349 372 2401 incognitarum
391 2361 569 2390 vacarent.
623 2352 808 2404 Qantum
840 2367 884 2391 ex
900 2354 1056 2393 Horatio
1084 2357 1234 2409 aliisque
1260 2361 1411 2413 assequi-

103 2432 197 2464 mur,
208 2419 493 2469 superstitionum
505 2421 735 2469 judaicarum
753 2422 921 2460 notitiam
936 2423 1091 2474 aliquam
1109 2426 1322 2474 habuerunt,
1334 2445 1408 2470 non

101 2487 283 2525 sacrorum
308 2497 370 2524 aut
396 2499 530 2526 vatum.
584 2489 681 2526 Illud
703 2492 794 2528 reste
821 2491 1105 2530 animadversum
1133 2507 1151 2530 a
1178 2494 1258 2533 viro
1285 2498 1410 2544 doeio,

101 2557 219 2596 versus
242 2572 297 2596 11.
317 2568 352 2595 et
371 2561 432 2597 61.
452 2572 525 2596 non
541 2560 729 2598 necessario
746 2561 891 2604 inferre,
920 2571 959 2598 ut
978 2561 1141 2601 Pollione
1159 2564 1276 2602 adhuc
1302 2566 1406 2606 Con-

102 2628 176 2667 sule
192 2628 355 2666 nascatur
370 2643 470 2681 puer.

154 2699 253 2737 Illud
280 2701 396 2737 notari
424 2700 544 2746 debet,
572 2701 633 2739 etsi
662 2711 911 2754 argumentum
931 2716 974 2741 ex
993 2703 1067 2756 ipsa
1084 2704 1158 2742 vita
1175 2705 1300 2743 rustica
1317 2706 1410 2756 peti·

105 2775 180 2806 tum
200 2769 276 2806 dici
293 2781 458 2821 nequeat,
485 2771 537 2808 ita
554 2781 670 2810 tamen
690 2773 781 2811 illud
799 2774 865 2811 effe
881 2776 1085 2820 trac'latum,
1113 2786 1152 2813 ut
1175 2776 1357 2814 sententiae
1372 2788 1410 2815 et

104 2834 275 2891 imagines
293 2852 411 2879 rerum
429 2842 496 2878 five
514 2841 560 2880 ab
576 2855 618 2881 ea
635 2843 710 2882 vita
736 2843 804 2883 five
822 2858 842 2882 a
859 2844 933 2884 vita
953 2844 1272 2895 antiquiffimorum
1290 2845 1409 2882 homi-

1320 2927 1407 2954 num
