1821 3381
377 357 922 421 GEORGICON,
978 361 1131 412 ΜΒ.
1189 365 1255 415 Π.
1388 384 1478 432 341

165 491 300 540 Arva
320 491 446 540 solo:
483 493 533 540 id
557 495 689 541 venti
714 506 895 552 curant,
928 496 1198 561 gelidaeque
1219 499 1420 562 pruinae,

162 584 230 631 Et
251 584 480 632 labefacta
504 601 699 632 movens
723 588 936 636 robustus
951 588 1122 654 jugera
1146 592 1302 641 fossor.

161 672 247 730 At,
280 673 315 719 fi
336 689 452 737 quos
477 675 603 723 haud
627 677 723 723 ulla
746 678 869 724 viros
892 680 1138 744 vigilantia
1163 681 1315 746 fugit:
1386 685 1474 748 265

158 762 291 811 Ante
313 762 472 810 locum
488 762 693 812 fimilem
708 765 977 827 exquirunt,
1003 767 1085 813 ubi
1107 767 1265 830 prima
1287 785 1480 833 paretur

157 852 424 902 Arboribus
447 853 594 917 seges,
629 866 674 901 et
692 870 788 918 quo
813 871 916 902 mos
939 855 1121 919 digesta
1139 857 1345 915 feratur;

201 1012 277 1053 263.
301 1019 395 1043 curent
419 1012 509 1045 Voff.
533 1024 585 1055 pr.
627 1015 758 1055 gelide-ve
784 1025 865 1047 unus
890 1014 1046 1047 Arundel.
1139 1015 1215 1055 265.
1240 1016 1281 1046 A:
1295 1017 1328 1059 st
1354 1017 1478 1050 Nsedic.

154 1070 204 1094 aut
220 1064 282 1095 duo
299 1074 372 1096 cum
401 1065 501 1096 Goth.
531 1065 593 1097 sec.
621 1073 653 1097 et
680 1066 749 1096 Erf.
780 1069 877 1108 surgit
894 1067 1190 1100 Vratiss.—--266.
1215 1072 1365 1109 exquirant
1381 1070 1478 1101 Leid.

154 1125 245 1147 unus.
339 1115 410 1154 267.
434 1117 534 1160 (kgfsta
561 1117 701 1148 MenteL
736 1128 784 1159 pr.
810 1119 935 1149 Nloret.
953 1118 1011 1148 sec.
1036 1118 1191 1149 Rottend.
1217 1126 1292 1150 tert.
1323 1132 1340 1151 a
1360 1131 1405 1153 m.
1424 1131 1474 1162 pr.

151 1168 234 1208 egtsta
253 1168 381 1208 Menag.
397 1167 455 1199 sec.
474 1176 505 1198 et
521 1168 646 1200 Bodlei.
665 1168 730 1199 vid.
748 1169 818 1210 sup.
839 1180 869 1202 ν’.
884 1179 939 1209 54.
975 1171 1119 1212 fimatur
1145 1170 1246 1202 Goth.
1268 1182 1318 1213 pr.
1354 1174 1474 1214 stratur

153 1216 243 1249 Vols.
262 1227 325 1249 em.
349 1219 435 1258 quod
457 1218 661 1262 probandum
681 1219 820 1252 videtur.

150 1344 312 1396 pruinis:
341 1353 381 1383 ut
398 1358 456 1396 ap.
475 1344 625 1382 Colum.
645 1342 719 1386 XI,
740 1355 778 1392 3,

154 1410 214 1446 13.
255 1397 337 1446 Jam
353 1399 542 1435 concidimus
557 1407 682 1433 terram
686 1399 780 1444 scro-

151 1447 261 1493 bibus,
289 1449 376 1485 dum
406 1448 546 1485 scrobes
563 1445 706 1484 crebros
725 1446 780 1483 fa-

148 1499 279 1543 cimus,
299 1499 495 1537 incidimus
515 1499 553 1536 in
573 1509 687 1543 terra3
706 1514 781 1536 con-

146 1555 245 1601 ctsam
264 1552 359 1602 foffls
390 1553 576 1603 AEgyptum
600 1563 620 1587 e
640 1549 779 1599 Justino

146 1602 202 1647 II,
236 1616 248 1640 1
274 1603 396 1640 laudat
415 1603 540 1640 Burm.
595 1601 692 1638 Cum
714 1615 775 1638 au-

147 1664 221 1692 tem
254 1655 367 1692 vineae
396 1654 551 1692 collibus
578 1653 651 1690 fere
675 1653 775 1703 plan-

145 1715 281 1748 tentur,
323 1716 439 1744 montes
473 1715 647 1743 memorat
682 1709 770 1754 po'e-

143 1768 194 1797 ta.
252 1757 355 1795 Facit
387 1767 509 1795 tamen
539 1756 769 1795 mirationem

142 1810 330 1861 epitheton
359 1825 504 1860 magnos.
560 1807 650 1845 Alia
676 1808 768 1845 ratio

144 1862 289 1899 videtur
311 1861 399 1899 iniri
419 1860 463 1897 ab
493 1859 586 1902 allis,
614 1869 654 1896 ut
681 1876 768 1897 mon-

142 1924 189 1952 tes
216 1914 283 1951 fint
305 1912 414 1962 egesti
446 1925 465 1950 e
489 1912 577 1948 foffa
606 1906 768 1948 colliculi

139 1965 230 2004 soli:
260 1978 301 2002 ac
328 1965 352 2001 fi
370 1959 467 2008 esset,
492 1963 670 2001 excidere.
693 1962 767 2014 gle-

140 2017 385 2067 baeficpiymtae,
404 2026 498 2053 terra
509 2015 692 2064 ligonibus
711 2015 767 2051 in-

139 2068 249 2106 versa.
300 2068 628 2119 aquiloniostendere,
655 2078 766 2116 expo-

140 2133 239 2163 nere,
282 2130 322 2156 ut
366 2119 466 2156 flanti
506 2117 640 2168 perx‘iae
683 2118 763 2155 smt.

140 2170 403 2221 Hefiod.''Eg-‘y.
423 2171 497 2209 612
528 2173 604 2208 τότε
631 2171 765 2207 πάντας

136 2224 300 2274 ἆπόδξεπε
315 2224 421 2262 οἴκαδε
438 2225 572 2272 facia-505,
595 2224 713 2267 Δεῖξκι
733 2222 765 2257 δ’

136 2277 230 2327 ἦελίῳ
262 2275 340 2314 δέκα
373 2279 406 2314 τ’
441 2277 563 2321 {ium-x
593 2276 652 2312 uxi
677 2274 756 2310 δέκσι

136 2330 276 2367 >affin-roas.
330 2327 476 2364 Nemes.
512 2327 655 2376 Cyneg.
688 2329 761 2364 208

135 2382 301 2431 lepidoque
327 2382 484 2430 estendere
497 2380 584 2429 solz}
614 2378 708 2414 hunc
726 2387 761 2414 et

136 2433 229 2469 Stat.
250 2431 369 2469 Theb.
401 2431 472 2473 VI,
500 2443 549 2480 90
564 2430 645 2467 lucos
661 2431 759 2478 <fien-

132 2485 209 2521 dere
227 2482 369 2527 Phoeb0‚
379 2484 453 2532 jam
465 2480 626 2518 laudavit
639 2481 760 2518 Burin.

133 2534 281 2572 Habuit
310 2534 418 2571 etiam
445 2534 541 2570 hunc
567 2533 687 2570 Iocum
720 2531 759 2568 in

132 2586 258 2623 animo
279 2585 484 2622 Columella
510 2583 565 2628 X,
594 2585 758 2633 74—76.

132 2638 299 2674 Cauffam
326 2635 508 2686 coquendi
532 2635 597 2673 soli
626 2635 758 2684 apponi

130 2699 219 2740 puta
233 2688 294 2726 vss.
324 2690 411 2728 262.
443 2689 529 2734 263.
583 2685 681 2722 Nam
697 2699 759 2735 op-

131 2740 241 2778 tirnus
265 2739 379 2776 vineis
407 2738 562 2775 serendis
590 2750 673 2787 ager
693 2748 757 2787 pu-

130 2798 193 2829 tris
211 2791 267 2828 seu
299 2790 472 2828 resolutus
499 2799 536 2826 et
563 2799 662 2825 tener
684 2789 756 2833 est;

127 2842 205 2881 vid.
236 2841 283 2879 ad
310 2857 346 2879 v.
382 2855 477 2891 2043
499 2846 610 2890 patris
639 2850 756 2876 autem

129 2894 170 2932 fit
187 2893 315 2938 ventis,
333 2894 463 2943 pruina
475 2902 510 2930 et
527 2904 645 2941 opere.
667 2892 756 2939 264.

117 2948 248 3005 jugera
293 2945 469 3002 labefaci‘a
512 2943 661 2996 pulchre
691 2956 757 2996 pro

844 1349 936 1378 terra
975 1339 1102 1384 vineae,
1144 1353 1224 1391 quae
1266 1341 1474 1391 pastinatur,

843 1393 903 1430 seu
948 1393 1114 1430 foditur:
1157 1391 1332 1430 fodiendo
1375 1394 1473 1431 enim

844 1454 1025 1488 movetur,
1052 1444 1274 1487 concutitur,
1294 1444 1473 1483 mollitur.

898 1496 1113 1548 265—268.
1132 1495 1395 1545 Diligentiores
1411 1510 1473 1547 pa-

845 1547 1075 1586 tresfamilias
1089 1548 1128 1585 in
1145 1546 1335 1584 seminario
1356 1548 1472 1598 (plan-

841 1609 973 1636 tarlum
991 1612 1033 1636 ac
1059 1609 1247 1640 Vitiarium
1277 1609 1388 1636 etiam
1407 1613 1472 1637 vo-

841 1654 939 1699 cant)
952 1651 1106 1688 educant
1118 1651 1220 1695 vites,
1237 1664 1322 1701 quas
1336 1650 1471 1689 deinde

839 1703 879 1740 in
900 1702 1041 1740 vineam
1059 1702 1286 1740 transferant.
1303 1701 1366 1739 Cf.
1391 1702 1469 1739 Co-

839 1756 928 1792 lum.
946 1753 1018 1797 111,
1045 1767 1071 1802 4
1088 1763 1123 1790 et
1144 1767 1178 1805 5.
1209 1753 1381 1804 Geopon.
1414 1753 1469 1799 V,

842 1820 881 1855 3.
935 1808 1022 1844 265.
1061 1808 1148 1857 267.
1187 1805 1332 1842 Arbores
1364 1805 1402 1842 h.
1438 1806 1466 1845 l.

838 1871 906 1909 pro
931 1856 1064 1894 vitibus
1074 1872 1084 1901 ;
1113 1867 1152 1894 ut
1177 1868 1222 1893 ex
1251 1865 1329 1892 tota
1355 1857 1467 1894 orati-

837 1922 907 1947 one
915 1918 1012 1958 patet
1028 1922 1037 1945 :
1057 1908 1119 1945 etfi
1131 1907 1468 1958 caeteroquinetiam

837 1962 991 1999 aliarum
1047 1960 1216 1997 arborum
1273 1959 1467 1996 seminaria

836 2013 929 2051 sunt.
970 2012 1110 2052 Curant
1127 2010 1199 2055 illi,
1219 2019 1258 2048 ut
1275 2011 1390 2056 locus,
1407 2011 1466 2051 ubi

829 2072 946 2115 prima
969 2075 1112 2113 paretur
1139 2062 1272 2099 vitibus
1287 2066 1398 2113 figes,
1425 2064 1464 2102 h.

834 2115 1064 2153 seminarium
1104 2114 1250 2156 vitium,
1277 2113 1383 2150 simili
1409 2114 1465 2151 in-

835 2168 945 2219 genio
964 2179 1003 2203 ac
1022 2176 1148 2202 natura
1162 2164 1217 2208 fit,
1235 2177 1342 2215 quam
1360 2166 1461 2211 locus,

834 2236 894 2271 quo
920 2233 993 2256 mox
1016 2219 1140 2268 digcsta
1157 2221 1319 2269 feratur,
1348 2217 1386 2254 h.
1420 2218 1460 2255 in

833 2283 941 2321 quem
957 2269 1157 2319 digeratur,
1173 2268 1242 2305 five
1259 2268 1459 2308 vitiarium.

833 2322 877 2359 In
916 2322 1074 2359 sermone
1109 2319 1259 2371 pedestri
1293 2319 1457 2358 diceres:

832 2374 952 2411 locum
972 2372 1125 2412 similem
1139 2370 1186 2415 ei,
1215 2384 1287 2420 quo
1306 2385 1391 2408 mox
1405 2371 1458 2409 fe-

831 2435 945 2464 ratur.
970 2425 1066 2475 Seges
1083 2422 1302 2472 quiastmina
1317 2422 1412 2460 dicit
1422 2433 1459 2461 et

815 2480 930 2526 serere
954 2474 1138 2513 communi
1162 2473 1355 2517 vocabulo,
1383 2488 1457 2525 quo

829 2537 865 2564 et
882 2528 1071 2577 scriptores
1089 2525 1141 2562 rei
1167 2525 1305 2562 rusticae
1321 2525 1367 2562 de
1399 2526 1454 2563 vi-

830 2579 904 2617 neis
922 2577 1125 2629 plantandis
1143 2585 1311 2620 utuntur3
1344 2577 1390 2614 sic
1418 2587 1454 2614 et

828 2635 1033 2681 σπὲξμσιτα,
1060 2639 1094 2665 et
1113 2630 1250 2677 σπείξειν
1269 2627 1454 2677 ⁸,ade0que

814 2687 911 2734 seges
942 2684 991 2720 est
1027 2681 1261 2718 surculorum.
1315 2678 1453 2716 Eadem

829 2734 874 2771 ab
905 2735 982 2785 agri
1011 2734 1150 2771 cultura
1180 2731 1291 2780 petita
1312 2729 1451 2768 ratione

826 2786 948 2835 paullo
980 2794 1075 2827 ante,
1102 2798 1212 2823 arva,
1237 2781 1370 2831 glebas,
1385 2784 1451 2832 ju-

820 2853 924 2889 gera,
943 2837 988 2874 de
1007 2834 1120 2872 vineis
1147 2832 1256 2875 dixit,
1280 2842 1318 2868 ut
1337 2845 1356 2867 a
1374 2834 1451 2868 vul-

826 2889 907 2937 gari
921 2889 1079 2925 sermone
1106 2884 1282 2921 recederet
1305 2883 1450 2932 poetica

825 2939 956 2979 oratio.
1007 2940 1149 2977 Sationis
1173 2945 1283 2973 autem
1308 2935 1369 2972 duo
1388 2949 1451 2985 ge-

1354 3000 1456 3033 nera,
