1821 3381
352 340 444 384 224
524 323 576 371 P.
626 321 1009 370 VIRGILII
1080 316 1482 370 MARONIS

350 459 509 505 Urunt
534 456 732 503 Lethaeo
756 455 938 518 perfusa
960 472 1191 517 papavera
1214 455 1395 504 somno,

348 546 439 592 Sed
462 557 617 591 tamen
640 543 828 589 alternis
854 542 1003 588 facilis
1028 543 1187 589 labor:
1223 545 1351 591 arida
1374 556 1562 592 tantum

347 635 424 682 Ne
446 636 642 682 saturare
664 634 780 679 fimo
801 630 971 696 pingui
994 633 1171 695 pudeat
1194 633 1314 688 sola3
1351 651 1469 682 neve
1602 639 1666 686 80·-

349 726 530 773 Effetos
554 726 761 772 cinerem
782 724 1067 771 inmundum
1083 723 1261 788 jactare
1283 741 1367 787 per
1389 743 1540 790 agros.

347 816 421 862 Sic
445 831 632 878 quoque
657 814 848 861 mutatis
872 811 1165 875 requiescunt
1189 812 1360 860 fetibus
1383 830 1509 862 arva.

345 905 450 951 Nec
472 903 598 950 nulla
621 904 795 949 interea
817 902 881 948 est
905 902 1096 961 inaratae
1120 903 1272 965 gratia
1294 915 1449 950 terrae'.

346 996 486 1060 Saepe
510 995 656 1042 etiam
680 993 845 1041 sterilis
870 991 1123 1039 incendere
1146 992 1327 1055 profuit
1350 1009 1500 1055 agros,

1452 1135 1502 1167 79.
1524 1127 1572 1158 Ex
1586 1126 1658 1159 vul·

347 1186 417 1229 gari
433 1182 710 1226 interpretatione,
730 1188 764 1211 ut
785 1179 824 1211 ad
837 1185 1034 1221 praeceptum
1051 1188 1084 1208 v.
1104 1187 1143 1217 71
1161 1178 1269 1208 redeat
1291 1180 1397 1220 poeta,
1418 1178 1574 1211 sententia
1591 1188 1659 1212 erat

346 1236 503 1279 implicita
518 1246 552 1265 ac
564 1232 722 1276 perplexa.
768 1232 817 1273 Jo.
836 1229 999 1260 Schrader.
1018 1239 1183 1259 occurrere
1195 1228 1322 1260 volebat
1339 1229 1577 1271 transpofitione
1589 1243 1663 1262 ver-

345 1289 458 1320 suum:
485 1287 539 1318 82.
559 1286 610 1325 83.
627 1294 678 1325 79.
699 1284 750 1315 80.
767 1281 958 1314 81.-—-—80.
984 1282 1048 1311 Nec
1065 1280 1208 1312 Parrhas.
1227 1281 1314 1312 Voss'.
1339 1280 1437 1311 Goth.
1462 1292 1511 1323 pr.
1604 1283 1660 1315 81.

348 1340 457 1383 Effiffos
476 1337 603 1370 Zulich.
650 1337 768 1377 Effi²5²⁰⁸
795 1333 925 1364 Vratiss.
950 1340 981 1363 et
1008 1332 1106 1363 Goth.
1130 1343 1190 1373 pr„
1211 1332 1309 1363 etiam
1331 1334 1514 1371 Romanus;
1537 1333 1664 1366 aberra„

347 1391 450 1422 tiones
464 1389 677 1420 librariorum.
700 1385 783 1416 conf.
798 1384 856 1415 inf.
878 1385 916 1420 11,
931 1392 1005 1422 417.
1049 1385 1194 1413 immundos
1212 1383 1592 1424 Menag.alter.-——82,
1617 1399 1663 1416 re·-

347 1445 461 1485 quiescat
476 1443 560 1472 Ven.
604 1441 760 1480 requiescent
776 1439 871 1467 Rom.
890 1444 921 1466 et
943 1436 991 1467 ed.
1009 1437 1095 1466 Ven.
1142 1435 1253 1466 Heius.
1272 1435 1461 1467 emendabat
1480 1440 1663 1478 requiestant:

393 1131 444 1172 78.
469 1132 621 1161 Lethaeum.
665 1127 733 1159 Alii
751 1128 895 1164 Letheum‚
910 1124 1003 1156 male.
1019 1135 1052 1156 v.
1069 1124 1109 1155 ad
1121 1126 1198 1156 AEn.
1212 1126 1270 1163 VI,
1285 1133 1360 1164 705.

347 1496 434 1538 quod
451 1495 589 1526 alienum
609 1491 684 1523 effet
708 1503 725 1522 a
748 1490 794 1521 rei
816 1489 937 1520 rusticae
954 1487 1142 1519 rationibus.
1178 1488 1287 1530 ficibus
1299 1498 1387 1518 error
1401 1487 1521 1530 fragm.
1536 1490 1662 1523 Moret.

347 1546 486 1584 ——84
511 1546 602 1576 Sontes
617 1544 754 1585 ctsteriles
764 1541 879 1583 fragm.
893 1540 1016 1570 Moret.

350 1657 527 1709 Ct'ngphiae
552 1655 692 1707 paludes
730 1653 803 1691 lina
833 1653 973 1690 dabunt.

348 1710 399 1748 cf.
443 1709 519 1760 sqq.
601 1711 663 1759 78.
689 1709 828 1756 persua
862 1709 977 1753 somno

344 1772 544 1813 papavera,
571 1773 651 1810 quae
675 1758 808 1795 habent
826 1757 899 1794 vim
920 1757 973 1792 so-

350 1813 561 1864 porificam3
605 1824 683 1861 quae
715 1819 841 1846 natura
876 1807 974 1858 nigri

350 1865 530 1916 praecipue
548 1861 733 1915 papaveris
751 1862 810 1899 est.
866 1859 915 1897 cf.
936 1860 973 1897 h.

350 1919 376 1956 1.
394 1917 548 1954 Martin.

404 1982 467 2020 79.
497 1968 651 2010 alternis,
668 1965 693 2002 fi
717 1963 862 2002 alternis
881 1964 975 2002 vici-

350 2019 417 2058 bus
469 2019 614 2056 seratur.
699 2016 812 2053 Haud
865 2016 975 2053 dubie

349 2072 479 2110 eodem
503 2070 613 2108 modo
643 2082 715 2119 quo
743 2068 863 2118 paullo
893 2078 975 2104 ante

350 2137 386 2161 v.
419 2136 482 2175 71.
541 2122 681 2158 Possunt
713 2130 831 2157 tamen
863 2118 972 2156 etiam

349 2175 413 2213 illa
432 2174 603 2211 nimirum
624 2172 713 2216 lina,
741 2182 776 2208 et
794 2183 914 2208 avenae
939 2181 975 2209 et

350 2240 541 2278 papavera,
586 2224 731 2260 alternis
768 2224 860 2259 retae
890 2222 974 2267 seri,

352 2279 463 2315 modo
495 2276 576 2314 satis
609 2274 860 2312 stercora-tione
890 2287 976 2323 ager

350 2329 544 2368 reficiatur.
624 2327 700 2364 Hie
750 2327 797 2362 est
844 2325 974 2369 sensus,

347 2394 453 2432 quem
469 2380 657 2417 verborum
668 2377 835 2427 junctura
851 2376 976 2427 suppe-

349 2433 461 2477 ditat,
485 2442 521 2469 et
551 2430 765 2467 Columellae
794 2429 892 2465 locus
921 2428 974 2471 ΙΙ,

354 2498 417 2534 14,
455 2497 472 2532 3
510 2483 641 2519 firmat.
712 2480 840 2530 Vulgo
873 2479 974 2516 aiunt

347 2540 496 2587 po'e‘tam
529 2533 645 2570 redire
680 2532 725 2568 ad
757 2540 973 2581 praeceptum

353 2601 386 2625 v.
424 2601 487 2638 71.
540 2586 637 2622 labor
654 2583 774 2634 fat-slis
808 2582 857 2620 sc.
889 2581 970 2632 agri

354 2642 414 2690 (ut
432 2638 497 2675 inf.
524 2650 594 2688 ¹50
626 2648 711 2672 mox
728 2645 762 2671 et
785 2640 970 2684 „fi-umentis

347 2690 444 2729 labor
466 2690 634 2735 additus),
662 2685 725 2736 qui
743 2685 850 2722 facile
869 2685 969 2721 illam

348 2741 561 2784 molestiam,
588 2739 686 2776 illam
708 2750 855 2780 noxam,
884 2738 971 2772 dum

346 2793 487 2831 viribus
538 2789 759 2833 exhauritur,
818 2788 972 2838 perferre

347 2858 389 2882 ac
417 2844 566 2881 tolerare
590 2842 716 2893 potest,
743 2841 852 2877 modo
881 2839 972 2876 bene

346 2897 577 2935 stercoretur:
632 2893 739 2945 quod
790 2892 847 2930 vel
893 2890 972 2942 ipso

1041 1651 1184 1702 lupino,
1211 1650 1323 1695 vicia,
1350 1650 1449 1696 faba,
1476 1660 1568 1688 terra
1595 1651 1662 1690 ob-

1041 1703 1129 1740 rutis
1172 1702 1249 1740 fieri
1295 1703 1446 1740 solebat.
1512 1704 1663 1742 Colum.-

1040 1755 1096 1800 H,
1120 1768 1178 1804 14,
1212 1768 1242 1792 1.
1263 1754 1315 1798 ΙΙ,
1340 1769 1399 1804 15,
1431 1768 1466 1806 5.
1521 1754 1662 1793 Eodem

1038 1813 1152 1844 cineris
1178 1805 1258 1843 usus
1290 1806 1435 1856 speclat,
1468 1814 1508 1843 ut
1534 1816 1665 1844 notum-

1040 1860 1099 1896 est.
1167 1856 1269 1896 conf.
1302 1858 1394 1895 ibid.
1430 1857 1461 1902 ὁ.
1495 1873 1531 1909 7.
1600 1861 1662 1896 82.

1041 1909 1188 1947 Etiamsi
1208 1922 1294 1958 ager
1324 1910 1430 1959 plane
1454 1923 1525 1946 non
1545 1911 1663 1952 cesset,

1040 1962 1099 1998 sed
1118 1960 1197 1998 aliis
1216 1962 1352 1997 interea
1369 1960 1534 2010 frugibus
1548 1962 1663 1998 feren-

1038 2012 1094 2050 dis
1112 2023 1333 2056 exerceatur,
1363 2021 1402 2048 ut
1420 2013 1665 2062 leguminibus
1722 2054 1725 2056 v

1041 2078 1074 2101 v.
1095 2078 1146 2115 74
1163 2064 1254 2114 sqq„
1274 2064 1384 2100 modo
1402 2072 1519 2100 tamen
1533 2065 1664 2101 sterco-

1037 2116 1170 2153 rationi
1244 2115 1391 2165 largiter
1457 2114 1663 2166 indulgeas,

1037 2181 1120 2218 ager
1139 2168 1194 2205 vel
1212 2166 1260 2203 sic
1293 2166 1511 2216 requiescere
1537 2169 1664 2217 aliquo

1037 2221 1147 2256 modo
1162 2217 1276 2255 videri
1294 2218 1406 2268 potest
1428 2217 1491 2266 (cf.
1509 2217 1661 2256 Colum.

1038 2271 1092 2315 II,
1117 2285 1175 2321 14,
1205 2270 1277 2318 3);
1304 2269 1389 2306 fimo
1421 2269 1517 2305 enim
1553 2282 1664 2308 novas

1038 2322 1144 2365 vires,
1174 2335 1286 2359 novos
1307 2321 1407 2363 sales,
1437 2320 1580 2370 recipit,
1609 2332 1663 2358 at-

1040 2387 1109 2424 que
1143 2374 1277 2411 interea
1319 2372 1429 2408 ctiam
1466 2372 1664 2410 utilitatem>

1040 2425 1198 2475 aliquam
1230 2428 1284 2461 (ea
1314 2423 1411 2461 enim
1442 2424 1489 2459 est
1517 2431 1664 2474 gratia}

1040 2478 1131 2514 male
1150 2477 1253 2514 Catr.
1272 2486 1307 2513 et
1337 2475 1476 2522 Burm.)
1496 2488 1541 2512 ex
1573 2490 1663 2528 agro

1038 2528 1239 2579 percepisti.

1093 2583 1152 2630 84.
1188 2579 1303 2617 Aliud
1348 2586 1567 2629 praeceptum
1614 2578 1663 2616 de

1032 2632 1167 2682 stipulae
1185 2631 1337 2668 incensae
1351 2632 1395 2667 ad
1411 2642 1537 2679 agrum
1553 2629 1661 2666 bene-

1030 2684 1127 2721 ficio.
1194 2682 1324 2733 steriles
1367 2697 1477 2733 agros,
1518 2679 1662 2730 stipulas

1033 2735 1127 2785 agri,
1143 2744 1182 2771 ut
1197 2749 1229 2773 ν.
1245 2734 1298 2784 sq.
1316 2734 1532 2782 explicatur.
1572 2734 1659 2769 Pro-

1034 2797 1138 2824 vocat
1165 2786 1211 2822 ad
1243 2786 1281 2822 h.
1317 2785 1344 2822 1.
1379 2784 1472 2820 Plin.
1504 2782 1661 2829 XVIII,

1036 2852 1080 2888 72
1094 2848 1185 2876 extr.
1204 2840 1299 2886 (30).
1348 2838 1415 2874 86.
1438 2836 1658 2882 Sive—five.

1035 2890 1106 2929 Pro
1133 2889 1232 2930 varia
1259 2887 1342 2933 soli,
1376 2888 1433 2926 vel
1461 2886 1572 2924 macri
1603 2886 1660 2924 vel

1489 2937 1658 2990 uliginosi
