1821 3381
316 270 856 329 rBUCOLICA,
922 271 1114 320 ECL.
1172 273 1238 322 IL

1390 287 1455 337 47

148 397 254 446 Nec
272 397 374 447 sum
391 400 507 447 adeo
527 401 768 449 informis:
795 421 948 466 nuper
961 422 1039 452 me
1054 406 1100 451 in
1118 406 1251 452 litore
1265 406 1380 464 vidi,
1397 419 1453 468 25

148 490 316 555 Qum
355 492 599 554 placidum
638 494 789 540 ventis
834 495 973 541 staret
1017 513 1146 544 mare
1159 520 1172 551 ;
1220 513 1315 543 non
1366 513 1458 560 ego

275 581 504 645 Daphnin

145 671 316 732 Judice
339 685 385 718 te
411 683 637 728 metuam,
660 673 693 716 fi
717 688 978 735 numquam
1003 673 1131 720 fallat
1156 676 1334 740 imago,

189 812 240 842 25.
256 804 323 834 Non
333 805 418 834 Ven.
433 811 464 834 et
481 802 639 840 Parthas„
655 810 686 834 et
703 803 735 834 in
752 803 912 834 nonnullis
928 803 1011 835 deest
1027 807 1065 834 in.

1158 804 1213 836 26.
1232 807 1309 836 Dum
1319 807 1456 848 pſtrcflum

143 862 280 894 quatuor
311 864 360 894 ap.
393 855 499 884 Burm.
548 855 682 894 Daphnin
705 853 799 884 multi
826 854 964 884 Pieriani
987 862 1018 885 et
1038 854 1199 886 Rufinian.
1223 867 1295 887 cum
1312 857 1456 898 pluribus

144 903 256 935 Burni.
302 905 333 934 Si
359 905 516 934 *Menalcan
546 905 672 942 scribas,
692 905 801 936 debuit
830 913 861 935 et
893 907 1028 947 Daphnin
1053 906 1144 936 scribi
1172 918 1244 937 cum
1277 908 1451 941 Pulmann.

143 955 305 987 Commel.
323 955 418 986 Conf.
435 956 544 986 Heins.
561 957 600 987 ad
615 967 646 989 V.
667 966 720 996 73.
767 957 944 988 Conficitur
960 969 1010 988 res
1025 969 1061 989 ex
1077 961 1118 995 V,
1130 968 1172 996 52
1187 961 1320 1001 Daphnin
1332 961 1455 1003 azlistroe

131 1009 264 1048 firamus
270 1030 277 1038 .

324 1008 432 1048 Itaque
452 1009 595 1048 Daphnim
615 1007 762 1049 expunxi.
800 1010 920 1050 Daphni
936 1009 1097 1040 Rufinian.
1116 1021 1147 1051 p.
1159 1019 1234 1048 272,
1249 1011 1333 1052 quod
1346 1012 1454 1048 ornari

141 1056 253 1099 posset,
276 1057 298 1089 fi
325 1059 406 1089 tanti
433 1057 662 1098 effet.-——27.
681 1061 777 1100 fallat
803 1060 950 1091 meliores
967 1061 1051 1091 Pier.
1074 1069 1105 1092 et
1130 1062 1262 1099 Heins.;
1285 1069 1316 1092 et
1333 1062 1372 1093 ἧς
1389 1062 1453 1094 elea-

140 1110 269 1152 gantior
283 1109 397 1140 fermo.
442 1111 531 1141 Ante
548 1110 658 1142 Heins.
675 1110 844 1154 vulgatum
857 1113 956 1154 fallit.
979 1112 1117 1144 Mentel.
1133 1123 1181 1156 pr.
1200 1121 1231 1145 et
1247 1116 1275 1146 V
1279 1123 1328 1144 en.
1334 1115 1439 1155 βείω,

138 1247 344 1289 Grammat.
363 1249 397 1295 1,
430 1265 490 1297 12,
515 1264 553 1302 p.
582 1265 676 1303 ²703
704 1264 764 1290 ve-

138 1316 217 1340 rum
235 1313 270 1340 et
289 1303 432 1341 illustris
450 1305 496 1340 est
515 1304 692 1354 Propertii
709 1304 764 1341 lo-

137 1368 199 1403 cus
213 1355 287 1399 ΠΙ,
303 1369 313 1391 1
326 1369 362 1403 3,
376 1369 419 1404 41
443 1362 611 1407 vz'fflorqae
626 1355 766 1393 canebat

137 1408 275 1444 Paeana
282 1407 443 1456 Amphion
457 1417 547 1455 rupe,
560 1407 594 1444 A
597 1406 764 1457 7·aqynthe‚

136 1468 210 1497 tua.
254 1458 379 1495 Simile
399 1457 486 1508 quid
509 1458 546 1495 in
576 1458 764 1509 Euripidis

137 1510 301 1561 Antiope
319 1511 448 1546 leftum
472 1509 574 1547 fuiffe
598 1511 644 1547 de
673 1511 764 1547 Arn-

163 1562 285 1605 bione,
313 1561 505 1611 colligebat
551 1575 598 1599 ex
645 1561 764 1598 Probo

136 1574 380 1650 {falkenarius
403 1612 571 1650 Diatribe
596 1627 678 1664 pag.
699 1614 762 1650 66.

136 1667 202 1715 67.
257 1664 365 1702 Probi
398 1664 505 1702 verba
535 1665 638 1702 sunt:
678 1666 762 1702 Am-

127 1717 280 1767 phionem
298 1727 329 1753 et
342 1716 482 1753 Zethum
501 1718 684 1765 Euripides,
699 1717 764 1765 Jo-

135 1774 192 1805 vis
207 1783 250 1805 ex
266 1768 411 1818 Antiopa
427 1767 631 1817 Nyc‘Jeifilia
653 1779 761 1812 natos,

133 1826 186 1856 ait
203 1821 366 1856 cantando
384 1822 517 1869 poluff
530 1830 682 1856 armenta
698 1836 760 1857 vo-

134 1887 223 1908 care.
280 1870 318 1906 Si
351 1871 442 1907 refie
476 1872 549 1907 haec
585 1883 605 1906 a
640 1869 760 1907 Probo

133 1922 264 1972 scripta
280 1921 375 1965 sunt,
400 1922 560 1959 firmatur
575 1920 660 1958 inde
686 1922 758 1959 lec-

133 1972 188 2011 'tio
223 1973 375 2011 Codicis
404 1973 443 2010 in
475 1972 635 2023 Propert.
670 1973 696 2010 1.
725 1987 758 2012 e.

132 2027 247 2064 Prata
267 2035 511 2063 cruentantur:
538 2025 660 2062 Zethus
686 2031 760 2062 vic-

124 2088 241 2128 torque
258 2076 398 2114 canebat
416 2079 460 2115 P.
506 2076 606 2115 Nam
624 2075 760 2126 frigent

132 2130 245 2168 Prata
276 2128 388 2173 Zethi,
413 2129 544 2166 durum
572 2128 621 2165 est
649 2129 760 2166 Prata

131 2191 347 2219 cruentantur
365 2181 494 2226 Zetho,·
522 2191 573 2226 et,
602 2194 681 2230 quae
697 2180 760 2217 alii

131 2233 346 2281 conjef‘cant,
366 2235 410 2270 P.
440 2248 468 2270 c.
496 2232 579 2276 late,
597 2233 654 2269 vel
681 2245 760 2282 quae

132 2283 324 2334 'conjefiari
355 2284 496 2334 poffint,
527 2298 563 2321 v.
592 2297 625 2321 c.
662 2283 760 2321 laetus

129 2341 298 2386 ‘cibhrque
314 2351 342 2372 c.
362 2335 503 2373 lubrica
518 2335 611 2373 sunt.
646 2334 760 2388 Qod

130 2387 277 2423 tandem
292 2387 522 2436 Aracynthus
539 2389 677 2426 Aaaeus
694 2400 756 2424 vo-

130 2448 248 2483 catur,
275 2447 361 2488 puta
387 2451 430 2475 eo
464 2439 632 2489 speRare,
658 2439 757 2488 quod

130 2503 235 2527 mons
254 2490 316 2527 ille
332 2489 401 2527 fuit
425 2489 464 2527 in
490 2489 620 2527 finibus
651 2490 756 2527 Boeo-

129 2542 191 2583 tiae
215 2552 250 2578 et
284 2542 433 2584 Atticae‚
461 2542 556 2578 unde
591 2543 756 2588 Adam-,-

130 2593 248 2630 omnis
265 2593 361 2630 euim
383 2592 507 2630 Attica
526 2594 648 2632 Affaea
663 2593 757 2632 dici-

130 2654 204 2690 tur,
236 2645 274 2683 h.
302 2658 334 2682 e.
369 2644 551 2688 littoralis,
595 2646 641 2682 ab
670 2653 757 2691 αέῖε,

130 2706 210 2746 quae
225 2709 291 2747 pro
310 2696 418 2734 littore
435 2696 584 2735 dicitur.
630 2697 758 2736 Sextus

129 2746 155 2784 1.
183 2747 208 2785 l.
228 2747 426 2799 Ἀξάκυνὲος
443 2753 501 2788 τῆς
519 2750 680 2788 Ἀττικῖς
697 2753 759 2790 {qno

129 2800 209 2848 ὅξος.
264 2801 367 2837 Add.
391 2799 512 2837 Barth.
538 2801 584 2858 qd
604 2801 694 2840 Stat.
720 2801 760 2839 ῙῙ

128 2848 249 2891 Theb.
276 2864 350 2901 239
378 2851 453 2891 Illa
489 2852 649 2904 (Diana)
673 2856 760 2905 suas

385 2916 410 2943 z

830 1250 864 1288 C
850 1251 959 1303 yntho
972 1258 1093 1292 comites
1110 1265 1208 1306 agat,
1220 1252 1291 1291 haec
1304 1251 1452 1299 (Pallas)

827 1306 1028 1356 Aracyntho,
1083 1305 1260 1355 Copiosus
1292 1306 1338 1341 ad
1365 1304 1402 1341 h.
1422 1304 1452 1342 l.

828 1356 947 1393 Cerda
967 1368 1002 1394 et
1022 1357 1218 1395 Martinus.

881 1422 942 1460 25.
971 1408 1001 1445 E
1032 1409 1191 1446 Theocr.
1211 1408 1286 1451 XI,
1307 1421 1355 1457 34
1375 1405 1454 1457 sqq.

828 1459 968 1497 Verum
983 1461 1022 1498 in
1038 1475 1081 1498 eo
1106 1461 1297 1497 commode
1313 1459 1387 1496 haee
1407 1460 1454 1494 de

828 1512 992 1563 Cyclope
1027 1512 1103 1549 dici
1143 1522 1336 1563 poterant3
1379 1522 1455 1547 non

828 1577 927 1613 aeque
946 1578 1040 1601 nunc
1057 1564 1103 1601 de
1120 1564 1270 1615 pastore,
1297 1562 1361 1612 qui
1379 1574 1455 1598 me-

826 1615 894 1652 lius
908 1615 1023 1660 fonte,
1052 1615 1146 1659 rivo,
1169 1614 1361 1664 amni,pro
1378 1612 1457 1663 spe·

826 1668 910 1703 culo
941 1667 1066 1705 utitur.
1121 1667 1174 1704 At
1204 1666 1346 1703 Servius
1376 1677 1456 1701 om-

826 1718 916 1754 nino
948 1728 1057 1769 negat
1086 1731 1182 1755 mare
1212 1731 1369 1768 unquam
1389 1717 1455 1753 effe

825 1769 907 1806 satis
925 1769 1172 1819 tranquillum,
1200 1779 1241 1806 ut
1256 1768 1456 1819 imaginem

826 1821 967 1858 reddat.
1022 1821 1180 1858 Videtur
1193 1820 1222 1857 is
1242 1821 1286 1858 de
1301 1822 1373 1858 alto
1392 1832 1455 1856 co-

825 1871 978 1922 gitass‘e3
1011 1885 1093 1909 nam
1128 1872 1174 1909 ad
1209 1872 1310 1909 littus
1348 1870 1456 1910 maris

824 1923 934 1960 facies
965 1923 1048 1960 satis
1072 1923 1266 1974 tranquilla
1288 1933 1323 1960 et
1340 1923 1457 1974 pellu-

824 1975 908 2012 cida
942 1975 1007 2012 effe
1035 1976 1172 2026 potest:
1202 1975 1300 2014 conf.
1333 1975 1456 2011 Cerda

823 2036 859 2063 et
879 2027 1001 2064 Burm.
1031 2027 1158 2064 Servio
1174 2037 1291 2064 tamen
1313 2026 1454 2064 obtem-

822 2087 991 2129 perarunt
1008 2078 1088 2123 alii,
1115 2077 1153 2115 in
1171 2078 1226 2116 his
1247 2078 1333 2116 Alb.
1350 2078 1455 2116 Gen—

824 2129 913 2173 tilis‚
956 2129 1019 2180 qui
1053 2131 1099 2166 de
1134 2131 1214 2168 lacu
1251 2131 1455 2170 Mantuano

825 2181 987 2232 accipere
1005 2182 1148 2227 maluit,
1168 2193 1207 2219 ut
1224 2183 1310 2220 AEn.
1324 2184 1356 2228 Ι,
1379 2196 1456 2242 224

824 2246 922 2270 mare
940 2234 986 2270 de
1015 2233 1187 2271 Timavo.
1240 2236 1353 2285 Qum
1372 2236 1455 2286 plaF

822 2287 927 2322 eidam
952 2289 1063 2322 ventis
1084 2289 1196 2336 staret
1226 2303 1333 2331 mare,
1367 2287 1404 2324 h.
1433 2301 1456 2325 a

824 2337 954 2380 ventis,
980 2349 1042 2387 per
1057 2347 1194 2375 ventos,
1213 2352 1248 2375 v.
1280 2338 1347 2376 inf.
1379 2339 1453 2377 Ge.

823 2387 897 2433 IV,
927 2392 1017 2438 484.
1049 2388 1097 2425 cf.
1132 2388 1274 2428 Tibull.
1309 2390 1383 2435 IV,
1416 2404 1454 2437 1,

826 2443 910 2479 126.
957 2439 1128 2490 Explicat
1160 2440 1294 2480 Seneca
1320 2443 1453 2495 Qaest.

821 2501 895 2530 nat.
924 2490 962 2527 V
993 2505 1047 2542 pr.
1102 2493 1223 2545 Itaque
1242 2496 1285 2542 fi
1310 2493 1453 2544 legeris:

823 2542 949 2596 Qum
980 2541 1165 2594 placidum
1201 2544 1314 2582 ventis
1348 2545 1454 2583 staret

823 2608 935 2639 mare,
949 2599 1033 2644 scito
1063 2593 1154 2632 illud
1179 2612 1243 2634 non
1268 2600 1373 2645 stare,
1390 2599 1458 2647 st’d

822 2646 946 2684 leviter
956 2649 1099 2695 fitecuti,
1134 2658 1166 2684 et
1195 2649 1261 2686 dici
1286 2649 1453 2700 tranquil-

822 2697 905 2741 lum,
932 2705 1011 2750 quia
1038 2713 1094 2735 nec
1114 2698 1178 2736 huc
1206 2716 1261 2738 nec
1284 2700 1360 2737 illuc
1390 2706 1451 2737 im-

815 2759 928 2800 petum
961 2756 1084 2799 capiat.
1146 2750 1205 2787 Est
1236 2752 1305 2788 hoc
1332 2751 1452 2801 philo·

824 2800 927 2851 sophi
961 2800 1172 2850 argutantis.
1218 2802 1452 2854 Qantopere

825 2851 966 2896 Taffus,
997 2853 1084 2892 dum
1116 2853 1265 2894 eandem
1301 2866 1374 2891 rem
1409 2854 1448 2896 iu

1302 2907 1449 2954 Amynta
