1821 3381
326 306 861 365 GEORGICON,
913 305 1066 354 LIB.
1126 309 1169 355 1.

1319 308 1405 357 261

163 441 231 488 At
254 440 516 488 rubicunda
543 441 681 487 Ceres
706 441 865 487 medio
887 438 1147 486 succiditur
1170 439 1282 487 aestu
1298 463 1314 495 ς

95 527 162 581 Et
186 534 344 581 medio
367 533 505 579 tostas
530 532 644 579 aestu
671 533 778 578 terit
801 547 908 578 arca
931 531 1104 595 frugeS.

95 625 267 672 Nudus
291 641 381 680 ara,
418 623 512 670 sere
534 623 686 670 nudus
706 641 716 669 ε
740 624 890 670 hiems
918 624 1086 687 ignava
1109 624 1295 671 colono.

96 714 371 779 Frigoribus
382 728 521 778 parto
531 714 755 777 agricolae
769 715 1053 778 plerumque
1064 715 1300 774 fruuntur,
1317 729 1413 777 300

97 805 362 869 Mutuaquc
386 806 506 852 inter
530 804 574 852 se
592 805 692 852 laeti
716 805 935 852 convivia
957 817 1138 859 curant.

137 973 210 1007 297.
223 966 396 1006 fiai-inditur
413 965 516 997 Goth.
532 966 591 997 sec.

682 965 758 1007 298.
781 964 863 1008 astas
877 963 956 996 alios
970 962 1087 995 habere
1113 961 1261 994 Reifkius
1282 963 1415 997 notabat

93 1015 177 1046 forte
201 1026 259 1057 pro
285 1019 545 1058 coHas·--—299.
567 1029 621 1046 ara
637 1018 732 1058 etse-re
746 1015 839 1046 Leid.
855 1025 903 1056 pr.
949 1015 1036 1044 colono
1061 1014 1096 1056 est
1114 1013 1267 1044 Rottend.
1284 1015 1366 1044 alter
1381 1019 1416 1048 et.

93 1067 218 1099 Medic.
249 1067 366 1106 Pierii;
393 1068 426 1098 in
453 1066 523 1098 aliis
549 1069 660 1098 colonis.

91 1209 152 1256 lit,
195 1207 292 1262 quasi
351 1222 501 1250 tremere
549 1211 718 1249 videtur:

92 1263 179 1300 AEn.
200 1263 235 1299 V
240 1262 292 1308 II,
310 1267 385 1313 463
406 1265 535 1301 undam·
563 1263 721 1306 ahenum,

93 1313 180 1352 hinc
199 1317 323 1352 undam
341 1314 439 1351 idem
460 1314 610 1350 mustum
625 1313 721 1350 dixit

93 1366 268 1403 ebulliens
285 1376 321 1403 et
339 1366 536 1403 exundans.
577 1363 722 1402 Fronde

93 1426 229 1463 autem,
264 1417 357 1454 forte
396 1416 601 1468 pampinea,
641 1415 737 1466 spu-

94 1481 190 1506 mam
221 1468 403 1513 auferunt,
430 1469 518 1506 dum
535 1467 721 1506 defrutum

91 1519 245 1559 faciunt.

145 1584 233 1622 297.
253 1571 401 1609 Meffem
432 1571 485 1608 ait
511 1571 578 1608 effe
603 1569 721 1608 secan-

91 1622 178 1660 dam
210 1633 247 1661 et
281 1624 463 1661 terendam
497 1624 598 1660 medio
624 1625 717 1671 aestu.

94 1676 195 1714 Ceres
246 1675 444 1718 rubicunda,
495 1687 575 1724 quae
632 1674 720 1712 alias

80 1729 208 1774 flava,
238 1726 324 1777 quia
341 1726 485 1770 rubent,
512 1725 719 1770 flavescunt,

92 1776 216 1815 aristae.
281 1777 488 1814 Columella
516 1776 570 1819 II,
601 1791 664 1821 21,
694 1791 714 1814 2

88 1829 269 1880 aqualiter
299 1828 511 1866 flaventibus
541 1831 624 1879 jam
666 1828 717 1864 sa-

91 1881 154 1925 tiS,
181 1892 358 1932 antequam
385 1896 428 1918 ex
449 1890 510 1918 toto
533 1895 651 1930 grana
668 1886 719 1916 in-

89 1935 277 1981 durescant,
294 1945 378 1969 cum
396 1931 638 1968 rubicundum
657 1944 719 1969 co-

86 1985 202 2023 lorem
219 1993 414 2028 traxerunt,
442 1983 541 2032 meffis
554 1985 720 2034 facienda

84 2037 146 2085 ιβ.
200 2035 252 2072 At
276 2035 323 2072 de
339 2037 439 2072 medio
459 2037 540 2086 aestu
556 2033 718 2071 dubitari

88 2086 224 2138 potest:
252 2087 339 2124 fitne
373 2086 480 2124 media
512 2089 638 2136 aestate,
670 2098 717 2122 an

88 2140 190 2176 medio
205 2139 256 2175 die
265 2141 393 2187 aestiw.
422 2137 523 2174 Prius
537 2151 620 2175 cum
639 2136 718 2187 sqq.

88 2189 319 2227 conveniret:
366 2203 450 2226 cum
485 2189 531 2226 de
582 2188 718 2226 satione

87 2251 124 2278 et
167 2242 326 2278 aratione
361 2241 473 2278 etiam
507 2249 604 2277 certa
633 2240 718 2276 anni

87 2302 188 2343 parte
203 2291 369 2329 facienda
393 2291 614 2342 praecipitur.
670 2290 718 2328 Et

88 2344 135 2381 de
153 2344 253 2381 mess'e
265 2355 393 2381 mature
392 2345 559 2394 facienda
572 2351 718 2380 monent

87 2395 153 2433 alii
170 2407 335 2446 quoque:
374 2409 408 2433 v.
443 2394 591 2432 Colum.
628 2394 654 2431 l.
689 2394 715 2431 1.

87 2446 254 2483 Omnino
299 2447 366 2483 hoc
412 2446 508 2485 idem
552 2446 718 2496 praecipit

89 2496 239 2535 Hefiod.
278 2511 345 2548 57¹
369 2494 464 2548 sqq„
492 2496 555 2534 ubi
574 2505 713 2534 tanturn

86 2548 195 2592 abest,
224 2559 262 2586 ut
280 2549 325 2586 de
344 2561 450 2599 opere
466 2561 528 2600 per
554 2548 716 2586 medium

88 2599 188 2637 diem
218 2601 380 2651 urgendo
411 2610 510 2651 agat,
537 2608 577 2636 ut
604 2598 714 2636 etiam

87 2664 192 2691 mane
208 2651 427 2702 surgendum
444 2663 480 2688 et
506 2651 715 2688 metendum

85 2704 152 2741 effe
186 2712 340 2741 moneat.
393 2703 441 2740 Et
469 2703 629 2740 Theocr.
665 2700 716 2748 X,

87 2757 234 2805 48—-51
263 2753 369 2791 fimili
398 2754 508 2791 modo
536 2754 582 2792 de
609 2754 715 2791 tritu-

83 2806 226 2849 „tatione
242 2805 427 2858 praecipit3
455 2816 609 2856 utroque
633 2805 717 2843 loco

749 1076 825 1107 300.
838 1069 979 1108 feruutur
1005 1065 1130 1096 Medic.
1157 1075 1176 1096 a
1206 1074 1251 1096 m.
1278 1074 1328 1106 pr.

784 1210 938 1248 meridie
979 1208 1198 1259 requiescere
1244 1209 1418 1258 jubentur

784 1260 966 1311 agricolae.
1041 1260 1151 1312 Qod
1198 1260 1416 1310 colligendae

784 1313 864 1349 sunt
899 1312 1027 1360 'fruges
1087 1311 1151 1348 sub
1196 1312 1415 1357 diluculum,

785 1364 874 1401 alias
892 1363 1023 1401 cauffas
1033 1362 1152 1401 habet.
1171 1363 1222 1402 cfi
1245 1363 1415 1414 Geopon.

786 1415 840 1458 II,
871 1428 932 1466 25·
990 1414 1177 1459 Posterius,
1204 1417 1304 1452 medio
1348 1417 1414 1458 die,

785 1467 975 1518 respiceret
1026 1467 1274 1504 antecedentia
1326 1469 1415 1516 289.

787 1531 876 1568 290,
930 1518 978 1555 Et
996 1517 1074 1568 sup.
1095 1517 1176 1556 Ecl.
1195 1517 1248 1563 II,
1272 1531 1332 1559 11,
1352 1517 1416 1555 ubi

783 1570 831 1606 de
848 1569 969 1607 medio
987 1568 1068 1606 die:
1099 1568 1140 1606 N
1143 1569 1416 1619 unc—Thesty-

781 1620 826 1660 lis
841 1632 874 1658 et
891 1622 1005 1671 rapido
1009 1621 1105 1671 fiffis
1130 1621 1312 1672 mcffiribus
1334 1624 1416 1671 cestu

782 1682 854 1710 etc.
907 1672 981 1710 Inf.
1006 1671 1080 1716 IV,
1106 1685 1176 1720 401
1201 1673 1281 1722 Ipfiz
1299 1688 1356 1724 ego
1367 1683 1423 1716 te‚·

782 1726 898 1761 medios
925 1740 996 1761 cum
1011 1724 1070 1772 sol
1092 1728 1219 1761 accendi
1229 1731 1273 1761 rit
1303 1727 1414 1774 czstm,

783 1776 997 1824 Cumsttiunt
1015 1774 1128 1812 herb-fe
1152 1785 1221 1812 etc.
1278 1776 1413 1812 Secun-

782 1828 871 1864 dum
897 1826 973 1864 haec
1002 1826 1128 1870 fateor,
1155 1826 1413 1876 procliviorem

783 1891 841 1915 me
865 1891 961 1915 nunc
1006 1879 1072 1915 effe
1098 1878 1137 1915 in
1165 1890 1244 1915 eam
1275 1878 1414 1917 senten-

781 1929 887 1972 tiam,
904 1939 944 1967 ut
973 1932 1075 1968 medio
1101 1932 1181 1979 (estu
1210 1930 1266 1974 fit,
1295 1930 1415 1967 calore

783 1981 918 2026 aestivo,
945 1981 1067 2019 medio
1082 1981 1154 2018 die.
1208 1985 1297 2032 298.
1317 1983 1413 2019 Area

781 2039 858 2070 terit
862 2037 985 2085 finges
998 2047 1013 2071 .·
1028 2033 1067 2069 in
1085 2045 1156 2083 qua
1173 2041 1351 2071 teruntur.
1374 2046 1411 2071 v.

780 2083 857 2135 sup.
874 2084 920 2121 ad
938 2099 974 2122 v.
999 2096 1083 2134 192.

835 2149 922 2185 299·
958 2135 1015 2173 Ex
1035 2134 1198 2173 Hesiodo
1217 2135 1330 2187 petita
1347 2136 1414 2173 esse

780 2187 862 2225 satis
893 2188 1043 2231 constat,
1081 2195 1177 2236 ’'Egy.
1211 2201 1298 2238 391.
1337 2200 1408 2237 392

780 2240 895 2287 γυμνὸν
919 2240 1071 2289 avelgem,
1090 2240 1203 2286 Ὺυμνόν
1224 2239 1256 2277 δὲ
1281 2242 1414 2282 βοωτεῖν

780 2302 851 2329 etc.
905 2290 1035 2329 Monet
1079 2302 1213 2336 autem,
1257 2301 1412 2335 mature,

780 2353 888 2393 atque
921 2343 1012 2379 adeo
1045 2343 1251 2386 aufflxmno,
1277 2343 1410 2380 aratio-

782 2407 861 2430 nem
880 2404 914 2430 et
926 2394 1099 2431 sationem
1110 2394 1176 2431 effe
1188 2393 1409 2439 faciendam,

779 2446 829 2483 cf.
849 2446 926 2497 sup.
957 2449 1031 2483 208
1046 2445 1098 2503 sq.
1117 2445 1170 2489 II,
1200 2458 1287 2496 315·
1319 2448 1408 2494 316,

780 2510 863 2535 cum
882 2506 986 2547 tepor
1012 2500 1107 2536 azius
1133 2496 1216 2534 satis
1247 2510 1410 2548 magnus,

780 2558 820 2585 ut
869 2559 989 2586 arator
1032 2549 1122 2586 veste
1169 2561 1241 2586 non
1288 2560 1407 2599 egeat.

780 2600 917 2638 Nudum
943 2601 1009 2638 effe
1037 2609 1175 2637 tantum
1204 2598 1324 2636 tunica
1354 2600 1409 2636 in-

779 2652 924 2694 dutum,
942 2662 1028 2701 toga
1038 2662 1099 2688 aut
1113 2652 1252 2702 paenula
1266 2651 1408 2701 rejecla,

777 2703 853 2755 post
884 2704 1023 2755 Cuperi
1063 2702 1165 2740 Obss.
1199 2701 1233 2746 I,
1260 2716 1281 2754 7
1325 2702 1408 2739 satis

777 2766 918 2793 notum.
973 2756 1088 2792 Hoems
1129 2761 1264 2805 {qna-va
1306 2753 1409 2791 colano

777 2807 843 2845 effe
859 2806 1011 2851 dicitur,
1029 2820 1109 2858 qua:
1126 2805 1296 2844 colonum
1313 2805 1406 2894 ostio-

1348 2870 1406 2893 um
