1987 3361
389 397 855 450 coRRECTOR
893 398 1224 452 LECTORI
1261 397 1320 466 s,

191 566 394 661 CUM
427 609 475 655 in
498 609 584 656 hae
619 609 826 656 editione
851 611 1126 658 excudenda
1149 613 1248 676 ipse
1263 619 1500 666 cormeto-

186 695 250 742 ris
273 704 473 747 tantum,
504 707 600 738 non
633 691 827 738 editoris
863 703 1015 755 partes
1044 692 1343 759 susceperim,
1382 701 1501 748 nihil

187 775 247 822 de
262 790 370 821 meo
386 772 659 820 addendum
682 774 860 836 putavi,
883 786 1058 836 praeter
1076 791 1247 839 paucas
1271 781 1499 841 quasdam

184 857 398 905 virorum
419 856 666 903 dodtorum
687 855 992 919 conjeeturas,
1015 875 1129 920 quas
1148 861 1269 908 mihi
1287 861 1410 910 visus
1435 865 1501 911 est

184 939 403 1000 Heynius
427 938 536 984 ideo
559 937 854 1002 praeteriisse,
893 941 1005 1002 quia
1027 941 1241 991 nesciret.
1312 945 1502 993 Mirum

185 1019 368 1067 fortasse
404 1021 642 1067 nonnullis
673 1021 873 1077 accidet,
919 1022 1157 1071 Addenda
1199 1026 1257 1072 ad
1282 1026 1502 1076 Indicem

183 1105 388 1153 seorsum
429 1103 670 1160 collocari,
718 1120 814 1151 non
837 1105 918 1152 suo
961 1106 1143 1169 singula
1186 1108 1296 1157 loco
1334 1111 1501 1160 intexi.

184 1192 261 1239 Sic
301 1190 448 1253 igitur
471 1205 540 1234 res
577 1188 624 1234 se
646 1189 803 1236 habet.
874 1191 1189 1255 Typographi
1220 1194 1411 1243 initium
1431 1198 1502 1244 la-

184 1276 314 1322 boris
335 1273 401 1321 sui
422 1272 480 1320 ab
506 1272 672 1319 Indice
692 1270 916 1329 fecerunt,
935 1275 1018 1336 qui
1043 1276 1245 1337 proinde
1268 1289 1391 1326 totus
1415 1296 1501 1327 ex-

184 1357 316 1406 cusus
372 1367 486 1414 erat,
541 1355 623 1401 diu
663 1366 918 1417 antequam
959 1356 1198 1406 Addenda
1243 1360 1292 1406 in
1332 1378 1497 1410 manus

183 1456 350 1487 eorum
367 1439 711 1502 pervenirent.*
768 1438 913 1502 Qod
937 1439 996 1485 ad
1019 1456 1214 1503 operam
1233 1460 1393 1491 meam
1427 1459 1501 1493 at·-

183 1521 318 1576 tinet,
329 1519 546 1581 quamvis
561 1519 694 1565 omni
708 1518 860 1564 studio
874 1519 1039 1566 enixus
1055 1521 1210 1578 fim,ut
1224 1541 1365 1587 quam
1378 1543 1498 1589 pau..

185 1601 361 1649 cisfima
400 1601 571 1647 menda
604 1601 992 1660 relinquerentur,
1028 1619 1188 1651 vereor
1230 1618 1404 1665 tamen,
1438 1627 1498 1658 ne

184 1686 319 1747 plura
352 1682 593 1746 supersint,
634 1698 777 1743 quam
817 1696 897 1729 aut
931 1701 1020 1746 ego
1053 1686 1152 1749 ipse
1188 1702 1267 1736 aut
1303 1692 1497 1739 le&ores

184 1768 345 1814 velint.
417 1765 621 1811 Nullum
645 1777 822 1822 tamen,
866 1779 917 1811 ut
942 1766 1091 1828 spero,
1126 1771 1353 1819 mendum
1377 1779 1497 1824 tanti

183 1846 418 1894 momenti
442 1845 725 1901 invenietur,
752 1857 804 1891 ut
819 1845 1040 1893 leetorem
1062 1850 1366 1900 mediocriter
1380 1855 1496 1902 doc-

183 1941 287 1976 tum
310 1927 483 1974 morari
505 1925 660 1990 poffit.

248 2098 444 2146 Miserat
487 2097 708 2162 Heynius
760 2115 850 2146 una
897 2117 1009 2148 cum
1051 2103 1408 2156 Additamentis
1448 2123 1494 2157 et

185 2182 565 2231 Correaestionibus
584 2183 778 2229 brevem
797 2183 1147 2245 Praefationem,
1163 2204 1306 2250 quam
1326 2191 1496 2256 Typo-

180 2268 353 2334 graphi
376 2267 686 2332 seposueram,
703 2268 793 2314 toti
818 2269 995 2318 scilicet
1012 2272 1144 2335 operi
1162 2272 1266 2335 jam
1282 2275 1494 2323 absoluto

181 2354 568 2418 praeponendam.
691 2354 780 2401 Sed
843 2372 956 2402 cum
1019 2359 1201 2404 caeteris
1270 2359 1493 2405 omnibus

181 2436 372 2494 excufiS‚
421 2435 745 2500 praefationem
793 2450 1073 2499 quaererent,
1132 2441 1363 2502 nusquam
1417 2442 1493 2488 in-

182 2520 343 2566 venire
379 2533 647 2583 potuerunt.
719 2522 767 2569 Si
805 2533 964 2570 tamen
993 2524 1113 2570 bene
1135 2525 1351 2582 memini,
1388 2528 1492 2575 haee

236 2738 257 2758 ’¹‘
286 2732 409 2772 Video
437 2733 548 2771 etiam
577 2735 654 2785 post
680 2736 856 2774 secundas
884 2750 987 2774 curas
1027 2739 1191 2789 quaedam
1218 2740 1326 2778 verba
1353 2742 1489 2786 omitti,

181 2813 214 2839 e.
232 2814 272 2853 g.
298 2805 451 2854 janitor,
477 2803 576 2854 quod
595 2803 757 2844 occurrit
774 2805 859 2846 AEn.
875 2805 948 2852 VI,
975 2820 1065 2858 400.
1081 2807 1195 2856 VIII,
1212 2810 1299 2860 296.
