1821 3381
405 253 1002 314 GEORGICON,
1058 255 1224 304 LIB.
1272 256 1357 303 IV.

1428 269 1513 318 501

207 383 354 434 Illum
377 388 493 434 adeo
515 388 737 451 placuiffe
759 389 925 452 apibus
950 389 1182 436 mirabere
1205 405 1401 445 morem,

205 475 350 534 Quod
369 494 454 525 nec
480 480 738 528 concubitu
763 480 1028 544 indulgent,
1047 497 1130 528 nee
1149 480 1519 543 corporasegnes

201 564 263 613 In
287 568 518 616 Venerem
542 569 741 627 solvunt,
766 582 846 617 aut
872 554 989 618 fetus
1015 570 1200 617 nixibus
1222 571 1312 617 edu
1331 581 1384 616 nt
1421 589 1430 616 ε

200 656 383 704 Verum
400 658 514 720 ipsae
536 675 561 705 e
585 659 711 705 foliis
736 672 866 707 natos
891 672 936 706 et
960 660 1179 707 suavibus
1203 661 1360 708 herbis
1421 675 1521 709 200„

198 746 297 794 Ore
319 749 482 812 legunt
502 773 513 803 ;
560 750 674 813 ipsae
698 768 858 814 regern
881 751 1144 815 parvosque
1168 752 1385 816 Quirites

198 837 461 899 Sufficiunt,
483 842 699 905 aulasque
724 855 769 890 et
792 859 924 891 cerea
949 860 1092 907 regna
1109 845 1350 906 refingunt
1369 866 1383 898 ;

241 984 312 1026 198.
331 987 512 1030 Qodneque
522 989 687 1019 Romanus
700 988 743 1029 (in
761 999 824 1030 quo
840 999 856 1018 a
873 999 902 1018 v.
919 978 959 1027 326
976 987 1016 1019 ad
1034 987 1093 1018 181
1112 986 1224 1017 lacuna
1241 987 1324 1027 erat)
1343 995 1415 1016 cum
1433 985 1514 1016 aliis-

192 1036 330 1066 concubito
368 1038 502 1068 Mentel.
541 1049 587 1080 pr.
681 1050 741 1080 199
787 1039 886 1081 ng'fibus
916 1039 1001 1069 Gud.
1031 1049 1049 1068 a
1079 1048 1122 1069 m.
1156 1037 1214 1067 sec.
1244 1037 1358 1068 nexibus
1390 1036 1511 1069 Medic.

193 1085 280 1118 Gud.
321 1098 339 1117 a
376 1098 420 1119 m.
454 1099 500 1129 pr.
537 1097 567 1120 et
600 1089 662 1120 duo
701 1089 791 1120 Leid.
822 1101 895 1120 cum
933 1091 1029 1120 Rom.
1093 1089 1214 1119 Eadem
1245 1088 1406 1119 diversitas
1428 1087 1511 1128 apud

191 1136 287 1169 Ovid.
307 1141 386 1169 Met.
416 1140 475 1175 IX,
505 1148 580 1181 294,
609 1148 740 1171 notante
764 1141 885 1178 Burm.,
908 1141 960 1171 sed
983 1148 1014 1171 et
1041 1140 1116 1171 alibi
1142 1140 1230 1181 saepe.
1324 1149 1394 1171 200.
1414 1140 1479 1182 ipsae
1495 1153 1510 1172 e

177 1187 263 1232 foliis
275 1189 386 1221 Heins.
401 1200 417 1220 e
435 1191 549 1222 Medic.
570 1191 706 1222 Gudian.
727 1193 845 1221 Moret.
863 1199 966 1232 quart.
990 1194 1100 1222 Franc.
1125 1191 1207 1222 Toll.
1255 1191 1304 1221 Sic
1320 1198 1351 1221 et
1368 1192 1510 1223 Roman⁴

189 1246 221 1270 et
239 1251 348 1271 omnes
365 1241 552 1272 Martiniani
566 1253 639 1272 cum
665 1242 734 1273 edd.
760 1242 921 1272 nonnullis
941 1250 1006 1276 ant.
1026 1252 1058 1274 et
1080 1243 1178 1273 Goth.
1201 1250 1344 1283 uterque.
1390 1251 1416 1272 et
1427 1242 1510 1284 filiis

187 1300 266 1323 natos
289 1301 315 1322 et
331 1292 484 1324 Rottend.
512 1300 584 1325 tert.
631 1294 679 1323 At
695 1292 765 1324 aliae
784 1304 856 1324 cum
873 1293 983 1334 vulgg.
1002 1307 1016 1324 e
1037 1294 1213 1331 omittunt3
1236 1293 1306 1324 sunt
1323 1292 1432 1330 etiam,
1454 1294 1510 1333 qui

187 1341 337 1372 ordinem
353 1351 491 1381 mutent,
505 1345 672 1386 natosfhliis
682 1358 692 1379 ,-
717 1352 753 1375 ut
775 1345 859 1385 apud
874 1345 1014 1375 Pierium
1031 1352 1062 1375 et
1082 1345 1114 1375 in
1130 1352 1208 1375 vett.
1226 1344 1296 1375 edd.
1343 1354 1424 1375 natas
1444 1344 1508 1374 Ca-

185 1402 284 1426 troeus
300 1393 410 1424 edidit.
455 1407 469 1425 e
487 1394 631 1438 suavibus
654 1396 746 1426 herbis
779 1395 948 1426 Mediceus
974 1403 1006 1425 et
1037 1395 1176 1426 Mentel.
1203 1405 1250 1436 pr.
1295 1394 1348 1438 scd
1364 1394 1506 1437 suavibus

188 1443 364 1475 Romanus.
457 1454 530 1476 201.
551 1446 745 1488 pabulumque
760 1448 892 1490 Qtirites
904 1446 1025 1477 Medic.
1050 1458 1066 1476 a
1086 1457 1127 1477 m.
1145 1457 1208 1488 pr„
1223 1445 1391 1476 manifesto
1404 1444 1508 1475 socor-

185 1494 247 1526 diae
271 1495 413 1537 vestigio.
461 1496 572 1527 Heius.
596 1505 704 1527 tamen
728 1497 802 1527 hinc
827 1496 982 1528 faciebat:
1004 1498 1165 1540 patulosque.
1259 1505 1333 1528 202.
1352 1509 1405 1540 que
1421 1496 1506 1527 abest

184 1548 325 1579 aFranc.
373 1548 505 1579 alvorum
517 1557 543 1579 et
559 1560 635 1580 cerea
652 1560 739 1591 regna
756 1548 975 1589 Longobard„
992 1559 1064 1579 curn
1081 1549 1113 1578 in
1137 1548 1207 1579 aliis
1223 1552 1294 1579 tefflz
1311 1547 1358 1584 sit,
1374 1547 1395 1578 fi
1416 1548 1504 1579 reete.

182 1597 272 1639 capio
290 1597 442 1628 Pierium.
487 1601 610 1629 Verum
643 1598 704 1629 hoc
734 1599 872 1629 deterius
903 1598 998 1630 effet:
1025 1609 1100 1630 nam
1128 1599 1160 1629 in
1186 1599 1289 1640 majus
1310 1605 1406 1639 auget
1433 1609 1503 1629 rem

181 1650 276 1690 poe'ta
288 1655 318 1679 et
335 1648 459 1678 alveare
474 1647 506 1678 in
528 1648 634 1679 aulam
651 1659 686 1679 ac
711 1659 850 1690 regnum
865 1656 979 1679 mutat.
1029 1649 1111 1679 Palox
1137 1649 1259 1691 refigunt
1279 1648 1378 1690 vulgo
1398 1648 1504 1679 editur

181 1699 255 1731 inde
268 1699 306 1730 ab
318 1699 433 1737 Aldd„
445 1699 529 1740 quod
544 1707 674 1730 tuentur
692 1699 815 1730 Medic.
838 1709 911 1729 cum
930 1699 998 1730 aliis
1015 1700 1104 1729 codd.
1122 1706 1151 1729 et
1166 1699 1236 1729 edd.
1255 1706 1346 1736 vett„
1361 1709 1417 1728 nec
1434 1709 1499 1730 non

181 1751 270 1780 Serv.
299 1757 330 1780 et
357 1749 539 1790 Philargyr.
585 1751 736 1793 refingunt,
759 1750 881 1780 editum
907 1749 973 1791 jam
1005 1761 1023 1780 a
1055 1750 1249 1780 Commelin.
1268 1758 1298 1781 et
1314 1750 1496 1786 Pulmann.‚

179 1808 310 1833 tuentur
326 1802 422 1832 Rom.
440 1801 559 1832 Medic.
588 1809 618 1832 et
650 1801 796 1842 quaedam
818 1800 878 1830 alia
906 1801 1002 1831 Pierii
1026 1800 1219 1841 exemplaria
1248 1801 1437 1842 antiquiora,
1461 1812 1498 1833 ex

179 1851 360 1882 Heinfianis
373 1851 514 1883 Mentel.
536 1863 586 1893 pr.
605 1852 760 1882 Rotrend.
774 1862 822 1892 pr.
838 1858 869 1881 et
885 1851 989 1888 Leid.,
1004 1851 1087 1882 forte
1105 1859 1135 1882 et
1159 1852 1212 1883 alii
1230 1853 1402 1883 Burmanni
1415 1852 1499 1885 libri,

179 1903 241 1935 Ed.
254 1904 340 1935 Ven.
354 1913 419 1935 tres
434 1903 580 1941 Martini,
597 1903 696 1934 Goth.
708 1902 767 1933 see.
781 1914 789 1940 ;
812 1910 843 1933 et
860 1901 963 1933 multo
980 1903 1083 1945 magis
1095 1903 1304 1945 grammatica
1316 1904 1410 1941 ratio,
1422 1914 1496 1934 cum

1457 1956 1500 1989 ἐξ·

867 2074 985 2100 cantes
1005 2077 1100 2115 apes,
1129 2064 1166 2101 in
1185 2065 1314 2114 quibus
1333 2066 1494 2104 nondum

233 2078 317 2118 197.
345 2066 442 2103 Inter
453 2066 569 2115 plures
584 2073 742 2122 veterum
756 2064 802 2101 de

173 2130 274 2170 apum
289 2124 496 2169 generaz'ioue
523 2129 708 2167 opmlones
726 2126 801 2152 erat

172 2171 283 2208 etiam
303 2170 398 2212 haec,
417 2181 489 2205 non
503 2167 610 2220 gigni
625 2182 689 2205 nce
704 2167 800 2204 nasci

171 2236 243 2266 eas,
279 2222 340 2258 sed
376 2233 420 2257 ex
457 2220 604 2256 fioribus
639 2218 722 2269 legi.
763 2232 797 2256 ν.

170 2274 322 2311 Aristot.
355 2272 408 2310 H.
439 2273 487 2308 A.
523 2271 575 2316 V,
607 2285 677 2313 213
706 2270 798 2307 adde

169 2339 252 2375 cap.
293 2339 350 2372 19.
384 2336 446 2361 22.
501 2323 593 2360 Plin.
631 2322 704 2366 XI,
737 2324 797 2364 16,

167 2376 250 2415 feet.
274 2377 332 2414 16.
388 2375 500 2412 Nunc
521 2375 695 2425 reginam,
722 2374 797 2409 vul-

166 2442 217 2480 go
233 2442 299 2479 pro
318 2441 399 2478 rege
426 2426 602 2470 habitam,
633 2437 796 2462 commu-

166 2493 248 2518 nem
265 2480 379 2530 stirpis
405 2479 586 2516 au&ore1n
614 2491 654 2513 ac
674 2488 795 2527 paren-

165 2540 255 2577 tem,
287 2531 363 2569 ovis
393 2529 578 2581 pariundis
602 2529 711 2565 solam
729 2540 792 2563 va-

164 2597 262 2628 care,
290 2583 362 2633 post
383 2578 729 2619 Swammerdammii
757 2588 792 2615 et

165 2634 379 2672 Reaumurii
410 2635 475 2682 (T.
499 2632 546 2669 V.
568 2634 726 2669 Menmire
743 2631 785 2677 9)

162 2686 425 2725 observationes
443 2683 643 2722 communis
660 2682 787 2732 opinio

161 2741 233 2784 est3
296 2738 392 2774 unde
426 2748 509 2773 mox
553 2734 789 2771 excludantur

159 2804 256 2842 apeS,
291 2803 374 2828 curn
401 2801 503 2825 novae
534 2796 676 2829 matres,
711 2795 787 2821 tum

160 2856 287 2887 mares,
324 2839 382 2880 seu
409 2839 504 2885 fuci,
538 2848 615 2876 tum
649 2836 787 2876 mellifi-

868 2117 938 2151 ulla
956 2116 1055 2153 sexus
1073 2127 1157 2152 nota
1176 2128 1312 2166 reperta
1342 2119 1388 2154 est
1406 2131 1414 2154 ε
1454 2129 1493 2154 ut

866 2169 955 2203 adeo
973 2181 1053 2218 apes
1071 2182 1153 2204 cum
1174 2168 1335 2205 formicis
1364 2182 1492 2207 novam

866 2219 1102 2256 animantium
1114 2219 1491 2265 classemconstituant,

865 2283 946 2319 quae
974 2270 1154 2322 triplicem
1173 2271 1294 2308 sexum
1311 2274 1490 2323 complec-

865 2330 970 2360 tatur.

921 2386 1131 2424 197—199.
1160 2372 1291 2411 Nova<
1315 2374 1488 2411 orationis

861 2424 984 2461 color:
1025 2425 1129 2461 Illum
1161 2426 1324 2462 mirabere
1336 2442 1350 2469 ‚·
1382 2425 1419 2462 h.
1453 2440 1485 2463 ρ..

860 2475 943 2518 alia,
963 2489 1074 2526 eaque
1093 2490 1157 2513 nec
1178 2478 1294 2513 minus
1308 2477 1410 2519 mira,
1425 2491 1486 2513 na-

859 2535 938 2563 tura
957 2528 1017 2571 est,
1045 2528 1143 2577 quod
1171 2528 1382 2564 concubitui
1414 2542 1485 2566 non

857 2576 1061 2627 indulgent,
1081 2592 1145 2615 nec
1165 2579 1391 2627 concipiunt,
1421 2594 1484 2617 nce

857 2630 1013 2678 pariunt.
1085 2630 1235 2668 Colum.
1272 2630 1344 2672 IX,
1385 2645 1420 2675 2,
1459 2648 1484 2682 4

855 2691 967 2718 ulrum
993 2682 1370 2719 stramina—concubitu
1386 2683 1483 2730 film-

853 2732 916 2769 lem
931 2744 1111 2781 procreem,
1128 2750 1174 2770 cm
1192 2734 1337 2770 heredem
1351 2742 1483 2784 generis

840 2785 1048 2832 fitistom'bus
1066 2784 1208 2838 Argunt,
1235 2785 1320 2836 quod
1333 2788 1484 2833 qffirmat

851 2837 954 2885 ncster
970 2837 1086 2876 Maro.

1407 2901 1479 2938 203
