1987 3361
441 266 911 348 conicrssus
966 291 1110 340 MSS.
1283 305 1430 338 mn

179 457 225 505 3.
260 438 424 487 Etiam
458 435 677 483 Gudianus
709 432 808 480 No.
849 444 930 491 131
975 427 1116 490 (164)
1154 426 1274 474 olim
1310 427 1431 474 Rot-

112 522 335 572 tendorfii
362 519 595 584 (adeoque
618 517 741 563 inter
764 530 856 569 eOS,
891 527 1008 575 quos
1043 507 1266 556 Heinfius
1289 525 1428 555 com-

110 605 338 671 paravit),
356 605 402 650 in
418 600 693 648 membrana
714 597 915 659 scriptus
941 609 1084 640 manu
1108 591 1216 638 satis
1233 590 1426 646 vetusta,

110 690 179 736 ita
212 700 265 736 ut
300 696 491 733 aetatem
528 695 762 729 annorum
799 676 1173 741 quingentorum
1208 673 1327 720 ferre
1349 672 1426 718 vi-

110 774 300 820 deatur:
325 769 468 814 habet
492 764 654 813 omnia
677 761 888 824 Virgilii.

173 872 222 913 4.
258 851 467 916 Qartus
502 849 721 896 Gudianus
751 845 848 892 No,
885 857 974 906 109
1009 841 1148 903 (238)
1184 838 1425 886 membra-

105 948 289 989 naceuS‚
312 929 718 995 quaternionibuS‚
739 925 953 975 continet
975 933 1164 970 tantum
1186 919 1417 984 Georgic.

109 1014 271 1061 libros,

170 1095 441 1157 Sequuntur
462 1107 487 1137 e
510 1089 806 1136 bibliotheca
831 1084 1199 1149 Guelpherbytana
1223 1083 1329 1131 sex:

177 1192 218 1224 1.
255 1176 351 1223 No,
391 1177 467 1232 82,
515 1189 572 1221 10
624 1172 890 1218 membran.
937 1183 1030 1226 12„
1065 1168 1150 1231 qui
1195 1165 1421 1214 Bucolica

106 1271 293 1306 tantum
315 1258 474 1314 habet,
509 1255 588 1302 sed
611 1253 836 1300 vetustus.

171 1358 216 1390 2.
252 1342 347 1389 No,
374 1342 453 1402 63,
491 1356 513 1401 5
547 1337 778 1385 duodenis
808 1334 1048 1398 oblongis.
1119 1330 1346 1379 Bucolica
1370 1341 1417 1377 et

105 1425 344 1489 Georgica
367 1422 575 1487 ejusdem
602 1420 772 1466 aetatis.

164 1523 211 1569 3.
246 1506 312 1552 N.
338 1523 384 1568 9,
411 1520 482 1560 11,
518 1502 836 1549 membranae.
863 1501 912 1547 in
931 1519 977 1561 4.
1007 1498 1084 1546 sed
1109 1497 1358 1545 recentior.

169 1607 216 1648 4.
253 1587 349 1633 No.
387 1601 459 1632 11.
495 1600 522 1646 3
550 1584 754 1630 membr.
781 1583 829 1629 in
858 1601 906 1643 4.
940 1582 1193 1637 recentior,
1227 1591 1416 1627 antece-

104 1668 247 1717 dente
267 1681 426 1716 tamen
449 1669 701 1730 antiquior.

173 1768 217 1818 5.
254 1753 350 1799 No,
378 1769 421 1814 3,
439 1766 508 1811 ,14
532 1750 736 1797 membr.
760 1749 810 1795 in
833 1766 880 1807 4.
903 1747 1153 1793 recent-ior.

168 1838 214 1885 6.
250 1836 345 1882 No.
381 1852 407 1898 7
444 1834 527 1881 fol.
563 1833 836 1879 chartaceus
854 1855 867 1886 ;
900 1830 950 1876 in
981 1831 1077 1876 fine
1103 1827 1414 1891 adscrIptum,

101 1920 190 1968 efl'e
212 1937 322 1968 eum
346 1930 589 1966 exaratum
611 1935 653 1964 a.
682 1932 820 1978 1457.

169 2003 318 2050 Porro
351 2004 429 2049 duo
455 2001 597 2049 codd.
627 2001 755 2047 Petri
782 1999 994 2054 Danielis,
1029 1998 1111 2060 qui
1142 2011 1267 2042 nunc
1299 1995 1416 2041 Ber-

103 2105 167 2134 nae
197 2089 321 2134 inter
358 2086 659 2149 Bongmssanos
698 2083 1015 2130 adservantur.
1085 2080 1223 2126 Alter
1254 2078 1413 2126 vetus-

102 2171 197 2218 tior
228 2170 481 2233 Georgica,
531 2181 637 2215 tum
675 2167 897 2229 Eclogas,
931 2163 1126 2211 tandem
1154 2161 1412 2208 AEneidem

101 2254 310 2311 exhibet,
343 2251 418 2299 sed
441 2251 488 2297 in
513 2251 637 2297 libro
660 2250 703 2297 V
726 2250 906 2306 deficit,
939 2248 1056 2294 alter
1076 2246 1307 2292 recentior
1328 2243 1409 2291 est.

103 2336 222 2384 Sunt
253 2337 370 2384 adeo
394 2336 444 2392 ii,
484 2352 602 2399 quos
633 2336 709 2397 Jo.
737 2334 864 2382 Rud.
899 2334 1068 2379 Sinner
1090 2332 1138 2378 in
1179 2331 1412 2394 Catalogo

107 2418 261 2465 Codd.
282 2417 391 2464 Mff.
415 2417 640 2464 biblioth.
661 2414 882 2462 Bernens.
906 2424 1140 2460 memorat
1156 2428 1268 2475 pag.
1295 2412 1352 2473 63
1367 2426 1406 2469 Ι,

101 2520 148 2549 n.
180 2508 283 2561 184,
307 2516 416 2563 pag.
440 2500 550 2562 633,
583 2518 630 2546 n.
655 2514 766 2560 411,
787 2498 869 2544 etfi
892 2497 1075 2545 diversa
1097 2496 1156 2542 ab
1178 2495 1275 2542 istis
1300 2511 1409 2540 nar-

101 2587 193 2633 rari
217 2587 294 2632 hic
320 2587 552 2633 videntur.
611 2585 749 2631 Idem
772 2583 858 2630 Vir
879 2583 954 2629 Cl.
973 2599 1023 2646 p.
1049 2579 1259 2641 626-63
1269 2592 1290 2641 5
1322 2594 1409 2625 co-

101 2669 229 2716 dices
252 2669 444 2733 Virgilii
467 2670 581 2716 alios
604 2684 661 2715 ex
685 2668 852 2715 eadem
874 2666 1167 2714 bibliotheca
1189 2677 1407 2710 comme-

104 2762 255 2797 morat
275 2774 286 2805 ;
308 2750 368 2797 de
390 2749 615 2798 codicum
635 2761 796 2796 tamen
817 2744 1276 2811 bonitatejudicium
1295 2741 1406 2789 inde

710 2845 742 2880 e
772 2843 808 2882 2
1255 2825 1408 2873 facere
