1987 3361
258 276 359 339 'DE
405 254 779 338 cARMiNE
818 285 1235 335 BucoLICO.
1369 315 1396 359 9

100 422 216 472 Sunt
241 423 406 470 multae
442 433 596 485 partes
626 432 672 468 et
694 419 823 467 casus
847 419 960 466 vitae
984 420 1184 476 rusticae,
1217 435 1325 482 quae
1351 419 1402 465 in

95 505 192 551 alio
230 504 348 550 forte
391 504 600 550 carmine
648 501 847 549 feliciter
882 500 1162 547 adumbrata
1216 502 1402 563 placere

97 589 317 652 poffunt3
354 585 429 633 sed
456 586 506 631 in
528 584 682 631 nostro
705 597 876 646 genere
891 594 1077 628 tantum
1103 599 1156 628 ea
1188 582 1292 629 sunt
1316 582 1402 628 ad-

96 669 345 726 mittenda,
378 683 485 731 quae
505 665 718 720 otiosam,
742 663 968 720 securam,
991 664 1188 711 liberam
1220 679 1266 711 et
1293 681 1402 711 om-

98 751 235 797 nibus
271 751 394 796 curis
433 748 637 794 solutam
681 745 979 808 negotiisque
1008 762 1209 792 vacuam
1253 747 1403 792 vitam

37 829 40 832 ’
98 833 321 881 exhibere
369 844 414 878 et
460 829 686 893 subjicere
730 827 935 874 sensibus
991 827 1156 874 nostris
1201 828 1403 890 possunt,

95 916 247 980 qualis
277 930 440 961 eorum
472 911 724 958 hominum
758 921 805 956 et
826 910 945 956 olim
969 909 1075 966 fuit,
1096 922 1142 956 et
1174 910 1328 956 adhuc
1353 910 1401 955 in

93 997 257 1062 paucis
281 992 564 1059 quibusdam
586 993 720 1039 terris
742 992 822 1048 est,
854 992 937 1054 qui
961 993 1177 1039 nondum
1210 993 1256 1039 in
1281 994 1404 1039 civi-

94 1092 212 1127 tates
251 1076 424 1126 redae&
459 1089 538 1122 aut
571 1073 762 1137 imperii
798 1074 956 1136 aliqua
990 1073 1141 1121 forma
1178 1075 1405 1139 descripti

95 1159 228 1207 sunt:
266 1157 365 1221 Qi
389 1156 606 1203 homines
630 1171 743 1202 cum
777 1166 857 1200 aut
892 1155 1140 1201 venatione
1179 1168 1259 1202 aut
1293 1157 1403 1219 pas-

94 1242 223 1290 tione
240 1240 421 1287 vidtum
445 1248 673 1302 quaerant,
708 1253 818 1282 nam
841 1252 952 1283 cum
977 1238 1183 1284 aratione
1200 1251 1246 1285 et
1266 1256 1404 1305 mag..

95 1338 179 1373 'nos
223 1325 475 1372 hominum
519 1333 673 1370 coetus
712 1321 821 1384 cogi
868 1331 926 1368 etv
954 1323 1151 1368 naturali
1191 1322 1405 1371 libertate

95 1410 203 1457 exui
225 1407 402 1456 neceffe
432 1406 510 1463 est,
544 1420 753 1467 cumque
788 1404 977 1450 venatio
1013 1404 1219 1451 multum
1244 1405 1405 1452 ferita-

95 1492 153 1538 tis
176 1491 372 1544 habeat3
408 1505 587 1545 eorum,
622 1487 705 1550 qui
731 1486 955 1550 gregibus
986 1485 1229 1549 pascendis
1254 1487 1404 1534 libere

94 1589 181 1636 per
219 1573 352 1619 silvas
380 1570 669 1633 camposque
700 1580 947 1632 vagantur,
982 1568 1079 1614 vita
1107 1580 1153 1614 et
1188 1570 1401 1616 minimis

94 1655 232 1702 malis
256 1654 435 1701 laborat
457 1665 502 1699 et
537 1649 760 1699 maximis
792 1649 1110 1714 plurimisque
1145 1651 1282 1699 bonis
1317 1670 1405 1701 cu-

92 1740 273 1784 mulata
295 1737 375 1784 est.
446 1736 503 1782 In
532 1733 753 1781 [reflando
787 1733 947 1795 itaque
982 1733 1227 1795 pastoritio
1259 1751 1409 1799 argu-

94 1834 260 1870 mento
301 1819 457 1884 po'e'tae
500 1818 752 1866 neceffario
789 1817 857 1863 ita
892 1816 1172 1864 versandum
1215 1818 1318 1876 erit,
1351 1831 1404 1866 ut

95 1906 269 1968 partim
292 1903 533 1967 pastorum
567 1902 662 1949 suae
698 1901 854 1964 gentis
888 1899 1212 1947 conditionem
1251 1900 1405 1956 malis,

93 1985 451 2050 quibuscunque
469 1983 719 2047 premitur,
749 1982 1042 2046 cogitatione
1064 1981 1247 2038 liberet,
1280 1981 1405 2028 bona

92 2079 252 2115 autem
274 2068 436 2114 omnia
454 2065 618 2130 paffim
640 2065 690 2111 in
720 2081 774 2112 ea
793 2065 936 2111 obvia
954 2075 1000 2110 et
1021 2061 1198 2127 majora
1220 2062 1405 2120 efficiat,

94 2164 140 2198 et
166 2152 212 2198 in
239 2166 388 2198 unum
409 2149 630 2213 congesta
652 2149 716 2196 ita
738 2149 950 2214 fingendi
973 2148 1165 2194 licentia
1194 2160 1405 2205 exornet,

93 2246 147 2281 ut
193 2231 606 2280 cumulatiffimam
649 2230 878 2278 felicitate
916 2231 1067 2277 vitam
1118 2228 1402 2283 adumbrct;

93 2317 271 2379 partim
297 2313 356 2361 ad
381 2312 557 2360 fabulas
580 2313 639 2359 de
661 2313 930 2376 primorum
963 2311 1216 2360 hominum
1237 2311 1334 2358 vita
1358 2323 1404 2358 et

95 2410 232 2446 aetate
256 2415 407 2455 aurea,
441 2415 526 2445 nec
560 2416 654 2445 non
687 2399 747 2446 ad
772 2398 1062 2445 narrationes
1087 2395 1179 2442 five
1212 2395 1270 2442 de
1301 2412 1404 2442 ma-

87 2482 250 2544 jorum
274 2483 385 2540 vita,
418 2496 674 2546 antequam
709 2500 794 2547 per
822 2484 952 2530 vicos
986 2494 1031 2529 et
1054 2482 1192 2528 urbes
1215 2480 1406 2526 habita-

93 2577 216 2623 runt,
252 2565 345 2613 five
369 2566 428 2614 de
464 2568 754 2630 populorum
783 2566 1065 2615 Nomadum
1086 2564 1405 2627 pastoritiam-

94 2666 187 2712 que
209 2649 358 2696 vitam
395 2651 639 2713 agentium
676 2651 890 2698 moribus
914 2661 960 2696 et
984 2648 1209 2695 institutis
1233 2646 1405 2694 confu-
1425 2689 1429 2692 .

95 2733 195 2800 giat
218 2743 263 2778 et
286 2731 397 2777 hinc
437 2730 518 2777 suo
540 2744 820 2794 argumento
843 2730 1023 2777 colores
1046 2739 1192 2790 petat.

160 2818 271 2880 jam
312 2831 409 2862 non
454 2829 627 2876 magna
660 2812 838 2878 judicii
895 2810 1156 2860 subtilitate
1191 2807 1404 2870 indigere

1217 2892 1404 2939 videtur
