1821 3381
323 273 870 331 GEORGICON,
923 272 1078 320 LIB.
1127 272 1223 325 ΙΙΙ.

1328 291 1426 342 409

110 413 307 478 Deficit,
339 412 461 460 abde
483 412 629 460 domo
643 435 657 467 ς
692 427 778 458 nec
802 409 930 474 turpi
948 408 1140 474 ignosce
1162 407 1377 456 senecstae.

111 505 339 570 frigidus
363 504 413 550 in
435 503 670 550 Venerem
693 501 860 560 senior,
895 501 1157 566 frustraque
1181 501 1396 549 laborem

156 653 209 695 95.
232 661 258 685 et
277 655 355 696 turpi
378 660 433 685 aut
457 655 584 696 turpique
599 652 769 684 emendare
791 651 921 683 voluere
937 651 999 683 viri
1015 651 1103 683 doffi
1129 652 1214 693 apud
1230 653 1355 690 Burm.‚
1378 650 1431 686 sed

112 703 182 750 rvid.
199 705 277 735 Not.
310 706 421 746 fiuefla
438 705 527 734 Gud.
544 714 563 734 a
579 713 624 734 m.
642 714 689 745 pr.

114 757 145 788 in
163 755 385 796 Ves1e›·efig11ior
403 754 528 784 Medic.
550 763 568 783 a
591 761 636 782 m.
654 762 703 794 pr.

114 885 202 924 tulit
215 884 242 935 ἔ)
261 885 448 928 Saturnus,
466 897 549 922 cum
566 886 652 934 equi
666 884 742 936 spe-

113 936 210 974 ciem
245 937 457 980 affumfiffet,
485 947 525 973 ut
560 935 653 972 furta
682 936 744 973 sua

116 1002 201 1026 cum
211 989 370 1038 Philyra,
386 987 525 1025 Oceani
536 987 610 1024 filia
629 989 745 1037 (unde

115 1039 262 1078 Chiron
277 1040 419 1087 natus),
444 1039 483 1076 in
503 1038 604 1076 Pelio
622 1040 742 1089 Opem

116 1091 262 1130 celaret.
289 1105 326 1127 v.
356 1091 529 1141 Apollon.
556 1090 611 1132 II,
645 1093 742 1138 1236

116 1142 172 1194 'sq-
201 1142 377 1193 Apollod.
397 1142 431 1186 I,
462 1155 501 1186 2,
528 1155 566 1189 4.
596 1142 742 1192 Hygin.

117 1194 147 1232 f.
168 1197 252 1243 138.
306 1192 444 1231 Probus
456 1193 502 1230 ad
516 1193 553 1230 h.
574 1194 600 1230 1.

170 1245 236 1297 96,
265 1244 392 1282 Parum
409 1245 599 1282 diuturnus
613 1245 660 1282 est
688 1243 743 1280 vi-

119 1310 190 1349 gor
217 1296 302 1347 equi
330 1295 550 1333 admifl‘arii:
579 1296 666 1332 hinc
683 1309 743 1332 ne·

119 1349 252 1392 ,ceffitas
272 1348 448 1398 impolita,
477 1346 628 1385 subinde
660 1347 742 1384 sub-

120 1399 290 1446 mittendi
307 1400 420 1437 alium
449 1398 513 1448 (vs.
541 1399 630 1450 73).
656 1399 742 1436 abde

120 1454 224 1494 domo,
251 1467 307 1489 nec
333 1457 425 1501 turpi
451 1454 571 1501 {gnqsce
585 1454 742 1500 firzeHae.

122 1502 237 1541 Varie
254 1512 408 1539 tentatus
424 1502 469 1538 ab
482 1501 604 1552 Intpp.
629 1502 744 1539 locus.

122 1555 257 1593 Abdere
281 1554 327 1591 est
343 1553 486 1604 proprie
503 1554 588 1590 dare
615 1553 676 1590 abs
695 1553 745 1596 se,

123 1619 306 1656 amovere,
343 1605 516 1655 rejicere:
546 1615 585 1642 ut
599 1605 744 1643 Tibull.

122 1657 178 1702 II,
213 1672 246 1700 1,
275 1662 322 1695 82
359 1659 405 1694 Et
434 1656 554 1706 procul
579 1659 747 1701 ardentes,

123 1709 212 1746 hinc
223 1708 353 1760 procul,
370 1708 454 1746 abde
459 1712 574 1758 faces,
592 1721 747 1746 remove.

126 1760 210 1808 jam
229 1761 351 1798 abdere
368 1762 455 1797 domo
472 1772 517 1796 ex
542 1763 600 1809 usu
618 1760 749 1797 sermo-

125 1812 182 1849 nis
199 1813 265 1849 effe
282 1812 393 1861 potest
421 1811 447 1848 s.
470 1814 504 1854 in
533 1813 637 1856 domo,
668 1811 694 1848 s.
725 1827 750 1848 a

124 1864 226 1901 domo.
280 1862 383 1900 Hinc
417 1862 634 1912 ambiguitas
663 1862 751 1900 loci.

126 1915 241 1953 Nihil
267 1914 357 1952 adeo
386 1914 554 1964 impedit,
579 1927 653 1965 quo
681 1913 751 1950 mi-

127 1980 194 2004 nus
209 1979 321 2016 equus
352 1965 589 2009 admissarius,
612 1965 676 2016 qui
704 1965 751 2002 ab

127 2017 298 2055 armentis
328 2029 532 2054 removetur
554 2027 590 2054 et
615 2016 654 2054 in
686 2017 752 2053 sta-

128 2065 218 2106 bulo
237 2069 282 2106 ad
309 2082 399 2119 opus
421 2068 626 2105 faciendum
645 2067 753 2105 habe-

127 2130 202 2169 tur,
229 2123 317 2159 domo
332 2120 415 2157 abdi
427 2120 505 2157 dici
522 2121 646 2171 poffit3
673 2132 752 2171 per-

129 2172 215 2210 fistit
249 2184 393 2223 quoque
438 2171 479 2208 in
514 2172 584 2209 hoc
618 2172 753 2209 tuendo

132 2223 292 2260 Ouwens
320 2223 375 2261 N.
400 2222 502 2272 Hag.
533 2237 569 2274 p.
601 2227 691 2275 585,
715 2233 752 2260 et

129 2275 256 2313 laudat
273 2275 405 2312 Horat.
432 2275 450 2311 I
470 2275 583 2326 Epist.
604 2275 638 2317 Ι,
667 2287 687 2326 ς
709 2274 754 2311 de

131 2326 284 2364 emerito
313 2326 537 2378 gladiatore:
569 2325 652 2363 latet
687 2325 753 2364 ab·

130 2377 219 2421 ditus
247 2393 342 2426 agro.
411 2377 562 2414 Obstare
608 2386 755 2428 putatur

132 2429 345 2467 Nemefiani
393 2428 555 2467 imitatio
613 2430 754 2479 Cyneg.

139 2495 227 2531 141,
255 2479 321 2517 ubi
366 2480 412 2518 de
463 2479 592 2518 catulis
621 2481 756 2518 recenti

133 2543 239 2588 partu
258 2531 365 2569 editis
380 2545 390 2569 ε
418 2532 478 2569 Sin
493 2547 574 2569 vero
587 2531 661 2570 haec
676 2547 758 2581 cura

135 2583 193 2634 qstss
220 2582 333 2620 melior
345 2598 384 2621 ne
393 2587 490 2634 fhrte
506 2594 651 2626 necetur,
679 2583 757 2620 Ab->

134 2635 286 2673 daturve
315 2635 427 2671 domo
442 2649 452 2678 ;
479 2633 660 2685 catulosque
679 2645 757 2684 pro-

135 2686 217 2737 bare
231 2686 390 2724 voluntas
405 2699 419 2722 .·
437 2684 502 2722 ubi
519 2695 663 2736 apparet
679 2686 759 2729 effe,

135 2744 358 2780 amoveatur,
404 2746 641 2780 removeatur,
676 2750 760 2775 ven·-

137 2789 257 2837 ⁴filatur.
310 2789 549 2828 Advocatum
567 2801 610 2827 eo
639 2797 675 2831 et
698 2801 760 2828 ex-

778 710 832 744 97.
854 704 882 732 1⁸71
897 704 1029 734 Venerem
1045 704 1177 747 cststm'or
1193 704 1276 746 Reg.
1295 702 1430 738 Martio,

806 884 1002 936 posuerunt
1081 886 1208 923 locum
1273 886 1435 927 nostrum

806 937 945 988 Intpp„
972 947 1012 974 ut
1041 946 1160 974 tamen
1186 951 1369 988 perperam
1388 941 1435 977 ad

810 988 926 1028 solum
961 990 1000 1026 τὸ
1032 1006 1148 1034 emere,
1183 990 1283 1039 quod
1328 991 1437 1028 nimis

811 1040 998 1089 angustum
1032 1042 1095 1085 est,
1134 1050 1312 1079 revocent.
1366 1042 1436 1080 Po-

810 1092 871 1127 test
898 1101 1017 1128 tamen
1044 1101 1081 1129 et
1110 1092 1166 1129 ibi
1192 1094 1258 1131 esse
1286 1093 1326 1130 in
1349 1096 1438 1132 domo

810 1143 907 1186 abdi,
925 1143 1028 1180 domi
1045 1145 1157 1182 teneri
1175 1155 1210 1181 et
1241 1144 1365 1182 haberi
1387 1146 1436 1183 ad

812 1194 893 1230 usus
908 1193 1133 1232 domesticos.
1173 1196 1330 1246 Copiose
1348 1211 1439 1247 quo-

810 1258 882 1294 que
906 1245 951 1281 de
978 1245 1015 1282 h.
1044 1247 1071 1283 1.
1090 1247 1166 1297 egit
1190 1247 1360 1288 Gronov.
1391 1250 1439 1286 de

813 1295 896 1333 Pec.
930 1296 1018 1333 Vet.
1053 1297 1126 1341 IV,
1163 1303 1200 1337 8.
1270 1312 1378 1350 quem
1411 1301 1440 1338 fi

811 1347 981 1398 sequaris,
1009 1358 1050 1386 ut
1077 1349 1199 1387 abdere
1228 1350 1272 1388 fit
1296 1367 1321 1388 a
1337 1353 1440 1396 domo,

812 1413 1009 1446 removere,
1064 1401 1168 1450 jubet
1201 1406 1313 1452 poeta
1352 1403 1440 1441 dili-

810 1461 956 1501 gentem
1001 1452 1294 1502 patremfamilias
1341 1468 1441 1492 arno·

812 1515 910 1546 vere,
928 1503 1109 1553 ablegare,
1127 1518 1148 1541 a
1166 1506 1318 1555 praedio,
1346 1520 1440 1557 quo-

813 1567 957 1604 cunque
1007 1555 1133 1599 mod0‚
1179 1556 1343 1607 adeoque
1382 1560 1441 1596 vel

815 1607 986 1648 vendere,
1025 1606 1171 1644 effetum
1204 1617 1239 1644 et
1273 1608 1442 1647 inutilem

816 1657 861 1694 ad
881 1657 1109 1694 admiffuram
1129 1661 1362 1710 (quamquam
1381 1661 1444 1698 ille

816 1708 895 1746 aliis
919 1709 1037 1745 adhuc
1068 1709 1252 1748 laboribus
1285 1711 1444 1750 sufficere

816 1760 941 1810 potest)
962 1774 1109 1810 equum,
1141 1763 1305 1811 quamvis
1326 1762 1445 1802 senec-

818 1821 864 1848 tae
881 1811 1064 1849 miseratio
1087 1811 1209 1850 subeat
1224 1831 1235 1860 3
1259 1813 1328 1851 effe
1343 1815 1444 1853 enim

818 1875 896 1899 eam
914 1874 1055 1914 turpem,
1074 1865 1146 1908 vel,
1176 1866 1363 1903 communi
1393 1866 1445 1904 se-

819 1914 971 1951 nestatis
997 1914 1173 1965 epitheto,
1202 1918 1360 1969 respedffi
1375 1921 1445 1969 ju-

818 1977 950 2009 ventae,
976 1966 1143 2016 pulchrae,
1165 1971 1332 2019 speciosae,
1364 1975 1446 2007 niti-

818 2019 895 2063 dae3
924 2018 980 2054 vel
1013 2030 1059 2054 ex
1091 2017 1185 2069 sqq„
1212 2034 1284 2070 qua
1313 2021 1376 2059 ille
1408 2022 1446 2060 se

819 2069 975 2119 turpiter
1007 2069 1083 2113 det,
1110 2083 1174 2108 nec
1207 2071 1246 2108 in
1265 2072 1446 2112 Venerem

820 2120 903 2157 satis
934 2120 1048 2158 animi
1075 2134 1116 2158 ac
1146 2122 1281 2161 virium
1299 2124 1444 2164 habear.

822 2170 980 2209 Ovidius
1006 2172 1075 2209 hoc
1103 2172 1215 2213 Trist.
1242 2174 1316 2220 IV,
1338 2177 1375 2220 8,
1398 2191 1444 2229 19

820 2224 876 2260 Ne
898 2225 1000 2272 cadat
1023 2234 1055 2261 et
1079 2225 1201 2264 multas
1224 2226 1359 2276 palmas
1393 2235 1448 2266 in-

819 2275 957 2326 honestet
973 2278 1111 2325 adeptas
1125 2293 1139 2323 ‚·
1157 2277 1182 2314 fi
1201 2278 1349 2328 quidem
1367 2293 1447 2317 ver-

821 2325 877 2364 sus
894 2327 941 2364 est
960 2327 1106 2367 Ovidii.
1157 2335 1251 2379 turpi
1265 2332 1372 2379 finem
1391 2334 1448 2371 do-

821 2389 899 2415 nate
911 2382 1057 2429 fineHae
1087 2379 1133 2417 ad
1160 2381 1268 2418 nostri
1297 2383 1448 2422 duflum

821 2426 932 2468 Silius
950 2429 1043 2475 XV,
1062 2434 1152 2482 654,
1170 2433 1299 2482 utjam
1327 2435 1449 2473 Cerda

821 2480 927 2520 vidit.
998 2483 1158 2520 Ouwens
1192 2483 1221 2521 l.
1256 2485 1282 2522 1.
1317 2487 1448 2537 junge-

821 2531 882 2569 bat
898 2545 907 2569 ε
951 2545 984 2571 et
1033 2537 1159 2586 {gnqsce
1193 2537 1339 2585 senec‘Yae
1384 2554 1450 2576 non

821 2591 924 2634 turpi.

873 2651 938 2687 97.
966 2635 1116 2688 Qanto
1131 2651 1214 2674 cum
1231 2637 1366 2675 dilectu
1383 2652 1449 2676 vo-

822 2687 996 2737 luptatem
1031 2688 1177 2726 laborem
1215 2693 1449 2739 (quamquam

823 2739 893 2776 hoc
910 2738 1097 2790 proprium
1113 2739 1179 2777 hac
1196 2740 1236 2777 in
1254 2753 1303 2777 re.
1325 2754 1360 2779 V.
1381 2741 1449 2780 inf.

825 2791 871 2828 ad
889 2805 925 2832 v.
949 2793 1037 2843 127)
1061 2801 1096 2831 et
1120 2794 1293 2843 ingratum
1320 2801 1356 2830 et
1373 2803 1448 2830 tra-

1372 2843 1451 2883 bere
