1821 3381
388 278 482 325 282
550 273 604 323 P.

665 270 1051 322 VIRGILII
1121 270 1523 322 MARONIS

388 406 543 455 Totus
563 417 609 453 et
633 405 714 452 illc
735 404 852 461 dies,
878 415 939 461 et,
963 403 1045 466 qui
1069 400 1317 451 nascentur
1337 405 1397 452 ab
1420 405 1503 452 illo

387 490 625 539 Exaetum
647 488 706 535 ad
730 486 957 545 mensem,
979 488 1143 551 pluvia
1163 487 1407 551 ventisque
1427 489 1682 544 carebunt3

386 584 603 644 Votaque
626 579 793 626 servati
817 579 999 627 solvent
1024 580 1073 626 in
1093 580 1231 626 litore
1250 592 1407 626 nautae

1600 580 1694 642 436

389 672 575 720 Glauco
597 681 642 717 et
665 668 898 733 Panopeae
920 681 968 716 et
994 670 1111 717 Inoo
1136 669 1425 717 Melicertae.

451 761 533 811 Sol
561 777 752 824 quoque
782 773 829 809 et
851 762 1077 819 exoriens,
1107 772 1154 808 et
1188 777 1337 824 quum
1366 760 1410 807 se
1442 761 1613 809 condet
1645 762 1694 808 in
1725 790 1729 795 ,

584 851 745 908 undas,

389 939 537 1005 Signa
557 939 691 987 dabit
705 964 718 995 ς
750 940 894 988 solem
916 938 1167 987 certiffima
1191 938 1319 1002 signa
1343 939 1612 1002 sequuntur,

387 1034 455 1083 Et
476 1051 585 1097 quae
602 1051 739 1082 mane
760 1033 918 1092 refert,
942 1045 987 1081 et
1002 1049 1112 1097 quae
1130 1032 1427 1095 surgentibus
1444 1032 1590 1078 astris.
1605 1044 1703 1092 440
1726 1054 1729 1077 ι

392 1124 481 1173 Ille
503 1124 586 1172 ubi
610 1122 878 1172 nascentem
902 1124 1104 1172 maculis
1128 1122 1374 1170 variaverit
1397 1134 1574 1178 ortum,

395 1215 628 1264 Conditus
652 1216 701 1263 in
724 1216 916 1273 nubem,
938 1215 1189 1277 medioque
1213 1212 1438 1276 refugerit
1464 1212 1604 1259 orbe:

387 1343 537 1376 Analedh
556 1344 705 1376 Matthaei
719 1344 817 1375 Tom.
835 1344 878 1373 111
894 1343 990 1374 modo
1007 1341 1185 1383 vulgatum,
1207 1341 1305 1373 modo
1333 1343 1422 1371 Laxat
1449 1355 1493 1371 nec
1519 1342 1631 1382 ohstzaeris
1653 1351 1703 1370 re-

387 1393 492 1433 citari,
513 1395 639 1426 monuit
656 1397 765 1426 Burm.

386 1445 473 1485 libri,
497 1454 529 1479 et
546 1447 645 1478 Goth.
660 1457 708 1489 pr.

386 1505 483 1528 cuntur
504 1497 653 1540 Longob.
674 1497 781 1528 Pierii.

385 1558 456 1581 nus.
482 1577 485 1580 .

546 1557 621 1588 437.
653 1549 785 1589 Panopiae
815 1547 934 1578 Medic.

811 1395 921 1436 obtwfis
938 1394 969 1424 in
987 1394 1135 1423 Romano
1150 1399 1181 1423 et
1198 1391 1308 1422 multis
1333 1391 1492 1422 scribitur.

799 1455 873 1485 434.
896 1447 1018 1487 nascetur
1033 1446 1129 1475 Rom.
1143 1442 1239 1474 Pierii
1257 1451 1287 1474 et
1307 1443 1428 1484 Regius
1447 1442 1594 1474 Martini.
1639 1444 1704 1483 nas-

870 1506 945 1536 435.
966 1497 1066 1527 carebit
1082 1495 1130 1526 ed.
1152 1496 1236 1525 Ven.

995 1548 1116 1588 Panopae
1141 1546 1190 1576 ed.
1223 1548 1312 1588 Junt.

386 1610 434 1631 m.
449 1610 497 1642 pr.
545 1602 657 1631 Graece
682 1598 757 1631 effet
771 1608 778 1630 :
802 1598 926 1639 Γλαύκῳ
942 1598 992 1629 καὶ
1008 1597 1149 1640 Παναπεῖῃ
1167 1596 1197 1627 ἰδ’
1210 1596 1288 1637 ’Ῑνώῳ
1304 1597 1464 1640 Μελικέρτῃ.

1538 1405 1582 1421 nec
1601 1391 1704 1422 *Pierii

1325 1504 1344 1532 4
1348 1493 1399 1534 36.
1423 1496 1462 1524 ad
1472 1496 1567 1543 ‘littora
1583 1495 1705 1524 Roma·

1372 1547 1518 1575 Imeliaerti
1544 1545 1661 1576 Medic.
1686 1555 1705 1576 a

1555 1594 1630 1636 438.
1658 1597 1710 1627 Sol

386 1663 487 1693 quoque
501 1653 633 1688 exoriens,
645 1651 707 1682 fine
722 1657 757 1689 et,
775 1649 888 1680 relieto
908 1650 1008 1687 hiatu,
1028 1649 1147 1680 Medic.
1165 1652 1284 1680 Moret¹
1301 1659 1350 1690 pr.
1372 1650 1455 1679 Ven.
1499 1648 1549 1678 Sol
1561 1661 1586 1689 q.
1602 1661 1661 1678 cum
1675 1661 1702 1679 e.

388 1703 440 1734 ed.
457 1704 541 1733 Ven.
586 1705 670 1733 condit
685 1702 767 1744 frag.
779 1701 909 1739 Mox-eti,
921 1701 1060 1732 Gudian.
1081 1703 1198 1732 Moret.
1213 1711 1306 1737 unus,
1331 1700 1467 1732 Mentel.
1490 1710 1537 1741 pr.
1561 1710 1578 1729 a
1592 1710 1636 1730 m.
1653 1709 1704 1741 pr.

388 1767 434 1785 nec
449 1755 569 1795 quumfi’
589 1756 672 1785 Ven.
690 1754 772 1795 Reg.
792 1763 810 1782 a
825 1763 869 1783 m.
885 1763 933 1795 pr.

979 1754 1052 1782 audet
1075 1751 1175 1783 Goth.
1199 1751 1257 1782 sec.
1303 1753 1342 1780 ad
1362 1755 1444 1781 undas
1462 1750 1582 1782 Moreti
1598 1757 1704 1791 quart.

476 1815 553 1847 439.
568 1807 721 1846 fiquzmtur
746 1804 867 1835 Pierius
890 1811 921 1835 et
949 1804 1060 1835 Heins.
1078 1814 1095 1834 e
1110 1802 1305 1840 melioribus,
1316 1804 1464 1843 fiquentur
1479 1801 1543 1832 alii.
1586 1803 1705 1833 Emen-

389 1856 547 1888 datiorem
563 1857 734 1888 lectionem
747 1856 816 1898 jam
833 1856 1014 1897 Naugerius
1029 1855 1116 1887 dedit
1132 1855 1208 1886 Ald.
1228 1862 1300 1886 tert.
1307 1856 1461 1896 fiquuntur
1476 1853 1519 1884 est
1534 1864 1594 1895 pro
1609 1853 1706 1892 adest,

388 1907 480 1945 inest,
502 1907 613 1939 ’ἕπεται-

703 1916 777 1945 440.
800 1908 899 1951 azfiris
917 1907 1032 1938 Medic.
1049 1914 1080 1938 et
1098 1907 1251 1937 Rottend.
1270 1906 1328 1936 sec.
1345 1917 1362 1936 a
1379 1916 1424 1936 m.
1439 1916 1499 1947 pr„
1520 1904 1618 1936 etiam
1634 1904 1702 1936 Erf.

389 1970 408 1989 a
424 1970 467 1989 m.
485 1967 698 2000 pr.——-441.
723 1959 810 1989 orbem
835 1957 981 1989 Parthas.
1008 1966 1040 1989 et
1067 1958 1118 1990 ed.
1135 1959 1260 1989 Veneta
1278 1957 1474 1995 Burmanni;
1498 1956 1548 1987 cui
1573 1955 1705 1987 abblan-

389 2010 477 2042 ditur
492 2009 607 2048 lecti03
630 2010 726 2041 modo
743 2009 889 2041 codicum
915 2009 1018 2051 major
1045 2009 1119 2040 esset
1143 2009 1327 2046 audroritas,
1349 2019 1405 2039 nec
1422 2014 1598 2039 recurreret
1613 2007 1705 2038 versu

388 2062 472 2104 sequ.
493 2062 561 2091 orbe.

609 2063 733 2092 Verum
754 2061 851 2092 etiam
876 2060 983 2102 paullo
1008 2068 1081 2091 ante
1107 2071 1138 2091 v.
1154 2070 1217 2100 432
1234 2067 1295 2090 ortu
1320 2066 1440 2100 quarto.-
1462 2065 1494 2089 et
1510 2058 1553 2089 est
1575 2057 1636 2088 hoc
1652 2069 1706 2089 ex-

389 2112 544 2154 quisitius.
580 2113 701 2144 Eadem
716 2112 851 2144 variatio
867 2113 983 2143 Horat.
1000 2113 1107 2144 Carm.
1127 2114 1186 2149 IV,
1210 2122 1240 2149 2,
1257 2111 1312 2149 58,
1326 2111 1381 2142 ubi
1397 2110 1461 2141 vid.
1480 2108 1705 2140 Bentlei.-—--·

388 2173 464 2202 442.
489 2165 633 2205 rcfulgerit
649 2164 806 2196 Rottend.
834 2164 905 2202 sec„
927 2171 958 2195 et
984 2166 1121 2206 refulfirit
1147 2163 1215 2194 Erf.
1261 2162 1398 2193 Videtur
1420 2160 1506 2204 posse
1529 2160 1642 2192 referri
1665 2159 1706 2191 ad

389 2215 469 2247 illud
498 2215 749 2257 phaenomenon,
771 2226 844 2247 cum
868 2226 906 2247 ex
926 2216 1002 2247 atris
1028 2216 1162 2247 nubibus
1188 2215 1311 2247 medius
1337 2213 1424 2245 orbis
1447 2212 1521 2245 solis
1554 2212 1707 2253 erumpit,

389 2374 460 2426 git.
512 2374 601 2424 436.
636 2388 724 2427 437.
761 2374 925 2413 Secunda
951 2375 1020 2413 erit

391 2426 589 2478 navigatio.
643 2426 725 2474 Jam
759 2440 831 2478 437
872 2427 1017 2465 Parthe-

389 2477 444 2514 nii
462 2477 601 2516 versum
618 2479 699 2522 effe,
716 2491 761 2516 ex
777 2479 877 2515 Gell.
898 2477 1014 2521 XIII,

392 2531 457 2572 26,
485 2539 520 2567 et
546 2528 717 2568 Macrob.
752 2530 802 2574 V,
836 2544 878 2580 17
913 2529 1015 2567 novi-

388 2594 467 2618 mus
485 2593 494 2617 Ζ
519 2583 652 2632 Γλαύκῳ
669 2581 727 2618 καῖ
742 2586 840 2631 Νηρεῖ
852 2581 910 2618 nai
930 2584 1017 2632 Ἰνώῳ

392 2637 592 2684 Μελικέρτῃ,
618 2635 676 2671 seu
695 2644 733 2670 ut
751 2633 851 2671 Gell.
878 2633 1016 2677 laudat,

389 2685 448 2721 sed
476 2698 521 2721 ex
556 2685 848 2734 interpolatione,
891 2686 1026 2736 Εἷναλίῳ

389 2740 592 2790 Μελικέξτῃ.
649 2738 794 2788 Panope
818 2737 874 2774 Vel
902 2739 1015 2775 Pano·

380 2795 463 2839 peicz
485 2792 635 2836 (Πανόπη
649 2817 659 2836 ,
678 2791 860 2834 Πανόπεια)
881 2789 927 2826 est
958 2789 1015 2825 in-

388 2850 443 2877 ter
483 2840 684 2879 Nereides:
722 2841 808 2880 AEn.
828 2840 882 2885 V,
926 2853 1014 2891 240.

1601 2263 1710 2297 bom-bn

1085 2376 1295 2414 Melicertam
1314 2385 1432 2413 autem
1448 2374 1515 2411 esse
1533 2375 1703 2413 Palaemo-

1084 2441 1164 2464 nem
1192 2427 1286 2466 inter
1303 2428 1388 2464 deos
1405 2437 1603 2476 receptum,
1619 2427 1706 2463 Inus

1083 2479 1128 2522 f.,
1155 2479 1239 2516 satis
1255 2480 1404 2516 constat.

1133 2533 1351 2580 438—440.
1383 2530 1440 2567 Ex
1470 2531 1585 2568 Arato
1613 2528 1708 2566 Dio.

1081 2582 1166 2620 sem.
1186 2584 1348 2633 8'7—89.
1402 2581 1444 2619 In
1459 2582 1556 2632 seqq.
1588 2580 1707 2618 varia-

1081 2634 1135 2672 vit
1163 2634 1336 2671 nonnulla
1369 2633 1551 2684 Virgilius
1583 2644 1628 2669 ex
1662 2644 1706 2669 eo

1082 2686 1204 2730 (ἰυξὶει,
1230 2695 1292 2722 aut
1308 2685 1411 2735 plura
1437 2687 1475 2723 in
1496 2697 1605 2721 unum
1618 2696 1706 2720 con-

1082 2737 1205 2775 traxit.
1260 2736 1323 2774 Cf.
1345 2736 1440 2775 Plin.
1461 2733 1614 2779 XVIII,
1644 2746 1707 2786 35¹,

1079 2788 1106 2825 s·
1137 2792 1198 2839 78.
1253 2802 1341 2837 441.
1378 2788 1439 2826 Sol
1458 2787 1576 2825 oriens
1594 2786 1709 2823 fima-

1080 2839 1220 2878 culosus
1241 2840 1306 2890 (cf.
1337 2853 1373 2877 v.
1410 2841 1501 2891 452)
1519 2846 1581 2875 aut
1600 2836 1709 2926 nulbi-

1308 2905 1310 2909 ¹
1657 2901 1709 2925 >us
