1821 3381
389 321 483 372 352

394 433 599 484 Parturit
620 433 773 480 almus
790 444 902 492 ager
910 451 924 483 ;
948 422 1257 488 Zephyrique
1275 419 1547 484 tepentibus
1568 419 1692 466 auris

391 527 579 575 Laxant
594 537 703 570 arva
713 518 837 567 finus
852 540 866 573 ;
889 514 1076 578 superat
1087 524 1222 560 tener
1234 511 1458 560 omnibus
1472 495 1644 559 humm

558 300 614 352 P.
665 297 1048 351 VIRGILII
1113 287 1509 343 MARONIS

389 619 543 679 Inque
565 626 712 660 novos
729 607 847 658 soles
864 604 1041 654 audent
1061 602 1106 652 se
1121 601 1341 667 germina
1357 613 1463 649 tuto

393 708 629 762 Credere;
649 719 737 753 nec
759 700 933 750 metuit
949 697 1181 762 surgentis
1199 696 1458 761 pampinus
1478 696 1693 754 Austros,

395 804 495 851 Aut
519 799 678 847 ae‘turn
697 794 827 844 coelo
846 791 1038 857 magnis¹
1052 788 1376 853 Aquilonibus
1400 787 1631 835 imbrem:
1705 772 1709 777 ’

395 894 488 942 Sed
511 890 661 940 trudit
675 899 910 953 gemmas,
924 894 972 930 et
988 879 1168 929 frondis
1185 878 1395 943 explicat
1413 877 1588 926 omnis.
1617 891 1675 940 33
1684 885 1708 939 5

395 988 511 1037 Non
533 984 649 1031 alios
672 982 829 1046 prima
853 974 1104 1027 crescentis
1127 974 1313 1039 origine
1337 972 1508 1020 mundi

439 1130 515 1162 330.
539 1119 623 1151 onmis
638 1129 704 1159 ager
720 1114 858 1155 Menag.
872 1111 932 1144 sec.
960 1118 1020 1154 pro
1041 1108 1107 1142 div.
1132 1107 1209 1140 Ῑεᾶ.
1265 1108 1403 1140 Ρανίιινὶέ
1426 1107 1503 1138 alma
1521 1105 1609 1138 Venus
1633 1112 1715 1137 unu!

397 1171 568 1209 Arundel„
588 1168 674 1201 mala
690 1163 878 1199 corredioris
890 1173 1014 1194 manus.
1056 1160 1230 1192 trementibus
1245 1162 1324 1191 auris
1344 1160 1522 1198 Romanus,
1538 1156 1624 1189 Gud.
1641 1166 1716 1188 cum

397 1231 530 1263 vetustis
553 1225 748 1272 permultis3
769 1223 862 1256 solita
886 1219 1077 1253 variatione.
1134 1219 1318 1263 strepentibus
1350 1218 1445 1250 Leid.
1468 1228 1518 1260 pr.
1564 1215 1717 1259 Zephym'ſs»

398 1297 450 1327 que
478 1281 614 1318 Medic„
648 1277 737 1320 lapsu
768 1274 903 1306 librarii.
992 1282 1071 1313 331·
1101 1273 1143 1303 L.
1174 1284 1202 1303 a.
1215 1269 1305 1313 stmul
1336 1269 1405 1301 Erf.
1494 1277 1569 1308 332.
1588 1270 1716 1309 germina

400 1339 511 1369 Burm.
539 1330 680 1375 reposuit
695 1327 765 1371 post
781 1327 962 1358 Can-ceum.
1009 1324 1114 1355 Unius
1130 1323 1265 1354 Fabricii
1276 1333 1335 1365 pro
1351 1321 1410 1353 hac
1421 1320 1560 1352 lectione
1577 1319 1718 1350 auetori-

399 1396 451 1421 tas
473 1385 634 1421 laudatur,
654 1381 710 1423 qui
730 1378 872 1411 vetustos
894 1376 993 1409 libros
1016 1376 1063 1406 ita
1087 1375 1195 1416 legere
1219 1374 1370 1411 testatur3
1393 1373 1443 1403 cui
1467 1372 1548 1404 adde
1573 1371 1718 1413 Regium

399 1438 488 1482 apud
504 1435 700 1469 Martinurn.
744 1430 806 1461 Sed
819 1429 888 1471 jam
914 1426 1026 1459 Celsus
1046 1437 1107 1469 pro
1133 1426 1192 1457 hac
1212 1425 1351 1458 led'tione
1367 1430 1526 1467 pugnarat
1541 1424 1625 1466 apud
1641 1422 1719 1453 Phi-

397 1487 591 1532 largyrium.
636 1482 747 1525 Vulgo
758 1484 891 1523 gramina
906 1477 1095 1520 legebatur3
1119 1485 1151 1508 et
1168 1476 1251 1515 sunt,
1266 1487 1337 1518 quae
1353 1486 1412 1518 pro
1428 1475 1486 1506 hac
1502 1474 1639 1506 leffione
1654 1473 1718 1505 dici

399 1540 525 1585 poffint.
567 1538 696 1580 gramine
710 1541 775 1565 tres
795 1531 880 1574 apud
901 1531 1016 1562 Burm.
1061 1536 1114 1560 toto
1129 1530 1346 1568 Ven.——--33
1352 1537 1382 1567 3.
1403 1529 1495 1558 timuit
1511 1528 1593 1558 Ven.
1630 1532 1719 1568 pam·
1771 1531 1775 1534 ’

395 1595 474 1636 pinos
492 1589 578 1622 Gud.
667 1594 743 1627 335.
765 1586 849 1616 tendit
867 1579 1139 1625 Ven.--—[336.
1163 1582 1293 1623 nastentis
1309 1578 1446 1611 Bentlei.
1473 1578 1513 1610 ad
1538 1576 1653 1610 Manu.
1679 1577 1721 1617 Π,

400 1640 503 1684 428]

457 1765 544 1805 331.
595 1750 713 1788 Terra
746 1746 944 1786 admodum
980 1744 1030 1782 est
1090 1741 1256 1795 exposuit
1268 1741 1365 1780 hoc:
1392 1741 1519 1780 mundi
1533 1741 1664 1779 natales
1680 1740 1721 1778 in

399 1805 564 1847 humida.
633 1816 718 1854 332.
735 1799 914 1837 Germina
929 1810 1031 1835 com·
1093 1808 1243 1833 vernum
1270 1804 1409 1845 tempus
1435 1793 1620 1832 incidisse!
1658 1794 1722 1831 An

402 1857 506 1898 muni
538 1853 679 1893 ratione
705 1850 879 1902 loquendi
895 1853 938 1900 se
960 1865 1031 1887 cre·
1093 1857 1176 1884 ante
1203 1846 1396 1884 Maronem
1423 1846 1554 1897 aliquis
1579 1845 1630 1882 ita
1656 1845 1724 1882 stae

402 1914 487 1949 dunt
500 1907 570 1959 soli
591 1906 753 1956 (Lueret.
779 1903 832 1946 V,
852 1905 929 1953 780
946 1915 1032 1939 novo

390 1967 478 2015 fltn
496 1961 577 2012 quid
583 1966 730 2010 primum
748 1961 783 1993 in
800 1955 934 1992 luminis
956 1966 1032 1991 oras

405 2013 536 2053 <Tollere
551 2022 583 2048 et
598 2014 730 2048 incertis
751 2011 890 2045 tentarit
905 2006 1034 2043 credere

403 2071 529 2104 ventis.
583 2062 654 2099 Sed
684 2070 802 2097 totum
836 2058 958 2095 locum
993 2053 1034 2092 in

405 2117 530 2155 animo
547 2112 676 2152 habuit
692 2113 821 2153 noster,
849 2109 874 2146 si
894 2118 1033 2145 utrum-

405 2182 478 2220 que
513 2166 730 2216 compares).
785 2162 936 2198 Credunt
969 2171 1035 2195 au-

405 2230 482 2258 tem
487 2223 542 2270 fi,
560 2218 649 2255 dum
665 2222 700 2252 in
718 2229 841 2252 novum
841 2212 945 2262 fhlem
955 2221 1034 2261 pro-

406 2273 525 2316 deunt,
550 2269 637 2307 hinc
662 2268 797 2306 credunt
808 2269 852 2314 se
878 2269 913 2300 in
930 2262 1036 2312 solem

408 2335 504 2361 nove
538 2320 649 2359 dixit.
702 2314 905 2354 Transtulit
943 2314 1036 2351 hanc

407 2375 566 2413 formam
584 2372 716 2408 Seneca
735 2368 849 2407 Herc.
867 2366 941 2404 fur.
965 2378 1033 2415 147

408 2427 457 2465 de
473 2423 625 2463 luscinia
640 2420 827 2459 exoriente
842 2418 924 2456 die:
945 2418 1036 2454 Pen-

410 2481 531 2529 nqsque
563 2491 650 2513 novo
681 2475 812 2510 tradere
824 2470 895 2521 soli
919 2469 1035 2518 Gestit.

411 2543 500 2580 334.
523 2529 651 2579 magnis
673 2522 902 2575 Aquilonibus,
931 2520 1038 2557 vehe-

412 2579 608 2623 mentibus,
623 2575 841 2628 procellofis.
858 2587 893 2611 v.
914 2572 1037 2609 Burm.

411 2631 605 2671 Lucretius
639 2627 692 2672 V,
729 2629 800 2678 817
829 2626 879 2663 At
904 2629 1041 2661 novitas

413 2685 528 2722 mundi
556 2696 613 2719 nec
623 2685 767 2732 frigora
796 2680 886 2716 dura
918 2675 1042 2720 ciebat,

415 2737 487 2774 Nec
533 2739 646 2771 nimios
683 2733 793 2782 aestus,
821 2743 877 2766 nec
911 2733 1043 2778 magnis

414 2786 550 2826 viribus
589 2786 723 2834 austros.
778 2780 909 2825 VideS,
947 2777 1043 2816 unde

415 2840 534 2878 noster
549 2834 719 2874 hauserit.

469 2889 559 2941 336.

613 2886 763 2939 Qanto
795 2894 881 2921 cum
913 2891 1043 2921 ornatu
1059 2884 1061 2887 “

1095 1898 1222 1944 tuerit,
1249 1897 1394 1943 nescio3
1422 1897 1542 1948 potuit
1560 1896 1723 1947 poetain

1094 1951 1187 1988 illud
1205 1949 1415 2001 phantasma
1433 1948 1610 1991 incidere,
1633 1948 1723 1985 dum

1093 2002 1212 2039 velsus
1231 2001 1467 2039 Lucretianos
1490 1999 1723 2051 recognosce·

1095 2052 1158 2091 bat
1176 2052 1229 2098 V,
1257 2057 1330 2104 778
1354 2052 1451 2103 seqq.
1504 2051 1618 2103 Qod
1636 2055 1724 2101 po'e-

1097 2115 1144 2143 tae
1161 2105 1296 2156 fingere
1313 2103 1442 2142 licuit:
1471 2103 1542 2140 hoc
1568 2103 1630 2140 alii
1651 2103 1724 2140 dis-

1097 2157 1296 2208 putationis
1313 2156 1527 2206 theologicae
1543 2166 1651 2205 caput
1669 2154 1727 2191 fa*

1098 2222 1178 2247 cere
1212 2209 1284 2246 ausi
1321 2206 1415 2250 sunt,
1443 2219 1529 2244 num
1563 2220 1645 2245 vere
1679 2218 1727 2243 an

1100 2263 1293 2298 aufiumno
1339 2259 1494 2296 mundus
1534 2257 1728 2297 exordium

1100 2312 1279 2350 habuerit.
1331 2309 1433 2348 Vide
1449 2325 1485 2347 v.
1511 2323 1545 2348 c.
1570 2309 1726 2348 Simsom

1102 2364 1315 2402 Chronicon
1345 2375 1402 2413 pr.
1455 2361 1577 2400 Multa
1606 2355 1729 2399 Cerda

1101 2426 1138 2453 et
1153 2416 1217 2453 alii
1236 2416 1282 2452 ad
1299 2415 1336 2452 h.
1352 2414 1377 2451 l.
1395 2414 1563 2458 afferunt,
1587 2427 1666 2464 quae
1681 2412 1728 2449 ad

1102 2469 1250 2505 alteram
1284 2466 1527 2516 vulgatiorem
1571 2465 1730 2516 spec'tant

1104 2519 1331 2569 opinionem,
1358 2517 1420 2554 etsi
1450 2530 1533 2554 cum
1560 2516 1624 2554 illa
1651 2516 1730 2567 pri-

1104 2584 1166 2608 ore
1183 2570 1432 2620 conjunfiam:
1461 2568 1578 2619 prima
1602 2565 1731 2605 mundi

1105 2632 1207 2660 aetate
1224 2630 1434 2674 perpetuum
1456 2633 1517 2657 ver
1545 2619 1734 2662 affulfiffez.

1107 2674 1202 2711 unde
1232 2671 1330 2712 nasei
1361 2671 1487 2709 debuit
1519 2670 1729 2723 phantasma

1107 2724 1273 2777 paradifi,
1326 2723 1438 2761 aetatis
1493 2736 1621 2767 aureae,
1678 2722 1732 2759 vi-

1106 2779 1206 2828 goris
1233 2775 1420 2814 hominum
1451 2775 1649 2812 recentium
1671 2774 1731 2823 ju-

1106 2829 1250 2872 venilis,
1276 2839 1313 2865 et
1349 2840 1427 2877 quaa
1460 2827 1532 2864 alia
1565 2826 1646 2863 sunt
1676 2824 1735 2862 his

1104 2881 1247 2919 similia,
1300 2881 1469 2928 crescemis
1502 2879 1629 2920 mundi,
1665 2889 1734 2927 pro

1577 2928 1739 2981 vulgari,
1794 2933 1801 2948 ¹
