1821 3381
388 322 924 381 GEORGICON‚
980 323 1134 373 LIB.
1183 325 1224 375 Ι.
1376 345 1466 394 217

155 460 392 526 Scorpios,
426 475 471 510 et
494 463 606 510 coeli
623 462 747 527 justa
768 463 874 525 plus
897 475 1030 527 parte
1053 464 1304 527 relinquit:
1405 480 1433 526 3
1441 479 1462 527 5

159 553 411 617 Qidquid
435 555 547 609 eris;
573 571 684 601 nam
700 566 744 600 te
758 570 843 601 nec
867 553 1050 616 sperent
1074 555 1270 602 Tartara
1294 572 1469 620 regem,

156 644 261 691 Nec
286 645 375 690 tibi
399 642 625 707 regnandi
646 642 801 689 veniat
822 655 922 692 tam
943 645 1045 692 dira
1065 646 1241 709 cupido
1259 665 1271 693 ε

156 737 390 801 Qamvis
413 734 592 796 Elyfios
617 735 812 781 miretur
836 735 1024 782 Graecia
1046 753 1257 800 campos,

155 826 259 873 Nec
284 826 481 888 repetita
505 825 631 889 sequi
655 839 784 872 curet:
806 826 1080 890 Proserpina
1104 842 1329 885 matrem;

154 916 232 972 Da
248 916 434 962 facilem
457 916 662 973 cursum,
684 927 824 979 atque
844 917 1099 966 audacibus
1114 920 1267 968 adnue
1279 924 1469 985 coeptis,

153 1009 440 1072 Ignarosque
463 1009 555 1055 viae
579 1024 770 1055 mecum
795 1009 1038 1057 miseratus
1063 1013 1271 1075 agrestis,
1403 1031 1461 1074 41

152 1099 422 1163 Ingredere,
457 1112 502 1146 et
527 1099 646 1147 votis
662 1097 765 1162 jam
789 1115 912 1145 nunc
938 1099 1150 1146 adsuesce
1174 1102 1347 1148 vocari.

219 1191 337 1238 Vere
358 1209 497 1249 novo,
512 1192 698 1254 gelidus
715 1192 840 1238 canis
857 1209 1008 1254 quum
1035 1194 1277 1241 montibus
1295 1196 1470 1243 humor

154 1282 392 1346 Liquitur‚
428 1295 474 1330 et
498 1283 719 1346 Zephyro
741 1285 895 1346 putris
920 1284 964 1335 se
987 1285 1127 1349 gleba
1150 1286 1357 1344 resolvit,

198 1445 250 1474 35.
274 1436 397 1478 Scorpios
424 1436 535 1467 Heins.
568 1447 585 1467 e
611 1436 727 1467 Medic.
752 1444 784 1468 et
814 1437 854 1468 al.
899 1439 1026 1481 Scorpius
1053 1439 1164 1481 vulgo.
1212 1442 1278 1482 plus
1293 1441 1372 1484 jzsta
1399 1439 1470 1472 Erf.

152 1488 264 1527 reliquit
280 1487 398 1518 Medic.
425 1497 498 1517 cum
524 1487 609 1518 Gud.
632 1495 664 1518 et
682 1489 830 1530 Menag.,
852 1489 887 1519 it.
915 1491 1013 1521 Rom.
1038 1491 1147 1528 Pierii,
1169 1491 1267 1522 Goth.
1287 1502 1335 1533 pr.
1354 1498 1385 1522 et
1401 1491 1470 1522 Erf.

152 1545 183 1567 nt
203 1540 405 1579 c.--relinquat
427 1539 580 1569 Asundel.
671 1539 722 1578 36.
750 1540 813 1570 Hic
836 1541 943 1572 versus
960 1542 992 1572 in
1016 1543 1139 1573 Mox-et.
1155 1542 1222 1584 post
1238 1554 1268 1573 v.
1286 1543 1326 1582 38
1343 1542 1471 1585 legeba-

153 1594 218 1619 tur.
268 1592 413 1633 Qtia'quid
425 1593 478 1620 erit
495 1590 594 1620 Goth.
612 1601 659 1631 pr.
707 1592 767 1622 Sed
785 1593 933 1635 Qidqm'd
953 1596 1006 1623 eris
1022 1594 1065 1624 est
1081 1605 1151 1635 pro,
1175 1596 1308 1638 ,Qtffqm's
1322 1597 1381 1624 deus
1403 1597 1468 1625 eris.

141 1643 209 1683 jam
225 1648 249 1671 te
267 1642 363 1672 Pierii
384 1641 533 1683 Longob.
580 1644 749 1684 necsperant
765 1644 862 1674 Rom.
906 1658 938 1674 ne
949 1646 1069 1686 sperant
1086 1646 1208 1676 Medic.
1234 1658 1250 1677 a
1268 1658 1311 1677 m.
1335 1657 1396 1688 pn,
1416 1647 1469 1678 sed

151 1692 362 1722 immutatum
375 1702 382 1722 :
411 1694 582 1733 necsperent.
627 1705 676 1722 non
695 1695 848 1735 tesp2›Hent
863 1708 908 1725 nec
923 1696 971 1726 ed.
986 1697 1070 1727 Ven.
1106 1699 1238 1738 spernent
1252 1709 1333 1728 unus
1355 1699 1468 1729 Mead.

151 1750 183 1773 et
199 1743 248 1773 ed.
264 1742 411 1773 Norimb.
502 1752 552 1782 37.
577 1746 723 1785 tamsaeva
751 1745 878 1776 Zulich.
923 1749 994 1777 dura
1011 1747 1108 1778 Goth.
1125 1748 1183 1779 sec.
1272 1760 1325 1788 44.
1351 1751 1470 1792 zephyro

145 1797 228 1836 putri
244 1794 316 1825 edd.
331 1794 520 1825 Terentiani
537 1795 661 1833 Mauri,
682 1806 861 1838 perperam.
896 1800 1029 1840 fiputris
1043 1799 1127 1829 Toll.

152 1922 241 1960 xiles
279 1922 450 1960 dicuntur
492 1923 668 1974 sequaces,
722 1941 781 1962 ar-

842 1926 888 1963 de
924 1925 1134 1978 Proserpina
1176 1928 1363 1979 respicere,
1390 1945 1469 1982 quae

150 1976 227 2011 dens
258 1975 425 2024 Scorpius
458 1984 641 2024 tamquam
667 1975 778 2020 fidus;

842 1991 936 2015 nunc
952 1978 1149 2029 ignoratur.
1204 1980 1302 2018 Nam
1317 1985 1469 2021 comesta

150 2026 221 2062 hoc
259 2026 560 2076 fimpliciffimum.
582 2030 678 2078 jzstcz
703 2026 780 2076 plus

145 2086 243 2128 parte
261 2077 464 2127 elegantem
487 2078 531 2114 ad
551 2079 687 2128 signum
708 2092 782 2115 ma-

146 2129 239 2171 Joris
291 2130 494 2165 reverentiae
539 2130 632 2180 plus,
674 2144 780 2179 quam

146 2180 278 2228 justum
296 2193 336 2216 ac
356 2182 487 2217 necesse
510 2191 599 2225 erat,
626 2181 671 2218 de
697 2183 778 2219 loco

149 2231 305 2268 deceffit.

207 2286 372 2333 36—39.
404 2284 587 2333 Exquisita
606 2284 779 2321 marionis

150 2334 375 2370 converfione
405 2335 574 2384 exprimit
609 2335 776 2372 ultimum

150 2385 266 2422 illud:
297 2398 341 2421 an
369 2385 492 2422 inferis
522 2387 593 2423 diis
620 2387 776 2424 adscribi

147 2437 247 2474 velit.
303 2435 459 2474 ‘Tartara
476 2438 624 2475 omnino
642 2452 706 2489 pro
725 2439 777 2475 lo-

148 2488 204 2524 cis
224 2488 350 2524 inferis
370 2488 481 2532 dixit,
509 2503 581 2525 non
609 2490 775 2541 proprie3

149 2538 330 2576 substituit
364 2541 483 2589 paullo
517 2542 593 2590 post
633 2554 777 2591 campos

150 2589 286 2638 Elysios
306 2591 343 2626 in
362 2591 557 2628 inferorum
574 2604 670 2641 parte
684 2592 778 2630 fitos.

152 2645 212 2690 38.
234 2641 305 2678 Etsi
327 2656 346 2678 a
366 2642 505 2678 Groeeis
532 2644 649 2693 poetis
668 2645 780 2681 multa

843 2030 927 2066 mali
952 2029 1079 2067 Punici
1097 2044 1207 2081 grana
1234 2033 1303 2070 huc
1334 2034 1396 2070 vix
1413 2048 1467 2072 re-

842 2081 928 2118 ferri
958 2083 1110 2132 possunt.
1164 2083 1245 2120 Nifi
1274 2084 1319 2122 fic
1347 2087 1469 2135 potius

843 2137 953 2182 poeta
972 2133 1107 2170 dicium
1126 2134 1192 2172 effe
1219 2136 1354 2173 voluit:
1387 2139 1466 2176 Nec

848 2183 1054 2234 Proserpina
1071 2199 1182 2230 nunc,
1201 2187 1337 2224 etiamsi
1356 2201 1377 2225 a
1394 2204 1468 2227 rna-

844 2245 896 2272 tre
921 2247 1123 2281 revocetur,
1152 2239 1266 2275 redire
1291 2239 1375 2276 inde
1408 2256 1466 2278 ve-

843 2288 912 2323 lit:
942 2289 1032 2324 adeo
1055 2299 1149 2325 amat
1179 2303 1275 2327 nunc
1305 2292 1383 2328 loca
1412 2292 1469 2330 in-

842 2339 926 2376 fera.
980 2353 1043 2388 4¹·
1074 2339 1143 2378 Nil
1171 2342 1291 2386 refert,
1317 2343 1374 2379 seu
1403 2361 1468 2382 me-

841 2406 912 2428 cmn
944 2395 1111 2438 mss’rcztus
1130 2394 1259 2444 jungas
1295 2394 1467 2446 interpre-

842 2442 977 2479 tando:
1013 2442 1086 2487 seu,
1131 2462 1250 2483 mecum
1286 2450 1468 2497 ingredere,

842 2492 976 2544 incipe,
1004 2495 1039 2531 h.
1069 2496 1094 2531 l.
1129 2497 1215 2533 dum
1249 2497 1341 2534 mihi
1369 2499 1467 2545 ades,

841 2544 948 2582 faves.
984 2546 1039 2582 Ita
1058 2550 1190 2596 [κενεά
1208 2563 1241 2584 V.
1264 2563 1295 2586 C.
1318 2550 1370 2595 Π,
1395 2564 1466 2602 174

841 2596 905 2632 tibi
937 2613 985 2633 res
1012 2602 1162 2648 alltiquae
1187 2599 1294 2636 laudis
1318 2614 1348 2637 (t
1382 2612 1465 2640 arm

842 2647 1026 2698 [agredior.
1096 2665 1159 2698 42.
1183 2656 1264 2703 jam
1296 2669 1380 2689 mali·
1415 2660 1465 2704 as-

149 2693 318 2742 praeclara
336 2693 381 2730 de
399 2694 534 2744 campis
554 2695 681 2743 Elysiis
696 2708 775 2732 nar·
827 2701 948 2747 flaſse,
968 2710 1089 2750 utpote
1107 2703 1191 2738 deus
1211 2704 1360 2742 futurus.

149 2755 222 2780 rata
243 2745 343 2788 sunt3
372 2752 494 2782 mirari
508 2747 554 2782 est
583 2746 775 2792 celebrare,

149 2796 272 2832 multis
290 2796 407 2833 verbis
427 2810 563 2834 ornare.
620 2810 681 2846 39.
707 2800 777 2837 Nec

148 2858 301 2890 ——curm
359 2848 464 2891 nolis,
518 2850 688 2886 noluerit.
738 2864 773 2888 v,

148 2897 273 2950 Burin.
329 2898 456 2936 Videri
475 2900 587 2951 potest
614 2899 774 2938 fabulam

893 2753 1058 2800 43—46.
1089 2753 1185 2790 Cum
1222 2754 1338 2803 primo
1370 2771 1464 2804 vere,

841 2815 905 2839 nec
933 2805 1120 2853 expeftato
1147 2805 1362 2854 aequinociio
1389 2823 1466 2846 ver-

841 2866 903 2896 no,
932 2855 1046 2891 aratio
1074 2855 1289 2893 instituenda
1316 2860 1388 2896 est:
1419 2863 1464 2898 ad

840 2904 987 2944 dacium
1015 2906 1169 2945 Hesiodi
1201 2907 1246 2946 E.
1274 2915 1348 2961 458
1370 2911 1464 2962 sqq„

1382 2976 1466 3002 cum
