<?xml version="1.0" encoding="UTF-8"?>
<!DOCTYPE html PUBLIC "-//W3C//DTD XHTML 1.0 Transitional//EN"
    "http://www.w3.org/TR/xhtml1/DTD/xhtml1-transitional.dtd">
<html xmlns="http://www.w3.org/1999/xhtml" xml:lang="en" lang="en">
 <head>
  <title>
</title>
<meta http-equiv="Content-Type" content="text/html;charset=utf-8" />
  <meta name='ocr-system' content='tesseract 3.04.00' />
  <meta name='ocr-capabilities' content='ocr_page ocr_carea ocr_par ocr_line ocrx_word'/>
</head>
<body>
  <div class='ocr_page' id='page_1' title='image "./operavarietatele01virguoft/operavarietatele01virguoft_0334.png"; bbox 0 0 1821 3381; ppageno 0'>
   <div class='ocr_carea' id='block_1_1' title="bbox 322 311 384 361">
    <p class='ocr_par' dir='ltr' id='par_1_1' title="bbox 322 311 384 361">
     <span class='ocr_line' id='line_1_1' title="bbox 322 311 384 361; baseline -0.032 0"><span class='ocrx_word' id='word_1_1' title='bbox 322 311 384 361; x_wconf 84' lang='lat'><strong>62</strong></span> 
     </span>
    </p>
   </div>
   <div class='ocr_carea' id='block_1_2' title="bbox 499 295 1452 356">
    <p class='ocr_par' dir='ltr' id='par_1_2' title="bbox 499 295 1452 356">
     <span class='ocr_line' id='line_1_2' title="bbox 499 295 1452 356; baseline -0.015 0"><span class='ocrx_word' id='word_1_2' title='bbox 499 307 553 356; x_wconf 91' lang='lat' dir='ltr'><strong>P.</strong></span> <span class='ocrx_word' id='word_1_3' title='bbox 613 300 986 353; x_wconf 92' lang='lat' dir='ltr'><strong>VIRGILII</strong></span> <span class='ocrx_word' id='word_1_4' title='bbox 1057 295 1452 345; x_wconf 87' lang='lat' dir='ltr'><strong>MARONIS</strong></span> 
     </span>
    </p>
   </div>
   <div class='ocr_carea' id='block_1_3' title="bbox 838 448 1118 482">
    <p class='ocr_par' dir='ltr' id='par_1_3' title="bbox 838 448 1118 482">
     <span class='ocr_line' id='line_1_3' title="bbox 838 448 1118 482; baseline -0.018 0"><span class='ocrx_word' id='word_1_5' title='bbox 838 448 1118 482; x_wconf 78' lang='lat' dir='ltr'>MENALCAS.</span> 
     </span>
    </p>
   </div>
   <div class='ocr_carea' id='block_1_4' title="bbox 324 521 1640 596">
    <p class='ocr_par' dir='ltr' id='par_1_4' title="bbox 324 521 1640 596">
     <span class='ocr_line' id='line_1_4' title="bbox 324 521 1640 596; baseline -0.014 -14"><span class='ocrx_word' id='word_1_6' title='bbox 324 536 609 596; x_wconf 79' lang='lat' dir='ltr'>Numquam</span> <span class='ocrx_word' id='word_1_7' title='bbox 638 527 779 574; x_wconf 86' lang='lat' dir='ltr'><strong>hodie</strong></span> <span class='ocrx_word' id='word_1_8' title='bbox 821 525 1045 588; x_wconf 82' lang='lat' dir='ltr'><strong>effugies:</strong></span> <span class='ocrx_word' id='word_1_9' title='bbox 1088 521 1294 577; x_wconf 83' lang='lat' dir='ltr'><strong>veniam,</strong></span> <span class='ocrx_word' id='word_1_10' title='bbox 1331 531 1640 583; x_wconf 87' lang='lat' dir='ltr'><strong>quocumque</strong></span> 
     </span>
    </p>
   </div>
   <div class='ocr_carea' id='block_1_5' title="bbox 460 619 658 667">
    <p class='ocr_par' dir='ltr' id='par_1_5' title="bbox 460 619 658 667">
     <span class='ocr_line' id='line_1_5' title="bbox 460 619 658 667; baseline -0.02 0"><span class='ocrx_word' id='word_1_11' title='bbox 460 619 658 667; x_wconf 81' lang='lat' dir='ltr'><strong>vocaris.</strong></span> 
     </span>
    </p>
   </div>
   <div class='ocr_carea' id='block_1_6' title="bbox 329 699 1622 768">
    <p class='ocr_par' dir='ltr' id='par_1_6' title="bbox 329 699 1622 768">
     <span class='ocr_line' id='line_1_6' title="bbox 329 699 1622 768; baseline -0.013 -7"><span class='ocrx_word' id='word_1_12' title='bbox 329 714 510 763; x_wconf 82' lang='lat' dir='ltr'>Audiat</span> <span class='ocrx_word' id='word_1_13' title='bbox 527 711 629 756; x_wconf 83' lang='lat' dir='ltr'><strong>haec</strong></span> <span class='ocrx_word' id='word_1_14' title='bbox 646 720 852 764; x_wconf 83' lang='lat' dir='ltr'><strong>tantum,</strong></span> <span class='ocrx_word' id='word_1_15' title='bbox 868 706 940 752; x_wconf 82' lang='lat' dir='ltr'><strong>vel</strong></span> <span class='ocrx_word' id='word_1_16' title='bbox 958 705 1038 768; x_wconf 88' lang='lat' dir='ltr'><strong>qui</strong></span> <span class='ocrx_word' id='word_1_17' title='bbox 1060 704 1202 758; x_wconf 66' lang='lat' dir='ltr'><strong>venit,</strong></span> <span class='ocrx_word' id='word_1_18' title='bbox 1217 717 1342 757; x_wconf 90' lang='lat' dir='ltr'><strong>ecce,</strong></span> <span class='ocrx_word' id='word_1_19' title='bbox 1360 699 1622 746; x_wconf 82' lang='lat' dir='ltr'><strong>Palaemon.</strong></span> 
     </span>
    </p>
   </div>
   <div class='ocr_carea' id='block_1_7' title="bbox 333 788 1557 861">
    <p class='ocr_par' dir='ltr' id='par_1_7' title="bbox 333 788 1557 861">
     <span class='ocr_line' id='line_1_7' title="bbox 333 788 1557 861; baseline -0.013 -11"><span class='ocrx_word' id='word_1_20' title='bbox 333 803 557 852; x_wconf 85' lang='lat' dir='ltr'><strong>Efficiam</strong></span> <span class='ocrx_word' id='word_1_21' title='bbox 581 798 792 861; x_wconf 82' lang='lat' dir='ltr'><strong>posthac,</strong></span> <span class='ocrx_word' id='word_1_22' title='bbox 815 812 872 842; x_wconf 87' lang='lat' dir='ltr'><strong>ne</strong></span> <span class='ocrx_word' id='word_1_23' title='bbox 896 809 1189 858; x_wconf 83' lang='lat' dir='ltr'><strong>quemquam</strong></span> <span class='ocrx_word' id='word_1_24' title='bbox 1215 806 1331 837; x_wconf 89' lang='lat' dir='ltr'><strong>voce</strong></span> <span class='ocrx_word' id='word_1_25' title='bbox 1355 788 1557 836; x_wconf 78' lang='lat' dir='ltr'><strong>laceffas.</strong></span> 
     </span>
    </p>
   </div>
   <div class='ocr_carea' id='block_1_8' title="bbox 854 899 1138 932">
    <p class='ocr_par' dir='ltr' id='par_1_8' title="bbox 854 899 1138 932">
     <span class='ocr_line' id='line_1_8' title="bbox 854 899 1138 932; baseline -0.011 0"><span class='ocrx_word' id='word_1_26' title='bbox 854 899 1138 932; x_wconf 73' lang='lat' dir='ltr'><strong>DAMOETAS.</strong></span> 
     </span>
    </p>
   </div>
   <div class='ocr_carea' id='block_1_9' title="bbox 339 968 1648 1048">
    <p class='ocr_par' dir='ltr' id='par_1_9' title="bbox 339 968 1648 1048">
     <span class='ocr_line' id='line_1_9' title="bbox 339 968 1648 1048; baseline -0.012 -18"><span class='ocrx_word' id='word_1_27' title='bbox 339 983 471 1048; x_wconf 81' lang='lat' dir='ltr'><strong>Qin</strong></span> <span class='ocrx_word' id='word_1_28' title='bbox 497 997 600 1046; x_wconf 81' lang='lat' dir='ltr'><strong>age,</strong></span> <span class='ocrx_word' id='word_1_29' title='bbox 624 977 776 1041; x_wconf 83' lang='lat' dir='ltr'><strong>siquid</strong></span> <span class='ocrx_word' id='word_1_30' title='bbox 801 976 959 1032; x_wconf 80' lang='lat' dir='ltr'><strong>habes,</strong></span> <span class='ocrx_word' id='word_1_31' title='bbox 984 974 1031 1020; x_wconf 90' lang='lat' dir='ltr'><strong>in</strong></span> <span class='ocrx_word' id='word_1_32' title='bbox 1055 988 1133 1018; x_wconf 88' lang='lat' dir='ltr'><strong>me</strong></span> <span class='ocrx_word' id='word_1_33' title='bbox 1153 986 1286 1017; x_wconf 84' lang='lat' dir='ltr'><strong>mora</strong></span> <span class='ocrx_word' id='word_1_34' title='bbox 1302 985 1394 1016; x_wconf 90' lang='lat' dir='ltr'><strong>non</strong></span> <span class='ocrx_word' id='word_1_35' title='bbox 1419 969 1508 1016; x_wconf 90' lang='lat' dir='ltr'><strong>erit</strong></span> <span class='ocrx_word' id='word_1_36' title='bbox 1529 968 1623 1016; x_wconf 87' lang='lat' dir='ltr'>ulla</span> <span class='ocrx_word' id='word_1_37' title='bbox 1633 991 1648 1024; x_wconf 89' lang='lat'>;</span> 
     </span>
    </p>
   </div>
   <div class='ocr_carea' id='block_1_10' title="bbox 335 1061 1652 1136">
    <p class='ocr_par' dir='ltr' id='par_1_10' title="bbox 335 1061 1652 1136">
     <span class='ocr_line' id='line_1_10' title="bbox 335 1061 1652 1136; baseline -0.014 -12"><span class='ocrx_word' id='word_1_38' title='bbox 335 1076 441 1124; x_wconf 89' lang='lat' dir='ltr'><strong>Nec</strong></span> <span class='ocrx_word' id='word_1_39' title='bbox 467 1086 758 1136; x_wconf 83' lang='lat' dir='ltr'>quemquam</span> <span class='ocrx_word' id='word_1_40' title='bbox 785 1067 945 1131; x_wconf 82' lang='lat' dir='ltr'><strong>fugio:</strong></span> <span class='ocrx_word' id='word_1_41' title='bbox 983 1077 1186 1123; x_wconf 80' lang='lat' dir='ltr'><strong>tantum,</strong></span> <span class='ocrx_word' id='word_1_42' title='bbox 1212 1063 1369 1109; x_wconf 86' lang='lat' dir='ltr'><strong>vicine</strong></span> <span class='ocrx_word' id='word_1_43' title='bbox 1392 1061 1652 1119; x_wconf 81' lang='lat' dir='ltr'><strong>Palaemon,</strong></span> 
     </span>
    </p>
   </div>
   <div class='ocr_carea' id='block_1_11' title="bbox 339 1159 1560 1220">
    <p class='ocr_par' dir='ltr' id='par_1_11' title="bbox 339 1159 1560 1220">
     <span class='ocr_line' id='line_1_11' title="bbox 339 1159 1560 1220; baseline -0.012 -6"><span class='ocrx_word' id='word_1_44' title='bbox 339 1167 556 1214; x_wconf 89' lang='lat' dir='ltr'><strong>Senfibus</strong></span> <span class='ocrx_word' id='word_1_45' title='bbox 580 1165 682 1210; x_wconf 87' lang='lat' dir='ltr'><strong>haec</strong></span> <span class='ocrx_word' id='word_1_46' title='bbox 708 1162 834 1218; x_wconf 80' lang='lat' dir='ltr'><strong>imis,</strong></span> <span class='ocrx_word' id='word_1_47' title='bbox 859 1176 930 1206; x_wconf 90' lang='lat' dir='ltr'><strong>res</strong></span> <span class='ocrx_word' id='word_1_48' title='bbox 955 1159 1019 1206; x_wconf 85' lang='lat' dir='ltr'><strong>est</strong></span> <span class='ocrx_word' id='word_1_49' title='bbox 1042 1175 1134 1205; x_wconf 92' lang='lat' dir='ltr'><strong>non</strong></span> <span class='ocrx_word' id='word_1_50' title='bbox 1158 1171 1319 1220; x_wconf 83' lang='lat' dir='ltr'><strong>parva,</strong></span> <span class='ocrx_word' id='word_1_51' title='bbox 1346 1169 1560 1218; x_wconf 81' lang='lat' dir='ltr'><strong>reponas.</strong></span> 
     </span>
    </p>
   </div>
   <div class='ocr_carea' id='block_1_12' title="bbox 873 1266 1147 1299">
    <p class='ocr_par' dir='ltr' id='par_1_12' title="bbox 873 1266 1147 1299">
     <span class='ocr_line' id='line_1_12' title="bbox 873 1266 1147 1299; baseline -0.011 0"><span class='ocrx_word' id='word_1_52' title='bbox 873 1266 1147 1299; x_wconf 79' lang='lat' dir='ltr'><strong>PALAEMON.</strong></span> 
     </span>
    </p>
   </div>
   <div class='ocr_carea' id='block_1_13' title="bbox 343 1333 1655 1410">
    <p class='ocr_par' dir='ltr' id='par_1_13' title="bbox 343 1333 1655 1410">
     <span class='ocr_line' id='line_1_13' title="bbox 343 1333 1655 1410; baseline -0.014 -12"><span class='ocrx_word' id='word_1_53' title='bbox 343 1351 528 1399; x_wconf 84' lang='lat' dir='ltr'><strong>Dicite:</strong></span> <span class='ocrx_word' id='word_1_54' title='bbox 553 1345 940 1410; x_wconf 83' lang='lat' dir='ltr'><strong>quandoquidem</strong></span> <span class='ocrx_word' id='word_1_55' title='bbox 956 1343 1002 1388; x_wconf 88' lang='lat' dir='ltr'><strong>in</strong></span> <span class='ocrx_word' id='word_1_56' title='bbox 1023 1341 1156 1388; x_wconf 88' lang='lat' dir='ltr'><strong>molli</strong></span> <span class='ocrx_word' id='word_1_57' title='bbox 1172 1337 1470 1386; x_wconf 86' lang='lat' dir='ltr'><strong>consedimus</strong></span> <span class='ocrx_word' id='word_1_58' title='bbox 1486 1333 1655 1388; x_wconf 83' lang='lat' dir='ltr'><strong>herba;</strong></span> 
     </span>
    </p>
   </div>
   <div class='ocr_carea' id='block_1_14' title="bbox 345 1427 1626 1499">
    <p class='ocr_par' dir='ltr' id='par_1_14' title="bbox 345 1427 1626 1499">
     <span class='ocr_line' id='line_1_14' title="bbox 345 1427 1626 1499; baseline -0.014 -10"><span class='ocrx_word' id='word_1_59' title='bbox 345 1443 411 1490; x_wconf 86' lang='lat' dir='ltr'><strong>Et</strong></span> <span class='ocrx_word' id='word_1_60' title='bbox 434 1456 558 1488; x_wconf 87' lang='lat' dir='ltr'><strong>nunc</strong></span> <span class='ocrx_word' id='word_1_61' title='bbox 581 1438 738 1485; x_wconf 89' lang='lat' dir='ltr'><strong>omnis</strong></span> <span class='ocrx_word' id='word_1_62' title='bbox 763 1452 889 1499; x_wconf 83' lang='lat' dir='ltr'><strong>ager,</strong></span> <span class='ocrx_word' id='word_1_63' title='bbox 915 1449 1041 1480; x_wconf 88' lang='lat' dir='ltr'><strong>nunc</strong></span> <span class='ocrx_word' id='word_1_64' title='bbox 1065 1431 1222 1478; x_wconf 86' lang='lat' dir='ltr'><strong>omnis</strong></span> <span class='ocrx_word' id='word_1_65' title='bbox 1245 1428 1450 1493; x_wconf 85' lang='lat' dir='ltr'><strong>parturit</strong></span> <span class='ocrx_word' id='word_1_66' title='bbox 1472 1427 1626 1482; x_wconf 88' lang='lat' dir='ltr'><strong>arbos,</strong></span> 
     </span>
    </p>
   </div>
   <div class='ocr_carea' id='block_1_15' title="bbox 346 1518 1625 1582">
    <p class='ocr_par' dir='ltr' id='par_1_15' title="bbox 346 1518 1625 1582">
     <span class='ocr_line' id='line_1_15' title="bbox 346 1518 1625 1582; baseline -0.013 -2"><span class='ocrx_word' id='word_1_67' title='bbox 346 1534 492 1580; x_wconf 90' lang='lat' dir='ltr'><strong>Nunc</strong></span> <span class='ocrx_word' id='word_1_68' title='bbox 517 1528 738 1576; x_wconf 82' lang='lat' dir='ltr'><strong>frondent</strong></span> <span class='ocrx_word' id='word_1_69' title='bbox 761 1527 905 1582; x_wconf 83' lang='lat' dir='ltr'><strong>filvae,</strong></span> <span class='ocrx_word' id='word_1_70' title='bbox 929 1538 1054 1570; x_wconf 84' lang='lat' dir='ltr'><strong>nunc</strong></span> <span class='ocrx_word' id='word_1_71' title='bbox 1085 1518 1436 1567; x_wconf 82' lang='lat' dir='ltr'><strong>formofiffimuS</strong></span> <span class='ocrx_word' id='word_1_72' title='bbox 1461 1532 1625 1563; x_wconf 87' lang='lat' dir='ltr'><strong>annus.</strong></span> 
     </span>
    </p>
   </div>
   <div class='ocr_carea' id='block_1_16' title="bbox 349 1606 1583 1684">
    <p class='ocr_par' dir='ltr' id='par_1_16' title="bbox 349 1606 1583 1684">
     <span class='ocr_line' id='line_1_16' title="bbox 349 1606 1583 1684; baseline -0.015 -14"><span class='ocrx_word' id='word_1_73' title='bbox 349 1623 531 1684; x_wconf 90' lang='lat' dir='ltr'><strong>Incipe,</strong></span> <span class='ocrx_word' id='word_1_74' title='bbox 561 1620 816 1669; x_wconf 78' lang='lat' dir='ltr'><strong>Darnoeta3</strong></span> <span class='ocrx_word' id='word_1_75' title='bbox 845 1627 894 1661; x_wconf 87' lang='lat' dir='ltr'><strong>tu</strong></span> <span class='ocrx_word' id='word_1_76' title='bbox 920 1611 1091 1660; x_wconf 89' lang='lat' dir='ltr'><strong>deinde</strong></span> <span class='ocrx_word' id='word_1_77' title='bbox 1114 1610 1320 1673; x_wconf 83' lang='lat' dir='ltr'><strong>sequere,</strong></span> <span class='ocrx_word' id='word_1_78' title='bbox 1345 1606 1583 1655; x_wconf 85' lang='lat' dir='ltr'><strong>Menalca.</strong></span> 
     </span>
    </p>
   </div>
   <div class='ocr_carea' id='block_1_17' title="bbox 348 1701 1434 1764">
    <p class='ocr_par' dir='ltr' id='par_1_17' title="bbox 348 1701 1434 1764">
     <span class='ocr_line' id='line_1_17' title="bbox 348 1701 1434 1764; baseline -0.016 0"><span class='ocrx_word' id='word_1_79' title='bbox 348 1713 556 1764; x_wconf 84' lang='lat' dir='ltr'><strong>Alternis</strong></span> <span class='ocrx_word' id='word_1_80' title='bbox 581 1709 776 1764; x_wconf 81' lang='lat' dir='ltr'><strong>dicetis;</strong></span> <span class='ocrx_word' id='word_1_81' title='bbox 803 1716 965 1752; x_wconf 80' lang='lat' dir='ltr'><strong>amant</strong></span> <span class='ocrx_word' id='word_1_82' title='bbox 987 1704 1166 1750; x_wconf 82' lang='lat' dir='ltr'><strong>alterna</strong></span> <span class='ocrx_word' id='word_1_83' title='bbox 1192 1701 1434 1747; x_wconf 84' lang='lat' dir='ltr'><strong>Camenae.</strong></span> 
     </span>
    </p>
   </div>
   <div class='ocr_carea' id='block_1_18' title="bbox 396 1835 1120 1890">
    <p class='ocr_par' dir='ltr' id='par_1_18' title="bbox 396 1835 1120 1890">
     <span class='ocr_line' id='line_1_18' title="bbox 396 1835 1120 1890; baseline -0.019 -11"><span class='ocrx_word' id='word_1_84' title='bbox 396 1857 449 1890; x_wconf 87' lang='grc'><strong>49.</strong></span> <span class='ocrx_word' id='word_1_85' title='bbox 474 1847 541 1878; x_wconf 78' lang='lat' dir='ltr'><strong>IVon</strong></span> <span class='ocrx_word' id='word_1_86' title='bbox 558 1846 632 1876; x_wconf 63' lang='lat' dir='ltr'><strong>hodie</strong></span> <span class='ocrx_word' id='word_1_87' title='bbox 650 1841 779 1874; x_wconf 80' lang='lat' dir='ltr'><strong>Zulich.</strong></span> <span class='ocrx_word' id='word_1_88' title='bbox 823 1839 931 1869; x_wconf 76' lang='lat' dir='ltr'><strong>vocabis</strong></span> <span class='ocrx_word' id='word_1_89' title='bbox 949 1836 1049 1868; x_wconf 87' lang='lat' dir='ltr'><strong>Goth.</strong></span> <span class='ocrx_word' id='word_1_90' title='bbox 1064 1835 1120 1867; x_wconf 87' lang='lat' dir='ltr'><strong>sec.</strong></span> 
     </span>
    </p>
   </div>
   <div class='ocr_carea' id='block_1_19' title="bbox 1122 1853 1207 1859">
    <p class='ocr_par' dir='ltr' id='par_1_19' title="bbox 1122 1853 1207 1859">
     <span class='ocr_line' id='line_1_19' title="bbox 1122 1853 1207 1859; baseline 0 0"><span class='ocrx_word' id='word_1_91' title='bbox 1122 1853 1207 1859; x_wconf 95' lang='lat' dir='ltr'><strong> </strong></span> 
     </span>
    </p>
   </div>
   <div class='ocr_carea' id='block_1_20' title="bbox 1209 1830 1667 1874">
    <p class='ocr_par' dir='ltr' id='par_1_20' title="bbox 1209 1830 1667 1874">
     <span class='ocr_line' id='line_1_20' title="bbox 1209 1830 1667 1874; baseline -0.011 -8"><span class='ocrx_word' id='word_1_92' title='bbox 1209 1844 1262 1873; x_wconf 80' lang='lat'><strong>50.</strong></span> <span class='ocrx_word' id='word_1_93' title='bbox 1289 1833 1389 1865; x_wconf 79' lang='lat' dir='ltr'>palat.</span> <span class='ocrx_word' id='word_1_94' title='bbox 1405 1840 1437 1865; x_wconf 86' lang='lat' dir='ltr'><strong>et</strong></span> <span class='ocrx_word' id='word_1_95' title='bbox 1455 1834 1539 1874; x_wconf 80' lang='lat' dir='ltr'><strong>Reg.</strong></span> <span class='ocrx_word' id='word_1_96' title='bbox 1557 1830 1667 1863; x_wconf 80' lang='lat' dir='ltr'><strong>distin-</strong></span> 
     </span>
    </p>
   </div>
   <div class='ocr_carea' id='block_1_21' title="bbox 351 1882 1668 1945">
    <p class='ocr_par' dir='ltr' id='par_1_21' title="bbox 351 1882 1668 1945">
     <span class='ocr_line' id='line_1_21' title="bbox 351 1882 1668 1945; baseline -0.014 -13"><span class='ocrx_word' id='word_1_97' title='bbox 351 1908 455 1945; x_wconf 77' lang='lat' dir='ltr'><strong>guunt</strong></span> <span class='ocrx_word' id='word_1_98' title='bbox 475 1898 544 1941; x_wconf 88' lang='lat' dir='ltr'><strong>post</strong></span> <span class='ocrx_word' id='word_1_99' title='bbox 570 1899 617 1927; x_wconf 79' lang='lat' dir='ltr'><strong>vel</strong></span> <span class='ocrx_word' id='word_1_100' title='bbox 644 1895 717 1937; x_wconf 78' lang='lat' dir='ltr'><strong>qui?</strong></span> <span class='ocrx_word' id='word_1_101' title='bbox 741 1896 789 1924; x_wconf 85' lang='lat' dir='ltr'><strong>At</strong></span> <span class='ocrx_word' id='word_1_102' title='bbox 804 1901 903 1923; x_wconf 87' lang='lat' dir='ltr'><strong>vero:</strong></span> <span class='ocrx_word' id='word_1_103' title='bbox 927 1892 1035 1921; x_wconf 74' lang='lat' dir='ltr'><strong>Audiat</strong></span> <span class='ocrx_word' id='word_1_104' title='bbox 1058 1889 1112 1918; x_wconf 64' lang='lat' dir='ltr'><strong>haec</strong></span> <span class='ocrx_word' id='word_1_105' title='bbox 1136 1890 1239 1928; x_wconf 68' lang='lat' dir='ltr'><strong>aliquis</strong></span> <span class='ocrx_word' id='word_1_106' title='bbox 1263 1889 1348 1918; x_wconf 86' lang='lat' dir='ltr'><strong>Ven.</strong></span> <span class='ocrx_word' id='word_1_107' title='bbox 1371 1894 1403 1918; x_wconf 87' lang='lat' dir='ltr'><strong>et</strong></span> <span class='ocrx_word' id='word_1_108' title='bbox 1428 1884 1592 1923; x_wconf 80' lang='lat' dir='ltr'><strong>Parrhas.;</strong></span> <span class='ocrx_word' id='word_1_109' title='bbox 1615 1882 1668 1914; x_wconf 87' lang='lat' dir='ltr'><strong>hic</strong></span> 
     </span>
    </p>
   </div>
   <div class='ocr_carea' id='block_1_22' title="bbox 353 1939 1374 2087">
    <p class='ocr_par' dir='ltr' id='par_1_22' title="bbox 353 1939 1374 2087">
     <span class='ocr_line' id='line_1_22' title="bbox 353 1939 1374 1995; baseline -0.016 -11"><span class='ocrx_word' id='word_1_110' title='bbox 353 1963 480 1995; x_wconf 85' lang='lat' dir='ltr'><strong>quoque</strong></span> <span class='ocrx_word' id='word_1_111' title='bbox 497 1952 543 1981; x_wconf 84' lang='lat' dir='ltr'><strong>vel</strong></span> <span class='ocrx_word' id='word_1_112' title='bbox 557 1952 625 1990; x_wconf 50' lang='grc' dir='ltr'><strong>φῄς.</strong></span> <span class='ocrx_word' id='word_1_113' title='bbox 668 1946 818 1977; x_wconf 74' lang='lat' dir='ltr'><strong>Tandem</strong></span> <span class='ocrx_word' id='word_1_114' title='bbox 836 1945 958 1974; x_wconf 84' lang='lat' dir='ltr'><strong>Moret.</strong></span> <span class='ocrx_word' id='word_1_115' title='bbox 975 1948 1106 1984; x_wconf 85' lang='lat' dir='ltr'><strong>quartus</strong></span> <span class='ocrx_word' id='word_1_116' title='bbox 1122 1939 1321 1982; x_wconf 53' lang='lat' dir='ltr'><strong>Aiut&#39;iat-isst</strong></span> <span class='ocrx_word' id='word_1_117' title='bbox 1335 1940 1374 1969; x_wconf 79' lang='lat' dir='ltr'><strong>P.</strong></span> 
     </span>
     <span class='ocr_line' id='line_1_23' title="bbox 356 1996 1007 2037; baseline -0.023 0"><span class='ocrx_word' id='word_1_118' title='bbox 356 2017 376 2037; x_wconf 87' lang='lat' dir='ltr'>a</span> <span class='ocrx_word' id='word_1_119' title='bbox 391 2002 551 2035; x_wconf 73' lang='lat' dir='ltr'><strong>nonnullis</strong></span> <span class='ocrx_word' id='word_1_120' title='bbox 568 2001 651 2031; x_wconf 85' lang='lat' dir='ltr'><strong>Pier.</strong></span> <span class='ocrx_word' id='word_1_121' title='bbox 664 2006 694 2029; x_wconf 84' lang='lat' dir='ltr'><strong>et</strong></span> <span class='ocrx_word' id='word_1_122' title='bbox 712 1997 822 2028; x_wconf 85' lang='lat' dir='ltr'><strong>Heins.</strong></span> <span class='ocrx_word' id='word_1_123' title='bbox 852 1996 1007 2036; x_wconf 67' lang='lat' dir='ltr'><strong>cotfidimus</strong></span> 
     </span>
     <span class='ocr_line' id='line_1_24' title="bbox 353 2045 1149 2087; baseline -0.018 0"><span class='ocrx_word' id='word_1_124' title='bbox 353 2056 488 2087; x_wconf 82' lang='lat' dir='ltr'><strong>ratione.</strong></span> <span class='ocrx_word' id='word_1_125' title='bbox 504 2053 569 2084; x_wconf 83' lang='lat' dir='ltr'><strong>vid.</strong></span> <span class='ocrx_word' id='word_1_126' title='bbox 586 2053 695 2082; x_wconf 71' lang='lat' dir='ltr'><strong>Burni.</strong></span> <span class='ocrx_word' id='word_1_127' title='bbox 712 2048 794 2080; x_wconf 90' lang='lat' dir='ltr'><strong>conf.</strong></span> <span class='ocrx_word' id='word_1_128' title='bbox 810 2048 850 2079; x_wconf 82' lang='lat' dir='ltr'><strong>ad</strong></span> <span class='ocrx_word' id='word_1_129' title='bbox 865 2045 986 2078; x_wconf 85' lang='lat' dir='ltr'><strong>Tibull.</strong></span> <span class='ocrx_word' id='word_1_130' title='bbox 1003 2045 1042 2082; x_wconf 90' lang='lat'><strong>11,</strong></span> <span class='ocrx_word' id='word_1_131' title='bbox 1053 2054 1087 2084; x_wconf 81' lang='lat'><strong>5,</strong></span> <span class='ocrx_word' id='word_1_132' title='bbox 1098 2052 1149 2085; x_wconf 84' lang='lat'><strong>95.</strong></span> 
     </span>
    </p>
   </div>
   <div class='ocr_carea' id='block_1_23' title="bbox 356 2102 739 2144">
    <p class='ocr_par' dir='ltr' id='par_1_23' title="bbox 356 2102 739 2144">
     <span class='ocr_line' id='line_1_25' title="bbox 356 2102 739 2144; baseline -0.021 -5"><span class='ocrx_word' id='word_1_133' title='bbox 356 2110 457 2144; x_wconf 87' lang='lat' dir='ltr'><strong>Ven.,</strong></span> <span class='ocrx_word' id='word_1_134' title='bbox 466 2105 564 2137; x_wconf 70' lang='lat' dir='ltr'><strong>etiam</strong></span> <span class='ocrx_word' id='word_1_135' title='bbox 575 2104 636 2134; x_wconf 91' lang='lat' dir='ltr'><strong>hoc</strong></span> <span class='ocrx_word' id='word_1_136' title='bbox 646 2102 739 2133; x_wconf 86' lang='lat' dir='ltr'><strong>bene.</strong></span> 
     </span>
    </p>
   </div>
   <div class='ocr_carea' id='block_1_24' title="bbox 356 2208 998 2941">
    <p class='ocr_par' dir='ltr' id='par_1_24' title="bbox 356 2208 987 2476">
     <span class='ocr_line' id='line_1_26' title="bbox 356 2208 982 2268; baseline -0.018 -12"><span class='ocrx_word' id='word_1_137' title='bbox 356 2229 564 2268; x_wconf 85' lang='lat' dir='ltr'><strong>comparas:</strong></span> <span class='ocrx_word' id='word_1_138' title='bbox 593 2227 667 2252; x_wconf 88' lang='lat' dir='ltr'><strong>non</strong></span> <span class='ocrx_word' id='word_1_139' title='bbox 691 2212 737 2250; x_wconf 86' lang='lat' dir='ltr'><strong>est</strong></span> <span class='ocrx_word' id='word_1_140' title='bbox 760 2209 856 2262; x_wconf 87' lang='lat' dir='ltr'><strong>quod</strong></span> <span class='ocrx_word' id='word_1_141' title='bbox 888 2208 982 2247; x_wconf 86' lang='lat' dir='ltr'><strong>illud</strong></span> 
     </span>
     <span class='ocr_line' id='line_1_27' title="bbox 356 2266 984 2320; baseline -0.019 -12"><span class='ocrx_word' id='word_1_142' title='bbox 356 2271 473 2308; x_wconf 82' lang='lat' dir='ltr'><strong>vitula</strong></span> <span class='ocrx_word' id='word_1_143' title='bbox 489 2266 773 2320; x_wconf 78' lang='lat' dir='ltr'><strong>potiushabeas3</strong></span> <span class='ocrx_word' id='word_1_144' title='bbox 802 2275 866 2299; x_wconf 84' lang='lat' dir='ltr'><strong>nec</strong></span> <span class='ocrx_word' id='word_1_145' title='bbox 894 2273 984 2312; x_wconf 86' lang='lat' dir='ltr'><strong>opus</strong></span> 
     </span>
     <span class='ocr_line' id='line_1_28' title="bbox 358 2314 986 2369; baseline -0.019 -10"><span class='ocrx_word' id='word_1_146' title='bbox 358 2323 421 2366; x_wconf 83' lang='lat' dir='ltr'><strong>est,</strong></span> <span class='ocrx_word' id='word_1_147' title='bbox 450 2330 489 2358; x_wconf 85' lang='lat' dir='ltr'><strong>ut</strong></span> <span class='ocrx_word' id='word_1_148' title='bbox 508 2332 590 2369; x_wconf 86' lang='lat' dir='ltr'><strong>ego,</strong></span> <span class='ocrx_word' id='word_1_149' title='bbox 608 2317 669 2354; x_wconf 80' lang='lat' dir='ltr'><strong>etsi</strong></span> <span class='ocrx_word' id='word_1_150' title='bbox 688 2316 763 2353; x_wconf 84' lang='lat' dir='ltr'><strong>duo</strong></span> <span class='ocrx_word' id='word_1_151' title='bbox 792 2314 924 2365; x_wconf 87' lang='lat' dir='ltr'><strong>pocula</strong></span> <span class='ocrx_word' id='word_1_152' title='bbox 950 2321 986 2348; x_wconf 90' lang='lat' dir='ltr'><strong>et</strong></span> 
     </span>
     <span class='ocr_line' id='line_1_29' title="bbox 359 2364 987 2425; baseline -0.019 -14"><span class='ocrx_word' id='word_1_153' title='bbox 359 2373 433 2425; x_wconf 84' lang='lat' dir='ltr'><strong>ipse</strong></span> <span class='ocrx_word' id='word_1_154' title='bbox 457 2372 586 2414; x_wconf 85' lang='lat' dir='ltr'><strong>habco,</strong></span> <span class='ocrx_word' id='word_1_155' title='bbox 612 2371 762 2406; x_wconf 82' lang='lat' dir='ltr'><strong>alterum</strong></span> <span class='ocrx_word' id='word_1_156' title='bbox 788 2364 896 2403; x_wconf 77' lang='lat' dir='ltr'><strong>exiis</strong></span> <span class='ocrx_word' id='word_1_157' title='bbox 921 2377 987 2415; x_wconf 91' lang='lat' dir='ltr'><strong>pro</strong></span> 
     </span>
     <span class='ocr_line' id='line_1_30' title="bbox 361 2424 705 2476; baseline -0.015 -13"><span class='ocrx_word' id='word_1_158' title='bbox 361 2424 543 2476; x_wconf 68' lang='lat' dir='ltr'><strong>sponsione</strong></span> <span class='ocrx_word' id='word_1_159' title='bbox 560 2434 705 2472; x_wconf 80' lang='lat' dir='ltr'><strong>ponam.</strong></span> 
     </span>
    </p>

    <p class='ocr_par' dir='ltr' id='par_1_25' title="bbox 360 2470 998 2941">
     <span class='ocr_line' id='line_1_31' title="bbox 413 2470 984 2527; baseline -0.014 -14"><span class='ocrx_word' id='word_1_160' title='bbox 413 2491 476 2527; x_wconf 83' lang='lat'><strong>49.</strong></span> <span class='ocrx_word' id='word_1_161' title='bbox 506 2475 694 2523; x_wconf 70' lang='lat' dir='ltr'><strong>Numquam</strong></span> <span class='ocrx_word' id='word_1_162' title='bbox 711 2470 804 2508; x_wconf 75' lang='lat' dir='ltr'><strong>hodie</strong></span> <span class='ocrx_word' id='word_1_163' title='bbox 827 2471 984 2520; x_wconf 67' lang='lat' dir='ltr'><strong>cffilgies:</strong></span> 
     </span>
     <span class='ocr_line' id='line_1_32' title="bbox 360 2519 987 2566; baseline -0.018 0"><span class='ocrx_word' id='word_1_164' title='bbox 360 2528 471 2566; x_wconf 84' lang='lat' dir='ltr'><strong>verba</strong></span> <span class='ocrx_word' id='word_1_165' title='bbox 506 2539 527 2562; x_wconf 84' lang='lat' dir='ltr'>a</span> <span class='ocrx_word' id='word_1_166' title='bbox 564 2524 695 2561; x_wconf 80' lang='lat' dir='ltr'><strong>Naevio</strong></span> <span class='ocrx_word' id='word_1_167' title='bbox 729 2530 889 2558; x_wconf 79' lang='lat' dir='ltr'>mutuata</span> <span class='ocrx_word' id='word_1_168' title='bbox 921 2519 987 2556; x_wconf 78' lang='lat' dir='ltr'><strong>effe</strong></span> 
     </span>
     <span class='ocr_line' id='line_1_33' title="bbox 363 2572 986 2630; baseline -0.013 -13"><span class='ocrx_word' id='word_1_169' title='bbox 363 2593 421 2630; x_wconf 85' lang='lat' dir='ltr'><strong>ap.</strong></span> <span class='ocrx_word' id='word_1_170' title='bbox 443 2576 612 2614; x_wconf 82' lang='lat' dir='ltr'><strong>Macrob.</strong></span> <span class='ocrx_word' id='word_1_171' title='bbox 632 2575 705 2619; x_wconf 86' lang='lat' dir='ltr'><strong>VI,</strong></span> <span class='ocrx_word' id='word_1_172' title='bbox 728 2587 738 2610; x_wconf 96' lang='lat'>1</span> <span class='ocrx_word' id='word_1_173' title='bbox 762 2572 921 2609; x_wconf 72' lang='lat' dir='ltr'><strong>asseritur</strong></span> <span class='ocrx_word' id='word_1_174' title='bbox 951 2585 986 2621; x_wconf 87' lang='lat' dir='ltr'><strong>p.</strong></span> 
     </span>
     <span class='ocr_line' id='line_1_34' title="bbox 364 2634 988 2683; baseline -0.016 -14"><span class='ocrx_word' id='word_1_175' title='bbox 364 2634 453 2683; x_wconf 76' lang='lat'><strong>576.</strong></span> <span class='ocrx_word' id='word_1_176' title='bbox 507 2634 645 2665; x_wconf 73' lang='lat' dir='ltr'><strong>‘veniam</strong></span> <span class='ocrx_word' id='word_1_177' title='bbox 677 2640 855 2676; x_wconf 78' lang='lat' dir='ltr'><strong>quocunque</strong></span> <span class='ocrx_word' id='word_1_178' title='bbox 886 2639 988 2661; x_wconf 75' lang='lat' dir='ltr'><em>voca-</em></span> 
     </span>
     <span class='ocr_line' id='line_1_35' title="bbox 366 2675 990 2729; baseline -0.014 -10"><span class='ocrx_word' id='word_1_179' title='bbox 366 2689 439 2719; x_wconf 85' lang='lat' dir='ltr'><strong>ris:</strong></span> <span class='ocrx_word' id='word_1_180' title='bbox 483 2679 579 2729; x_wconf 86' lang='lat' dir='ltr'><strong>quod</strong></span> <span class='ocrx_word' id='word_1_181' title='bbox 615 2679 741 2728; x_wconf 84' lang='lat' dir='ltr'><strong>vulgo,</strong></span> <span class='ocrx_word' id='word_1_182' title='bbox 776 2675 990 2713; x_wconf 82' lang='lat' dir='ltr'><strong>descendere</strong></span> 
     </span>
     <span class='ocr_line' id='line_1_36' title="bbox 364 2726 995 2775; baseline -0.014 -4"><span class='ocrx_word' id='word_1_183' title='bbox 364 2735 411 2771; x_wconf 82' lang='lat' dir='ltr'><strong>ad</strong></span> <span class='ocrx_word' id='word_1_184' title='bbox 438 2731 576 2775; x_wconf 87' lang='lat' dir='ltr'><strong>omnia,</strong></span> <span class='ocrx_word' id='word_1_185' title='bbox 602 2730 638 2767; x_wconf 92' lang='lat' dir='ltr'><strong>h.</strong></span> <span class='ocrx_word' id='word_1_186' title='bbox 675 2731 699 2767; x_wconf 91' lang='lat' dir='ltr'><strong>l.</strong></span> <span class='ocrx_word' id='word_1_187' title='bbox 733 2728 835 2765; x_wconf 86' lang='lat' dir='ltr'><strong>omni</strong></span> <span class='ocrx_word' id='word_1_188' title='bbox 867 2726 995 2763; x_wconf 89' lang='lat' dir='ltr'><strong>condi-</strong></span> 
     </span>
     <span class='ocr_line' id='line_1_37' title="bbox 365 2778 991 2834; baseline -0.014 -12"><span class='ocrx_word' id='word_1_189' title='bbox 365 2785 464 2822; x_wconf 85' lang='lat' dir='ltr'><strong>tione</strong></span> <span class='ocrx_word' id='word_1_190' title='bbox 482 2782 660 2834; x_wconf 84' lang='lat' dir='ltr'><strong>propofita</strong></span> <span class='ocrx_word' id='word_1_191' title='bbox 683 2790 800 2817; x_wconf 84' lang='lat' dir='ltr'><strong>tecum</strong></span> <span class='ocrx_word' id='word_1_192' title='bbox 820 2778 965 2816; x_wconf 82' lang='lat' dir='ltr'><strong>certabo</strong></span> <span class='ocrx_word' id='word_1_193' title='bbox 983 2791 991 2814; x_wconf 91' lang='lat'>:</span> 
     </span>
     <span class='ocr_line' id='line_1_38' title="bbox 368 2829 993 2874; baseline -0.014 0"><span class='ocrx_word' id='word_1_194' title='bbox 368 2836 479 2874; x_wconf 87' lang='lat' dir='ltr'><strong>modo</strong></span> <span class='ocrx_word' id='word_1_195' title='bbox 510 2833 645 2870; x_wconf 84' lang='lat' dir='ltr'><strong>arbiter</strong></span> <span class='ocrx_word' id='word_1_196' title='bbox 662 2830 867 2869; x_wconf 86' lang='lat' dir='ltr'><strong>certaminis</strong></span> <span class='ocrx_word' id='word_1_197' title='bbox 886 2829 993 2866; x_wconf 83' lang='lat' dir='ltr'><strong>adsit!</strong></span> 
     </span>
     <span class='ocr_line' id='line_1_39' title="bbox 369 2881 998 2941; baseline -0.013 -15"><span class='ocrx_word' id='word_1_198' title='bbox 369 2901 431 2941; x_wconf 81' lang='lat'><strong>50.</strong></span> <span class='ocrx_word' id='word_1_199' title='bbox 460 2886 590 2925; x_wconf 77' lang='lat' dir='ltr'><strong>Audiat</strong></span> <span class='ocrx_word' id='word_1_200' title='bbox 618 2884 691 2923; x_wconf 78' lang='lat' dir='ltr'><strong>haec</strong></span> <span class='ocrx_word' id='word_1_201' title='bbox 718 2881 998 2922; x_wconf 73' lang='lat' dir='ltr'><strong>tantum—vole-</strong></span> 
     </span>
    </p>
   </div>
   <div class='ocr_carea' id='block_1_25' title="bbox 1377 1955 1462 1962">
    <p class='ocr_par' dir='ltr' id='par_1_26' title="bbox 1377 1955 1462 1962">
     <span class='ocr_line' id='line_1_40' title="bbox 1377 1955 1462 1962; baseline 0 1419"><span class='ocrx_word' id='word_1_202' title='bbox 1377 1955 1462 1962; x_wconf 95' lang='lat' dir='ltr'><strong> </strong></span> 
     </span>
    </p>
   </div>
   <div class='ocr_carea' id='block_1_26' title="bbox 1462 1935 1668 1976">
    <p class='ocr_par' dir='ltr' id='par_1_27' title="bbox 1462 1935 1668 1976">
     <span class='ocr_line' id='line_1_41' title="bbox 1462 1935 1668 1976; baseline -0.015 -7"><span class='ocrx_word' id='word_1_203' title='bbox 1462 1947 1516 1976; x_wconf 79' lang='lat'><strong>55.</strong></span> <span class='ocrx_word' id='word_1_204' title='bbox 1538 1939 1567 1966; x_wconf 84' lang='lat' dir='ltr'><strong>in</strong></span> <span class='ocrx_word' id='word_1_205' title='bbox 1583 1935 1668 1967; x_wconf 76' lang='lat' dir='ltr'><strong>abest</strong></span> 
     </span>
    </p>
   </div>
   <div class='ocr_carea' id='block_1_27' title="bbox 1024 1987 1670 2032">
    <p class='ocr_par' dir='ltr' id='par_1_28' title="bbox 1024 1987 1670 2032">
     <span class='ocr_line' id='line_1_42' title="bbox 1024 1987 1670 2032; baseline -0.009 -10"><span class='ocrx_word' id='word_1_206' title='bbox 1024 1993 1119 2023; x_wconf 82' lang='lat' dir='ltr'><em>umbra</em></span> <span class='ocrx_word' id='word_1_207' title='bbox 1133 1993 1229 2028; x_wconf 82' lang='lat' dir='ltr'><strong>Ven.‚</strong></span> <span class='ocrx_word' id='word_1_208' title='bbox 1244 1997 1398 2032; x_wconf 81' lang='lat' dir='ltr'><strong>perpetua</strong></span> <span class='ocrx_word' id='word_1_209' title='bbox 1408 1989 1564 2020; x_wconf 85' lang='lat' dir='ltr'><strong>librorum</strong></span> <span class='ocrx_word' id='word_1_210' title='bbox 1580 1987 1670 2018; x_wconf 85' lang='lat' dir='ltr'><strong>aber-</strong></span> 
     </span>
    </p>
   </div>
   <div class='ocr_carea' id='block_1_28' title="bbox 1152 2060 1236 2066">
    <p class='ocr_par' dir='ltr' id='par_1_29' title="bbox 1152 2060 1236 2066">
     <span class='ocr_line' id='line_1_43' title="bbox 1152 2060 1236 2066; baseline 0 0"><span class='ocrx_word' id='word_1_211' title='bbox 1152 2060 1236 2066; x_wconf 95' lang='lat' dir='ltr'><strong> </strong></span> 
     </span>
    </p>
   </div>
   <div class='ocr_carea' id='block_1_29' title="bbox 1236 2038 1669 2084">
    <p class='ocr_par' dir='ltr' id='par_1_30' title="bbox 1236 2038 1669 2084">
     <span class='ocr_line' id='line_1_44' title="bbox 1236 2038 1669 2084; baseline -0.007 -12"><span class='ocrx_word' id='word_1_212' title='bbox 1236 2052 1289 2084; x_wconf 80' lang='lat'><strong>59.</strong></span> <span class='ocrx_word' id='word_1_213' title='bbox 1304 2043 1406 2073; x_wconf 80' lang='lat' dir='ltr'><strong>alterni</strong></span> <span class='ocrx_word' id='word_1_214' title='bbox 1422 2041 1561 2082; x_wconf 88' lang='lat' dir='ltr'><strong>Menag.</strong></span> <span class='ocrx_word' id='word_1_215' title='bbox 1574 2047 1606 2070; x_wconf 88' lang='lat' dir='ltr'><strong>et</strong></span> <span class='ocrx_word' id='word_1_216' title='bbox 1618 2038 1669 2070; x_wconf 85' lang='lat' dir='ltr'><strong>ed.</strong></span> 
     </span>
    </p>
   </div>
   <div class='ocr_carea' id='block_1_30' title="bbox 1043 2203 1686 2931">
    <p class='ocr_par' dir='ltr' id='par_1_31' title="bbox 1043 2203 1676 2515">
     <span class='ocr_line' id='line_1_45' title="bbox 1043 2203 1673 2257; baseline -0.008 -13"><span class='ocrx_word' id='word_1_217' title='bbox 1043 2207 1107 2244; x_wconf 89' lang='lat' dir='ltr'><strong>bat</strong></span> <span class='ocrx_word' id='word_1_218' title='bbox 1125 2205 1296 2257; x_wconf 81' lang='lat' dir='ltr'><strong>subjicere</strong></span> <span class='ocrx_word' id='word_1_219' title='bbox 1309 2204 1442 2257; x_wconf 83' lang='lat' dir='ltr'><strong>aliquis,</strong></span> <span class='ocrx_word' id='word_1_220' title='bbox 1465 2203 1520 2241; x_wconf 83' lang='lat' dir='ltr'><strong>vel</strong></span> <span class='ocrx_word' id='word_1_221' title='bbox 1541 2215 1673 2240; x_wconf 86' lang='lat' dir='ltr'><strong>nomen</strong></span> 
     </span>
     <span class='ocr_line' id='line_1_46' title="bbox 1047 2254 1675 2309; baseline -0.008 -13"><span class='ocrx_word' id='word_1_222' title='bbox 1047 2258 1193 2309; x_wconf 84' lang='lat' dir='ltr'><strong>pastoris</strong></span> <span class='ocrx_word' id='word_1_223' title='bbox 1220 2257 1388 2307; x_wconf 86' lang='lat' dir='ltr'><strong>alicujus,</strong></span> <span class='ocrx_word' id='word_1_224' title='bbox 1419 2268 1574 2306; x_wconf 89' lang='lat' dir='ltr'><strong>cumque</strong></span> <span class='ocrx_word' id='word_1_225' title='bbox 1605 2254 1675 2292; x_wconf 85' lang='lat' dir='ltr'><strong>cir-</strong></span> 
     </span>
     <span class='ocr_line' id='line_1_47' title="bbox 1049 2306 1674 2361; baseline -0.005 -14"><span class='ocrx_word' id='word_1_226' title='bbox 1049 2309 1299 2361; x_wconf 88' lang='lat' dir='ltr'><strong>cumspicienti</strong></span> <span class='ocrx_word' id='word_1_227' title='bbox 1327 2308 1361 2345; x_wconf 92' lang='lat' dir='ltr'><strong>se</strong></span> <span class='ocrx_word' id='word_1_228' title='bbox 1392 2307 1534 2345; x_wconf 83' lang='lat' dir='ltr'><strong>offerret</strong></span> <span class='ocrx_word' id='word_1_229' title='bbox 1566 2306 1674 2344; x_wconf 84' lang='lat' dir='ltr'><strong>Palae·</strong></span> 
     </span>
     <span class='ocr_line' id='line_1_48' title="bbox 1051 2358 1674 2408; baseline -0.01 -8"><span class='ocrx_word' id='word_1_230' title='bbox 1051 2375 1153 2406; x_wconf 88' lang='lat' dir='ltr'><strong>mon,</strong></span> <span class='ocrx_word' id='word_1_231' title='bbox 1179 2361 1244 2398; x_wconf 79' lang='lat' dir='ltr'><strong>vel</strong></span> <span class='ocrx_word' id='word_1_232' title='bbox 1255 2360 1307 2399; x_wconf 88' lang='lat' dir='ltr'><strong>hic</strong></span> <span class='ocrx_word' id='word_1_233' title='bbox 1324 2360 1514 2402; x_wconf 82' lang='lat' dir='ltr'><strong>Palaemon‚</strong></span> <span class='ocrx_word' id='word_1_234' title='bbox 1539 2358 1674 2408; x_wconf 85' lang='lat' dir='ltr'><strong>inquit,</strong></span> 
     </span>
     <span class='ocr_line' id='line_1_49' title="bbox 1052 2409 1676 2464; baseline -0.005 -14"><span class='ocrx_word' id='word_1_235' title='bbox 1052 2415 1184 2457; x_wconf 74' lang='lat' dir='ltr'><strong>audiat,</strong></span> <span class='ocrx_word' id='word_1_236' title='bbox 1196 2420 1324 2464; x_wconf 70' lang='lat' dir='ltr'><strong>quiesce</strong></span> <span class='ocrx_word' id='word_1_237' title='bbox 1333 2418 1441 2450; x_wconf 76' lang='lat' dir='ltr'><strong>venit.</strong></span> <span class='ocrx_word' id='word_1_238' title='bbox 1456 2409 1506 2448; x_wconf 90' lang='lat' dir='ltr'><strong>cf.</strong></span> <span class='ocrx_word' id='word_1_239' title='bbox 1515 2410 1676 2448; x_wconf 83' lang='lat' dir='ltr'><strong>Theocr.</strong></span> 
     </span>
     <span class='ocr_line' id='line_1_50' title="bbox 1049 2464 1468 2515; baseline -0.012 -11"><span class='ocrx_word' id='word_1_240' title='bbox 1049 2466 1102 2510; x_wconf 89' lang='lat' dir='ltr'><strong>V,</strong></span> <span class='ocrx_word' id='word_1_241' title='bbox 1121 2467 1183 2503; x_wconf 86' lang='lat'><strong>62.</strong></span> <span class='ocrx_word' id='word_1_242' title='bbox 1201 2464 1310 2508; x_wconf 85' lang='lat' dir='ltr'><strong>VIII,</strong></span> <span class='ocrx_word' id='word_1_243' title='bbox 1331 2477 1375 2515; x_wconf 79' lang='lat'><strong>25</strong></span> <span class='ocrx_word' id='word_1_244' title='bbox 1392 2464 1468 2513; x_wconf 90' lang='lat' dir='ltr'><strong>sqq.</strong></span> 
     </span>
    </p>

    <p class='ocr_par' dir='ltr' id='par_1_32' title="bbox 1050 2512 1679 2671">
     <span class='ocr_line' id='line_1_51' title="bbox 1103 2512 1679 2605; baseline -0.007 -51"><span class='ocrx_word' id='word_1_245' title='bbox 1103 2530 1164 2605; x_wconf 68' lang='lat'>512.</span> <span class='ocrx_word' id='word_1_246' title='bbox 1180 2516 1424 2604; x_wconf 40' lang='lat' dir='ltr'><strong>ssqfidlhgben</strong></span> <span class='ocrx_word' id='word_1_247' title='bbox 1453 2513 1589 2603; x_wconf 36' lang='lat' dir='ltr'><strong>Eadem</strong></span> <span class='ocrx_word' id='word_1_248' title='bbox 1604 2512 1679 2550; x_wconf 87' lang='lat' dir='ltr'>fOl&#39;-</span> 
     </span>
     <span class='ocr_line' id='line_1_52' title="bbox 1050 2578 1678 2610; baseline -0.006 -3"><span class='ocrx_word' id='word_1_249' title='bbox 1050 2582 1110 2607; x_wconf 87' lang='lat' dir='ltr'><strong>mu</strong></span> <span class='ocrx_word' id='word_1_250' title='bbox 1128 2581 1147 2604; x_wconf 85' lang='lat' dir='ltr'>a</span> <span class='ocrx_word' id='word_1_251' title='bbox 1197 2579 1233 2604; x_wconf 54' lang='grc' dir='ltr'><strong>με</strong></span> <span class='ocrx_word' id='word_1_252' title='bbox 1252 2596 1261 2606; x_wconf 87' lang='grc'><strong>.</strong></span> <span class='ocrx_word' id='word_1_253' title='bbox 1368 2595 1378 2610; x_wconf 89' lang='grc'><em>,</em></span> <span class='ocrx_word' id='word_1_254' title='bbox 1440 2580 1473 2603; x_wconf 90' lang='lat' dir='ltr'><strong>z.</strong></span> <span class='ocrx_word' id='word_1_255' title='bbox 1563 2594 1574 2610; x_wconf 92' lang='lat'>‚</span> <span class='ocrx_word' id='word_1_256' title='bbox 1618 2578 1678 2603; x_wconf 80' lang='lat'><strong>11.</strong></span> 
     </span>
     <span class='ocr_line' id='line_1_53' title="bbox 1053 2580 1676 2671; baseline -0.01 -13"><span class='ocrx_word' id='word_1_257' title='bbox 1053 2623 1123 2658; x_wconf 83' lang='lat' dir='ltr'><strong>Nec</strong></span> <span class='ocrx_word' id='word_1_258' title='bbox 1152 2635 1185 2670; x_wconf 83' lang='lat' dir='ltr'><strong>q.</strong></span> <span class='ocrx_word' id='word_1_259' title='bbox 1211 2624 1314 2671; x_wconf 79' lang='lat' dir='ltr'><em>fugio</em></span> <span class='ocrx_word' id='word_1_260' title='bbox 1344 2580 1504 2668; x_wconf 56' lang='lat' dir='ltr'><strong>judicem</strong></span> <span class='ocrx_word' id='word_1_261' title='bbox 1539 2616 1676 2654; x_wconf 84' lang='lat' dir='ltr'><strong>recuso.</strong></span> 
     </span>
    </p>

    <p class='ocr_par' dir='ltr' id='par_1_33' title="bbox 1081 2667 1683 2718">
     <span class='ocr_line' id='line_1_54' title="bbox 1081 2667 1683 2718; baseline -0.005 -9"><span class='ocrx_word' id='word_1_262' title='bbox 1081 2673 1117 2709; x_wconf 86' lang='lat'><strong>6.</strong></span> <span class='ocrx_word' id='word_1_263' title='bbox 1143 2683 1174 2708; x_wconf 83' lang='lat' dir='ltr'><strong>et</strong></span> <span class='ocrx_word' id='word_1_264' title='bbox 1191 2687 1276 2709; x_wconf 74' lang='lat' dir='ltr'><strong>nunc</strong></span> <span class='ocrx_word' id='word_1_265' title='bbox 1302 2686 1332 2707; x_wconf 85' lang='lat'><strong>0.</strong></span> <span class='ocrx_word' id='word_1_266' title='bbox 1357 2682 1400 2707; x_wconf 81' lang='lat' dir='ltr'><strong>ex</strong></span> <span class='ocrx_word' id='word_1_267' title='bbox 1432 2668 1544 2707; x_wconf 85' lang='lat' dir='ltr'><strong>Bione</strong></span> <span class='ocrx_word' id='word_1_268' title='bbox 1570 2667 1683 2718; x_wconf 76' lang='lat' dir='ltr'><strong>Idyll·</strong></span> 
     </span>
    </p>

    <p class='ocr_par' dir='ltr' id='par_1_34' title="bbox 1059 2719 1686 2931">
     <span class='ocr_line' id='line_1_55' title="bbox 1098 2719 1684 2774; baseline -0.007 -14"><span class='ocrx_word' id='word_1_269' title='bbox 1098 2724 1132 2768; x_wconf 85' lang='grc' dir='ltr'><strong>Ῑ,</strong></span> <span class='ocrx_word' id='word_1_270' title='bbox 1162 2737 1203 2774; x_wconf 83' lang='lat'><strong>17</strong></span> <span class='ocrx_word' id='word_1_271' title='bbox 1233 2724 1314 2771; x_wconf 67' lang='grc' dir='ltr'><strong>εἶὀιξι</strong></span> <span class='ocrx_word' id='word_1_272' title='bbox 1338 2726 1454 2760; x_wconf 70' lang='grc' dir='ltr'><em>πάντα</em></span> <span class='ocrx_word' id='word_1_273' title='bbox 1478 2723 1558 2764; x_wconf 69' lang='grc' dir='ltr'><strong><em>κύει,</em></strong></span> <span class='ocrx_word' id='word_1_274' title='bbox 1581 2719 1684 2758; x_wconf 70' lang='grc' dir='ltr'><em>πάντ’</em></span> 
     </span>
     <span class='ocr_line' id='line_1_56' title="bbox 1059 2771 1685 2825; baseline -0.006 -12"><span class='ocrx_word' id='word_1_275' title='bbox 1059 2777 1162 2825; x_wconf 64' lang='grc' dir='ltr'><strong>εἷ’κξος</strong></span> <span class='ocrx_word' id='word_1_276' title='bbox 1182 2775 1265 2813; x_wconf 66' lang='grc' dir='ltr'><em>ἁδέαι</em></span> <span class='ocrx_word' id='word_1_277' title='bbox 1292 2778 1426 2818; x_wconf 71' lang='grc' dir='ltr'><strong>βλαςεῖ.</strong></span> <span class='ocrx_word' id='word_1_278' title='bbox 1455 2774 1517 2811; x_wconf 86' lang='lat' dir='ltr'><strong>Cf.</strong></span> <span class='ocrx_word' id='word_1_279' title='bbox 1549 2771 1685 2822; x_wconf 73' lang='lat' dir='ltr'><strong>popius</strong></span> 
     </span>
     <span class='ocr_line' id='line_1_57' title="bbox 1060 2824 1684 2878; baseline -0.011 -12"><span class='ocrx_word' id='word_1_280' title='bbox 1060 2831 1190 2878; x_wconf 64' lang='lat' dir='ltr'><strong>chsior.</strong></span> <span class='ocrx_word' id='word_1_281' title='bbox 1222 2827 1297 2872; x_wconf 92' lang='lat' dir='ltr'><strong>IV,</strong></span> <span class='ocrx_word' id='word_1_282' title='bbox 1334 2841 1370 2878; x_wconf 78' lang='grc'><strong>5.</strong></span> <span class='ocrx_word' id='word_1_283' title='bbox 1442 2827 1502 2877; x_wconf 83' lang='lat'><strong>58.</strong></span> <span class='ocrx_word' id='word_1_284' title='bbox 1522 2824 1684 2861; x_wconf 86' lang='lat' dir='ltr'><strong>Theocr.</strong></span> 
     </span>
     <span class='ocr_line' id='line_1_58' title="bbox 1062 2874 1686 2931; baseline -0.026 -6"><span class='ocrx_word' id='word_1_285' title='bbox 1062 2879 1138 2923; x_wconf 68' lang='lat' dir='ltr'><strong>lx,</strong></span> <span class='ocrx_word' id='word_1_286' title='bbox 1180 2892 1213 2920; x_wconf 87' lang='lat'><strong>1.</strong></span> <span class='ocrx_word' id='word_1_287' title='bbox 1245 2891 1283 2918; x_wconf 81' lang='lat'><strong>2.</strong></span> <span class='ocrx_word' id='word_1_288' title='bbox 1353 2892 1415 2931; x_wconf 81' lang='grc'><strong>59.</strong></span> <span class='ocrx_word' id='word_1_289' title='bbox 1443 2876 1610 2919; x_wconf 85' lang='lat' dir='ltr'><strong>Alternis,</strong></span> <span class='ocrx_word' id='word_1_290' title='bbox 1654 2874 1686 2910; x_wconf 71' lang='grc' dir='ltr'><em>δῖ</em></span> 
     </span>
    </p>
   </div>
   <div class='ocr_carea' id='block_1_31' title="bbox 1491 2928 1689 2976">
    <p class='ocr_par' dir='ltr' id='par_1_35' title="bbox 1491 2928 1689 2976">
     <span class='ocr_line' id='line_1_59' title="bbox 1491 2928 1689 2976; baseline 0 -11"><span class='ocrx_word' id='word_1_291' title='bbox 1491 2928 1689 2976; x_wconf 72' lang='grc' dir='ltr'><strong><em>ἀμοιβαίων,</em></strong></span> 
     </span>
    </p>
   </div>
   <div class='ocr_carea' id='block_1_32' title="bbox 1773 0 1821 2061">
    <p class='ocr_par' dir='ltr' id='par_1_36' title="bbox 1773 0 1821 2061">
     <span class='ocr_line' id='line_1_60' title="bbox 1773 0 1821 2061; baseline 0 0"><span class='ocrx_word' id='word_1_292' title='bbox 1773 0 1821 2061; x_wconf 95' lang='lat' dir='ltr'><strong> </strong></span> 
     </span>
    </p>
   </div>
   <div class='ocr_carea' id='block_1_33' title="bbox 1797 2320 1821 3145">
    <p class='ocr_par' dir='ltr' id='par_1_37' title="bbox 1797 2320 1821 3145">
     <span class='ocr_line' id='line_1_61' title="bbox 1797 2320 1821 3145; baseline 0 0"><span class='ocrx_word' id='word_1_293' title='bbox 1797 2320 1821 3145; x_wconf 95' lang='lat' dir='ltr'><strong> </strong></span> 
     </span>
    </p>
   </div>
  </div>
 </body>
</html>
