1821 3381
310 372 848 438 GEORG'ICON,
904 374 1057 426 LIB.
1114 377 1152 427 Ι.

1303 393 1416 445 291·4

82 501 230 563 liunt:
245 514 408 561 saltem
423 513 578 560 everso
593 512 823 576 juvenem
839 511 1103 560 succurrere
1128 511 1267 559 saeclo
1302 526 1397 574 500

82 593 160 652 Ne
184 603 455 668 prohibete!
488 603 608 649 Satis
626 601 729 665 jam
754 601 942 664 pridem
973 601 1196 667 sanguine
1218 605 1376 651 nostro

82 695 452 744 Laomedonteae
475 694 650 741 luimus
673 691 879 756 perjuria
909 691 1087 757 Trojae.

124 852 201 883 500.
229 843 306 874 Huit⁴
322 842 421 874 Goth.
439 841 497 873 sec.
518 852 536 872 a
557 851 601 872 m.
616 840 675 872 sec.
719 842 816 881 averjsb
838 840 970 871 Mentel.
996 850 1045 882 pr.
1072 852 1090 871 a
1114 851 1158 872 m.
1182 852 1230 884 pr.
1264 845 1400 886 juvenem

80 896 173 936 e'versb
198 896 350 926 Venetus.

440 902 516 933 501.
540 894 604 923 IVc’c
629 893 713 922 Ven.
756 904 820 921 nam
840 893 948 933 pridem
973 892 1024 923 ed.
1044 893 1127 924 Ven-

1216 903 1292 932 502.
1317 895 1400 925 Lau-

81 947 218 977 medonteae
241 945 328 976 Voss.
353 956 402 988 pr.
427 944 588 983 Parrhas„
619 955 637 975 e
661 943 742 973 vitio
766 942 881 974 saeculi.
904 953 936 973 v.
961 943 1072 975 Burm-

82 1057 254 1112 ἐγχώριος.
308 1062 366 1099 Ex
384 1060 430 1098 iis
452 1060 582 1098 AEneas
610 1068 708 1097 erat:

83 1114 161 1151 vid.
197 1114 281 1151 Liv.
314 1114 347 1157 I,
376 1125 395 1148 2
418 1123 509 1150 extr.
566 1112 710 1149 Tibull.

84 1162 139 1209 II,
182 1178 220 1217 5,
261 1165 324 1213 46.
359 1163 444 1201 AEn.
482 1163 575 1208 XII,
622 1177 710 1214 794.

84 1215 188 1254 Idem
203 1218 331 1254 AEneas
346 1218 416 1254 deos
425 1223 552 1266 patrios
569 1215 624 1252 seu
646 1217 710 1251 Pe-

82 1279 178 1306 nates
206 1281 227 1305 a
259 1268 375 1317 Troja
404 1267 443 1304 in
473 1266 620 1303 Latium
647 1267 710 1303 ad-

83 1330 242 1357 vexerat.
280 1333 364 1370 500.
370 1321 552 1370 juvenem,
572 1327 612 1355 ut
630 1318 710 1356 Ecl.

84 1369 118 1414 I,
147 1385 212 1421 43,
243 1371 400 1407 Romani
433 1369 601 1407 sermonis
625 1379 712 1406 noto

85 1423 150 1460 usu
177 1423 333 1474 appellat
363 1421 602 1459 Odavianum
633 1421 713 1458 Cae-

85 1473 212 1518 sarem,
239 1484 316 1511 tum
347 1474 442 1511 circa
473 1472 633 1510 XXVII
651 1486 712 1509 an-

85 1538 174 1562 num
208 1536 387 1576 agentem.
440 1525 544 1562 Sceclo
589 1527 644 1571 (ut
676 1537 713 1562 v-

86 1578 178 1626 468)
199 1581 311 1625 everso
328 1575 439 1620 dixit,
457 1576 554 1626 quod
571 1575 609 1612 in
629 1588 712 1624 pro-

86 1629 138 1674 sa,
165 1629 260 1667 rebus
276 1631 412 1678 perditis
427 1631 646 1677 βαίην-νῆα
673 1635 713 1663 ut

84 1696 237 1718 everunt
265 1686 434 1729 imperium
465 1690 530 1728 pro
558 1677 713 1715 labefac-

87 1732 134 1768 ad
166 1742 258 1776 tato,
291 1730 478 1767 interitum
510 1740 647 1767 ruente:
675 1743 711 1766 v.

88 1781 216 1821 Duck.
235 1784 279 1819 ad
299 1782 381 1820 Liv.
415 1781 554 1825 XXX,
587 1783 645 1825 16,
675 1782 711 1818 6.

87 1835 271 1873 Caeterum
302 1834 474 1871 nonnulla
492 1833 529 1871 in
564 1832 711 1883 sequen-

87 1887 184 1924 tibus
202 1887 298 1930 sunt,
325 1898 404 1935 quae
422 1885 516 1922 forte
536 1884 713 1921 Romanis

87 1937 206 1988 magis
250 1937 397 1988 probari
441 1946 648 1987 potuerunt,
693 1949 713 1972 a

89 1989 195 2027 nobis
225 1988 388 2026 excusari
418 1988 510 2025 forte
533 1988 616 2024 satis
638 1987 708 2029 esta

88 2041 151 2079 etfi
195 2040 375 2078 declarare
416 2040 600 2083 videntur,
636 2039 713 2088 jam

88 2100 168 2130 tum
215 2095 332 2142 poetae
381 2091 504 2128 animo
551 2090 714 2128 insediss'e

87 2143 255 2182 AEneidis
299 2152 566 2194 argumentum,
610 2152 650 2178 ut
693 2154 714 2178 a

89 2195 262 2247 Trojanis
291 2195 393 2232 rebus
422 2194 495 2231 fata
530 2194 713 2231 Romano-

89 2258 170 2285 rum
217 2257 299 2297 apta
344 2255 380 2283 et
424 2259 513 2283 nexa
569 2246 713 2283 faceret.

90 2300 317 2337 Laomedontis
333 2306 429 2335 certe
438 2299 593 2347 perjuria
607 2296 714 2333 nimis

68 2371 76 2380 ·
88 2347 197 2401 longe
214 2349 324 2400 petita
339 2348 456 2386 videri
471 2344 632 2398 p'ossuntg
650 2361 715 2385 nec

89 2401 345 2440 sententiarum
386 2400 583 2438 admodum
615 2413 714 2437 com-

90 2454 221 2491 modus
263 2463 298 2490 et
335 2452 506 2489 naturalis
547 2451 639 2488 ordo
680 2460 716 2488 et

88 2506 257 2557 junRura
275 2505 352 2542 effe.
408 2503 547 2540 Verum
576 2503 622 2539 de
642 2502 716 2539 Ro-

91 2569 279 2595 manorum
333 2554 432 2593 sensu
486 2555 717 2605 quaerendum

90 2618 182 2653 erat,
208 2620 281 2644 non
311 2607 357 2644 de
381 2607 515 2644 nostro.
570 2604 719 2642 Scilicet

93 2672 224 2711 magna
257 2658 377 2709 aliqua
426 2656 609 2695 calamitas
643 2669 717 2694 non

92 2711 158 2749 nifi
176 2711 326 2748 deorum
345 2709 407 2747 iris
424 2708 573 2746 immitti
586 2708 717 2759 potest:

92 2763 252 2801 exarsere
269 2762 341 2799 illae
359 2774 492 2812 magno
508 2760 630 2810 aliquo
644 2759 720 2796 sce-

94 2814 166 2852 lere
184 2827 225 2851 ac
245 2813 389 2863 piaculo
410 2811 610 2850 commisso.
663 2810 722 2848 Ita

96 2865 189 2903 bella
205 2864 327 2903 civilia
361 2864 563 2902 referuntur
579 2862 625 2900 ad
644 2875 720 2899 ma-

90 2916 209 2967 jorum
239 2929 410 2966 magnum
435 2914 583 2965 aliquod
615 2916 720 2958 οἵιγοςε

95 2968 143 3005 ab
187 2968 347 3006 Horatio
395 2967 442 3006 ad
485 2965 724 3019 parricidium

776 1058 928 1097 Romuli
961 1058 1081 1109 Epod.
1130 1058 1222 1105 VH,
1271 1075 1332 1112 17,
1377 1075 1399 1100 a

773 1110 935 1161 Virgilio
962 1113 1005 1147 ad
1043 1112 1302 1162 Troianorum,
1335 1115 1399 1165 qui

772 1162 891 1216 gentis
911 1162 1085 1200 Romanae
1106 1165 1263 1202 aut-“tores
1285 1165 1400 1211 fuet-e,

772 1214 946 1252 facinora.
999 1215 1082 1264 Jam
1113 1229 1243 1264 porro:
1287 1217 1401 1255 bello-

774 1278 853 1303 rum
897 1266 1060 1303 c'ivilium
1098 1267 1226 1304 scelera
1266 1282 1402 1308 nevum

775 1317 855 1354 sunt
890 1320 985 1365 ἄγος,
1025 1331 1159 1355 novum
1203 1319 1402 1368 piaculum,

776 1381 849 1418 quo
878 1369 1035 1407 obstrieti
1063 1369 1224 1407 homines
1251 1371 1402 1410 demum

777 1421 847 1457 iras
877 1421 913 1457 in
935 1421 967 1458 se
985 1433 1207 1471 provocant3
1237 1423 1321 1459 inde
1341 1438 1401 1461 ca-

777 1471 956 1509 lamitates
974 1473 1112 1508 easdem
1133 1472 1203 1510 iras
1228 1483 1264 1511 et
1295 1488 1403 1513 novas

778 1525 997 1573 portendunt
1015 1524 1205 1575 prodigia:
1224 1539 1303 1575 quae
1320 1541 1404 1578 pro-

778 1577 937 1612 curanda
965 1575 1045 1612 sunt
1072 1585 1107 1612 et
1131 1578 1168 1613 τέ
1196 1580 1277 1624 ἄγος
1302 1580 1406 1627 expi-

777 1627 925 1666 andum,
967 1626 1103 1664 Verum
1124 1640 1238 1665 reatus
1257 1629 1319 1666 ille
1337 1630 1407 1667 sol-

778 1679 815 1714 vi
843 1678 968 1729 nequit
989 1679 1053 1715 nisi
1081 1679 1186 1715 certis
1214 1680 1342 1718 ritibus
1370 1692 1406 1720 et

779 1729 886 1766 sacris
903 1730 1157 1781 piacularibus,
1185 1745 1256 1768 non
1276 1733 1340 1769 nisi
1360 1734 1407 1771 ab

780 1780 927 1818 homine
956 1794 1046 1831 puro
1077 1795 1118 1818 ac
1145 1782 1262 1820 sanein
1293 1794 1355 1821 aut
1386 1798 1408 1822 a

781 1833 850 1868 deo
880 1833 1004 1883 aliquo
1029 1834 1214 1871 curandis:
1244 1835 1303 1872 hie
1332 1848 1407 1874 erat

782 1883 1001 1921 ORavifflius
1036 1885 1170 1929 Caesar,
1203 1887 1266 1937 qui
1308 1887 1407 1927 idem

783 1947 893 1985 remp.
927 1949 1018 1973 unus
1042 1937 1222 1974 restituere
1254 1950 1408 1989 poterat.

784 1986 869 2024 Hoc
890 1986 986 2025 idem
1004 1987 1233 2039 persequutus
1250 1992 1297 2028 est
1325 1991 1408 2029 Ho-

781 2047 849 2076 rat.
879 2039 1039 2077 ICarm.
1075 2054 1109 2077 2.
1161 2040 1244 2089 Jam
1268 2042 1324 2080 his
1343 2056 1409 2080 no-

783 2089 943 2128 tionibus
974 2091 1154 2128 imbutum
1188 2093 1348 2131 animum
1381 2095 1409 2132 fi

781 2140 964 2186 habueris,
1002 2143 1108 2181 facile
1139 2146 1306 2194 expedies
1342 2146 1410 2183 sm-

782 2193 893 2242 gula:
925 2194 1111 2236 Permitte,
1143 2195 1212 2238 dii,
1254 2206 1293 2233 ut
1327 2198 1411 2236 Cae-

782 2245 838 2281 sar
857 2258 969 2297 remp.
990 2247 1146 2283 restituat
1160 2257 1193 2283 et
1213 2247 1299 2285 belli
1317 2249 1410 2287 civi-

782 2295 825 2332 lis
853 2296 983 2334 scelera
998 2298 1129 2348 expiet.
1186 2299 1278 2337 Satis
1297 2302 1410 2338 malo-

783 2360 864 2385 rum
879 2349 1017 2400 experti
1035 2350 1174 2386 sumus:
1209 2364 1292 2401 50¹·
1322 2365 1410 2403 502.

784 2399 845 2437 Ne
889 2401 993 2438 nobis
1025 2414 1104 2438 eum
1140 2401 1279 2452 eripite,
1319 2415 1411 2441 tam-

785 2463 891 2500 quam
910 2465 1020 2489 unum
1038 2452 1159 2497 illurn,
1185 2454 1247 2503 qui
1266 2456 1412 2506 culpam

785 2503 937 2540 nostram
985 2503 1131 2555 expiare
1165 2507 1300 2556 potest:
1348 2508 1412 2544 etsi

785 2554 851 2590 aevi
882 2554 987 2605 hujus
1015 2565 1122 2592 tantae
1150 2557 1230 2593 sunt
1259 2570 1279 2593 e
1308 2558 1413 2595 bellis

784 2605 957 2644 civilibus
996 2608 1222 2657 corruptelae,
1280 2619 1319 2645 ut
1351 2611 1412 2647 dei

785 2656 937 2708 alicujus
953 2659 1175 2709 praesentiam
1196 2660 1258 2696 vix
1282 2660 1410 2699 ferant.

788 2707 880 2745 Haec
908 2710 1033 2746 omnia
1062 2710 1247 2761 splendide
1270 2713 1413 2751 ornavit

786 2770 822 2796 et
838 2760 1083 2810 amplificavit.

840 2825 927 2862 50²·
961 2813 1021 2850 De
1052 2812 1299 2851 Laomedonte
1329 2825 1415 2853 nota

786 2862 960 2906 narratio,
995 2865 1057 2915 qui
1104 2865 1314 2913 Apollinem
1370 2880 1414 2905 ac

788 2913 1001 2964 Neptunum
1031 2919 1194 2952 mercede
1220 2929 1284 2966 pro
1303 2918 1415 2956 muris

789 2965 916 3014 Trojae
926 2967 1145 3008 exstruendis
1154 2969 1257 3019 pacta
1268 2968 1346 3005 frau
1362 2980 1412 3005 ‘a-

838 3016 878 3055 T
906 3029 928 3057 2
1303 3030 1415 3063 verat.
