1821 3381
343 243 877 303 GEORGICON‚
931 243 1086 293 LIB.
1130 245 1235 293 111.

1357 262 1452 311 459

132 385 441 446 Scillamque,
475 379 800 443 elleborosque
836 379 1008 443 gravis,
1055 378 1343 443 nigrumque
1377 379 1455 426 bi-

333 486 519 521 tumen·

136 568 249 616 Non
263 580 421 615 tamen
439 565 536 611 ulla
550 565 700 628 magis
717 547 1123 627 praesens'fortuna
1142 564 1359 613 laborum
1373 565 1454 624 est,

134 658 300 722 Qam
324 657 357 704 fi
381 656 486 719 quis
512 656 635 702 ferro
657 655 816 718 potuit
839 654 1099 702 rescindere
1124 654 1365 703 summum

138 746 331 794 'Ulceris
354 763 423 794 os,

496 746 654 792 Alitur
672 746 860 802 vitium,
896 744 1112 807 vivitque
1133 745 1337 807 tegendo
1355 764 1368 793 ε

138 838 271 886 Dum
285 838 492 885 medicas
507 837 732 884 adhibere
747 851 910 881 manus
919 836 979 881 ad
989 835 1180 881 vulnera
1191 835 1347 898 pastor
1361 851 1418 900 45
1427 851 1450 900 5

139 929 378 990 Abnegat,
413 942 493 979 aut
517 926 708 974 meliora
731 927 840 973 deos
865 924 990 973 sedet
1012 925 1175 971 omina
1189 925 1405 988 poscens.

141 1018 275 1082 Qin
297 1021 458 1076 etiam,
492 1020 587 1065 ima
609 1019 747 1066 dolor
771 1019 1014 1079 balantum
1033 1018 1183 1081 lapsus
1208 1018 1266 1064 ad
1291 1018 1385 1065 offa

139 1112 308 1175 Qum
326 1110 453 1168 furit,
487 1123 626 1173 atque
642 1121 766 1156 artus
788 1108 1054 1171 depascitur
1064 1109 1195 1160 arida
1214 1108 1374 1168 febriS,

142 1203 326 1251 Profuit
350 1200 559 1254 incensos
585 1201 720 1253 aestus
744 1205 962 1256 avertere,
997 1212 1043 1246 et
1060 1200 1180 1248 inter

143 1293 249 1346 Ima
273 1291 409 1338 ferire
427 1289 565 1354 pedis
590 1289 832 1335 salientem
855 1289 1081 1351 sanguine
1103 1305 1303 1338 venam:
1366 1290 1465 1350 460

185 1450 260 1480 452.
283 1442 318 1485 est
330 1441 414 1472 abest
431 1440 528 1472 Goth.
541 1441 598 1471 sec.

686 1448 758 1479 453.
778 1441 877 1481 potuit.
924 1441 974 1482 Jo.
994 1439 1154 1472 Schrader.
1182 1439 1203 1471 f.
1216 1447 1373 1483 properat3
1408 1437 1463 1470 sed

143 1491 189 1524 est
206 1492 347 1530 aoristus,
367 1503 437 1534 pro,
459 1491 568 1534 potest.
615 1492 662 1522 Ut
693 1501 767 1521 mox
793 1500 857 1532 459
890 1491 1017 1531 Profuit,
1038 1490 1179 1532 prodesse
1207 1491 1464 1531 solet.—-456.

148 1550 197 1573 aut
213 1554 230 1574 e
248 1542 433 1574 melioribus
449 1542 597 1573 omnibus
618 1541 727 1573 Heins.

138 1645 294 1685 J'ueritque,

772 1547 798 1571 ct
814 1540 931 1582 vulgo;
953 1551 1050 1583 porro
1072 1545 1170 1579 omina,
1192 1549 1228 1572 ut
1255 1541 1469 1584 castigatiores

146 1594 277 1626 habent.
321 1594 430 1636 Vulgo
446 1597 546 1631 omnia,
567 1601 601 1624 ut
619 1600 650 1624 et
677 1592 839 1623 Mediceus
864 1603 899 1622 ac
916 1593 1086 1623 Romanus.

1177 1591 1250 1630 458.
1278 1594 1345 1622 Cum
1357 1595 1468 1635 fuerit,

315 1643 426 1674 vitiose
442 1643 597 1675 nonnulli.
645 1650 693 1673 aut
709 1650 786 1672 artus
803 1643 936 1684 Menag.
955 1641 1046 1679 alter,
1068 1650 1102 1673 ut
1129 1649 1161 1673 et
1184 1641 1306 1673 Pierius
1322 1649 1467 1680 enotarat

146 1707 164 1726 e
182 1695 252 1727 cod.
296 1696 408 1725 horrida
415 1695 508 1735 febris
525 1693 606 1726 Toll.
625 1704 664 1725 ex
681 1696 789 1732 ιιι-πίλα,
810 1700 846 1724 ut
862 1693 970 1723 Franc.
987 1692 1073 1724 conf.
1097 1692 1163 1736 sup.
1195 1692 1235 1724 ad
1256 1703 1285 1725 v.
1307 1702 1468 1735 197.—--

151 1746 225 1794 460.
238 1747 356 1787 saliente
372 1745 501 1787 Regius.

200 1872 290 1911 452.
319 1858 467 1896 Excitat
490 1857 606 1896 versus
624 1857 773 1895 Colum.

150 1910 244 1955 VII,
267 1926 303 1962 ς,
326 1924 386 1954 10,
414 1909 541 1947 habuit
559 1920 640 1947 ante
654 1911 777 1947 oculos

150 1963 303 2000 Gratius
320 1963 460 2012 Cyneg.
482 1962 555 2010 360
579 1961 658 2012 sqq,
691 1961 777 1999 Cal-

152 2027 258 2064 purn.
276 2013 330 2059 V,
358 2027 403 2065 75
427 2014 479 2062 sq.
531 2013 712 2056 Labomm,
739 2012 776 2049 h.

156 2077 298 2109 eorum,
326 2078 406 2116 quae
442 2063 619 2100 medendo
651 2063 778 2100 morbo

152 2126 337 2167 parantur,
376 2116 470 2153 nulla
491 2119 640 2166 fortuna
673 2121 779 2165 magis

147 2170 295 2218 praesens
311 2169 366 2218 ψ,
383 2167 500 2204 nullus
519 2166 650 2204 certior
667 2179 779 2203 reme-

155 2219 302 2257 diorum
326 2217 576 2255 adhibitorum
610 2217 781 2255 successus

153 2271 219 2315 est,
245 2270 390 2320 quamsi
407 2274 474 2307 ὅτε.
527 2283 617 2320 454.
646 2275 782 2313 vitium,

155 2322 271 2365 ulcus,
318 2320 442 2362 sanies.
514 2323 663 2371 tegendo,
695 2321 784 2357 dum

154 2377 302 2423 tegitur,
356 2371 451 2408 Mox
489 2374 613 2409 eadem
649 2371 782 2415 ulcera,

155 2425 317 2465 vulnera,
362 2423 422 2460 Est
449 2433 566 2460 autem
586 2423 702 2459 versus
719 2423 782 2459 ad-

157 2475 342 2512 umbratus
365 2487 385 2513 e
418 2475 563 2512 Lucret.
584 2474 659 2517 IV,
686 2474 780 2511 1062

159 2526 262 2564 Ulcus
277 2529 363 2564 enim
379 2529 527 2574 vivescit
551 2534 582 2562 et
598 2527 782 2574 inveteras-

157 2584 203 2615 cit
216 2578 343 2616 alendo.
395 2577 484 2628 456.
512 2578 644 2616 meliora
659 2582 784 2619 omina,

158 2642 227 2679 pro
243 2627 488 2679 consequenti,
503 2627 683 2667 auxilium
698 2628 785 2665 deo-

160 2692 256 2718 rum.

212 2744 305 2782 457,
328 2731 430 2774 dolor,
458 2729 616 2772 morbus,
643 2730 785 2767 exulce-

160 2782 267 2821 ratio·
329 2785 527 2834 depastilur,
553 2786 698 2828 νέμεται,
725 2781 787 2817 ab·

162 2833 286 2879 sumit.
365 2833 535 2876 Guellius
602 2841 788 2884 comparat

842 1857 1058 1895 Graecorum
1086 1861 1276 1908 po'e'tarum
1307 1859 1471 1907 «γυιοβόξος

842 1912 991 1958 vves-rtis.
1060 1923 1148 1960 459.
1188 1914 1326 1960 incensos
1359 1912 1469 1960 aestus,

842 1960 1039 2010 vulgarius,
1055 1962 1226 2011 fervidos.
1291 1962 1379 2010 461.
1407 1962 1472 1998 Bi-

831 2013 955 2062 saltae,
1000 2012 1173 2056 Thraces,
1218 2010 1269 2049 cis
1307 2013 1469 2060 Strymo-

845 2077 927 2100 nem
960 2063 998 2100 in
1018 2063 1248 2103 Macedonize
1277 2063 1349 2100 oris
1367 2063 1470 2104 habi-

842 2125 981 2160 tantes3
1027 2114 1088 2151 alii
1118 2127 1162 2151 ex
1189 2114 1232 2150 iis
1251 2115 1358 2151 etiam
1378 2116 1472 2151 ultra

844 2168 1081 2215 Strymonem.
1130 2165 1186 2203 De
1201 2166 1332 2203 Gelonis
1343 2180 1379 2203 ν.
1395 2166 1471 2204 Ge.

844 2218 898 2261 Π,
931 2230 1015 2269 115.
1091 2217 1179 2266 46²·
1218 2218 1331 2266 ,Quum
1352 2221 1469 2270 fizgil‚

845 2269 915 2307 five
945 2268 1111 2319 expulsus
1128 2282 1148 2305 a
1167 2267 1297 2305 vicinis
1315 2269 1472 2320 populis,

846 2321 905 2358 seu
937 2320 1052 2371 fimpl.
1083 2319 1232 2369 migrat,
1271 2330 1305 2357 et
1341 2333 1362 2356 a
1399 2321 1474 2357 Bo·

849 2373 1008 2421 rysthene
1036 2371 1120 2408 inde
1134 2384 1197 2421 per
1214 2371 1392 2408 Getarum
1411 2371 1475 2408 de-

846 2424 952 2468 serta,
979 2423 1031 2459 cis
1061 2432 1097 2459 et
1133 2423 1224 2460 ultra
1258 2422 1338 2460 Istri
1369 2423 1472 2468 ostia,

846 2474 1034 2512 descendit
1063 2472 1100 2510 in
1135 2473 1334 2511 Thraciam
1363 2483 1399 2510 et
1425 2475 1474 2511 ad

850 2523 1064 2576 Rhodopen.
1147 2524 1186 2561 Si
1224 2525 1262 2562 in
1304 2523 1475 2562 historico

847 2577 1079 2618 versaremur,
1102 2575 1227 2613 liceret
1246 2575 1331 2612 hinc
1359 2575 1474 2614 disce.

850 2641 890 2665 re
925 2628 1154 2664 Gelonorum
1186 2640 1293 2677 vagos
1320 2626 1412 2663 ultra
1438 2637 1476 2666 et

850 2679 903 2717 cis
931 2679 1057 2716 Istrum
1087 2691 1235 2716 errores.
1287 2677 1345 2714 De
1368 2677 1477 2717 laetis

847 2730 972 2781 equini
991 2729 1051 2766 usu
1069 2729 1190 2766 videre
1199 2738 1300 2781 potes
1317 2729 1477 2768 Cerdam

848 2793 885 2821 et
901 2782 1021 2834 paffim
1040 2781 1142 2824 alios.

1261 2883 1481 2936 464-469.
