1821 3381
357 336 445 369 122

535 318 588 367 P.
647 317 1023 366 VIRGILII
1092 315 1487 366 MARONIS

353 450 567 496 Candida
594 449 880 496 succinctam
905 449 1184 496 latrantibus
1209 450 1405 514 inguina
1428 451 1648 500 monstris

353 539 600 586 Dulichias
623 536 801 584 vexaffe
824 551 960 596 rates,
984 550 1030 584 et
1051 538 1246 601 gurgite
1269 540 1316 586 in
1340 539 1435 587 alto

1610 541 1670 601 76

353 631 434 677 Ah
454 629 463 674 l
502 628 695 675 timidos
719 641 879 675 nautas
902 627 1098 675 canibus
1123 629 1337 676 lacerasse
1359 631 1586 680 marinis?

352 723 468 776 Aut,
500 733 551 767 ut
573 732 778 766 mutatos
801 719 942 766 Terei
966 720 1224 768 narraverit
1245 732 1399 776 artus;

353 813 484 877 Qas
509 812 576 858 illi
600 811 866 860 Philomela
885 810 1046 874 dapeS,
1069 827 1179 874 quae
1203 810 1328 858 dona
1349 812 1544 875 pararit,

354 903 467 968 Qo
490 901 622 950 cursu
645 902 822 949 deserta
840 902 1080 966 petiverit,
1116 914 1162 950 et
1181 903 1352 967 quibus
1375 915 1484 951 ante

401 1045 526 1076 75-77
544 1037 641 1067 iidem
658 1036 767 1068 versus
791 1036 823 1067 in
841 1036 909 1068 Ciri
924 1045 978 1078 59.
998 1037 1051 1068 60.
1071 1037 1123 1068 61.

354 1098 372 1118 a
389 1098 434 1117 111.
452 1087 509 1118 sec.

1618 878 1723 953 80⁵

1216 1037 1266 1077 76.
1286 1032 1397 1080 ,ξιξ-ἰὴ
1412 1037 1487 1080 'vtsso
1502 1037 1601 1068 Goth.
1619 1037 1679 1069 sec.

606 1097 654 1127 77.
673 1089 717 1117 At
733 1088 870 1130 Menag.
915 1090 1024 1118 canibus
1041 1096 1138 1119 nautas
1153 1098 1236 1119 unus
1251 1089 1372 1119 hIoreti
1388 1096 1420 1119 et
1436 1088 1529 1120 Leid.
1570 1089 1680 1131 vexqffi

355 1140 510 1171 Rottend.
529 1139 609 1170 alter
625 1150 684 1181 pro
699 1139 981 1182 Iacercffi.——78.
1011 1140 1082 1171 Tm·
1097 1139 1184 1170 Voss.
1205 1140 1294 1182 prior
1316 1147 1349 1172 et
1371 1141 1472 1178 Scru.,
1492 1148 1529 1172 ut
1544 1149 1587 1178 42
1603 1141 1679 1171 Pro-

353 1192 446 1222 mcthI.

538 1200 587 1233 79.
601 1198 722 1233 parant
739 1191 873 1223 Mentel.
891 1202 939 1234 pr.
980 1198 1108 1234 pararat
1124 1192 1280 1224 Rottend.
1297 1192 1355 1224 sec.

1447 1192 1499 1224 80.
1518 1194 1593 1237 Q‘?
1603 1194 1682 1233 cursu

352 1245 455 1284 ἄφνω
470 1243 554 1273 Ven.
573 1249 604 1273 et
622 1242 779 1280 Parrhafi,
794 1253 860 1274 non
876 1242 973 1282 male,
993 1243 1046 1276 sed
1065 1245 1133 1288 Qco
1147 1246 1226 1286 cassu
1248 1243 1369 1276 melius
1389 1243 1561 1287 respondet
1585 1244 1681 1286 quibus

353 1297 420 1327 alis.
457 1297 570 1337 petierit
587 1294 733 1326 Parrhas.
749 1302 781 1326 et
798 1296 882 1337 Reg.

357 1407 501 1458 Grynei
532 1416 593 1445 aut
624 1406 811 1458 Apollinis
841 1405 985 1456 Grynei

355 1460 489 1499 fabulae
507 1459 564 1497 seu
583 1458 739 1496 historiae
766 1471 986 1509 exponeren-

356 1523 430 1550 tur.
486 1511 675 1548 Praebuiffe
696 1520 815 1548 autem
832 1523 890 1547 eas
907 1510 989 1547 satis

358 1562 520 1602 materia:
555 1563 602 1599 ad
644 1575 788 1600 carmen
828 1562 988 1599 conden-

357 1617 462 1659 dum,
490 1614 625 1651 discere
649 1613 736 1651 licet
762 1625 806 1650 ex
825 1612 886 1658 iis,
910 1627 989 1664 quae

359 1668 400 1705 in
427 1665 607 1703 Servianis
634 1665 678 1703 ad
698 1678 734 1703 v,
755 1677 802 1716 7²
831 1665 992 1715 exposita

359 1720 442 1756 sunt
464 1718 509 1754 de
528 1717 660 1765 Gryno
679 1715 862 1767 Eurypyli
888 1716 916 1755 f.
944 1717 990 1754 de

358 1770 538 1820 Pergamo
570 1768 808 1819 Neoptolemi
840 1777 876 1805 et
911 1768 989 1805 An-

360 1821 574 1860 dromaches
601 1820 691 1865 filio,
717 1821 764 1857 de
790 1820 990 1857 Calchante

360 1885 398 1912 et
427 1873 574 1923 Mopso.
606 1872 706 1911 conf.
738 1871 833 1910 Not.
866 1872 912 1909 ad
934 1873 989 1908 A-

361 1925 501 1978 pollod.
531 1938 568 1975 p.
601 1926 689 1975 655.
749 1936 811 1974 73.
840 1924 895 1960 Ne
920 1929 990 1974 quis

349 1980 402 2029 sit
416 1977 521 2020 lucus,
540 1991 600 2027 quo
601 1978 640 2024 se
652 1974 729 2026 plus
732 1977 845 2026 jac‘Jet
854 1976 889 2012 A
884 1975 988 2024 poll03

362 2029 464 2079 quod
490 2027 686 2078 simplicius
702 2025 924 2064 Callimach.
951 2027 989 2063 in

365 2081 451 2118 Del.
480 2083 553 2130 269
584 2079 635 2116 ἐδέ
661 2096 712 2116 τις
738 2080 829 2118 ἄλλη
865 2081 991 2116 sanim

363 2133 515 2171 τοσσόνδε
548 2132 603 2181 θεῷ
633 2132 854 2180 πεφιλῆσεται
883 2133 989 2182 ἄλλῳ.

363 2199 427 2238 74.
456 2186 554 2234 Qn'd
566 2183 695 2235 loquar.
749 2182 873 2233 Bergit
891 2196 990 2220 com-

364 2249 565 2276 memorare
592 2234 721 2272 Silenii
746 2234 915 2272 carminis
935 2248 990 2271 ar-

363 2298 593 2339 gumentum,
608 2300 680 2323 non
692 2285 795 2322 Galli
806 2286 968 2323 versuum
980 2303 990 2332 ;

364 2339 551 2378 brevitatis
570 2349 689 2375 autern
709 2337 827 2375 studio
844 2338 991 2375 strictim

364 2402 505 2429 tantum
523 2390 660 2427 fabulas
673 2389 866 2440 percenset.
887 2389 992 2442 Qid

364 2446 508 2494 loquar,
536 2451 576 2479 ut
602 2441 798 2478 narraverit
817 2440 991 2490 Scyllam,

363 2505 426 2534 aut
445 2504 484 2530 ut
498 2495 657 2530 Tereum
675 2501 852 2530 mutatum
872 2506 992 2530 narra-

364 2547 475 2589 verit,
502 2546 541 2583 h.
567 2544 706 2581 fabulas
733 2544 780 2581 de
810 2545 930 2594 Scylla
957 2554 992 2581 et

369 2600 504 2636 Tereo,
567 2596 724 2646 Scyllam
764 2609 860 2633 nunc
902 2595 992 2633 facit

365 2655 474 2703 po'e'ta
518 2647 599 2686 Nifi
635 2647 762 2690 filiam,
801 2661 880 2697 quae
913 2647 993 2684 aliis

365 2701 484 2753 poetis
497 2700 569 2737 alia
587 2712 627 2736 ac
642 2698 782 2736 diversa
796 2699 858 2743 est,
878 2699 992 2737 Phor-

365 2754 402 2791 ci
427 2752 576 2802 quidem
603 2750 690 2788 filia.
709 2764 745 2787 v.
765 2750 856 2788 Var.
888 2751 991 2788 Lef't.

367 2805 426 2843 De
438 2803 584 2852 UIyffis,
598 2803 686 2840 dum
699 2802 995 2852 praeterveheren-

365 2871 442 2900 tur,
470 2854 575 2893 sociis
608 2867 629 2891 a
658 2854 779 2902 Scylla
814 2852 994 2891 devoratis

367 2918 453 2947 nota
483 2907 619 2947 fabula.
681 2905 758 2946 vid.
790 2905 915 2957 Odyff.
949 2923 992 2953 μ,

1050 1409 1140 1459 265¹.
1204 1421 1305 1460 quam
1321 1410 1433 1459 fama
1453 1411 1601 1459 sequuta
1626 1411 1684 1458 est.

1050 1459 1167 1509 simpl.
1196 1473 1304 1510 quam
1332 1459 1471 1503 ferunt,
1498 1460 1681 1505 μυὲἕνται.

1051 1510 1227 1561 Expressit
1245 1525 1325 1548 voc.
1345 1513 1463 1560 φάτις,
1491 1514 1598 1560 φήμη,
1616 1525 1684 1563 pro
1700 1534 1701 1537 =

1051 1562 1171 1608 μῦθος,
1199 1562 1335 1600 fabula.
1389 1562 1544 1601 Versum
1572 1578 1618 1615 75
1645 1574 1684 1602 et

1052 1614 1209 1652 formam
1232 1614 1461 1652 monstrosam
1481 1615 1612 1665 Scyllae
1636 1615 1683 1653 il-

1056 1666 1205 1703 lustrant
1222 1665 1340 1711 numi,
1367 1679 1520 1718 gemmae
1544 1677 1580 1705 et
1611 1667 1682 1704 alia

1058 1727 1307 1755 monumenta.
1364 1717 1449 1756 Alia
1475 1732 1510 1757 v.
1540 1719 1581 1756 in
1609 1719 1684 1756 Ex-

1058 1770 1159 1806 cursu
1195 1770 1240 1806 ad
1272 1770 1309 1806 h.
1342 1771 1367 1807 l.
1441 1771 1504 1822 76.
1534 1772 1686 1821 vexqffi’,

1057 1821 1213 1858 habuiffe
1231 1822 1299 1858 hoe
1319 1819 1531 1859 vocabulum
1563 1823 1684 1873 paullo

1057 1873 1205 1923 majoris
1223 1873 1425 1910 atrocitatis
1441 1874 1684 1924 significatum

1057 1924 1153 1975 apud
1192 1935 1327 1962 veteres
1372 1926 1612 1968 contendunt,
1649 1935 1685 1963 et

1054 1976 1260 2013 >defendunt
1286 1975 1505 2027 Virgilium,
1542 1977 1687 2015 Gellius

1060 2027 1114 2064 N.
1132 2029 1181 2066 A.
1201 2028 1254 2071 II,
1274 2029 1309 2065 6.
1366 2028 1537 2066 Macrob.
1555 2028 1626 2074 VI,
1647 2043 1684 2080 7.

1059 2079 1164 2122 Serv„
1181 2092 1226 2116 ex
1247 2079 1366 2116 Probo
1389 2081 1422 2116 h.
1445 2081 1469 2118 l.
1526 2080 1686 2118 Videtur

1057 2135 1175 2182 po'etae
1190 2131 1313 2168 animo
1333 2131 1495 2169 insedisse
1512 2131 1687 2170 Homeri-

1057 2196 1140 2220 cum
1170 2184 1355 2226 βλάπτειν.
1412 2184 1523 2222 Canes
1551 2189 1688 2222 marini.

1057 2249 1093 2272 v.
1114 2234 1266 2272 Excurs.
1286 2235 1331 2271 ad
1351 2235 1388 2271 h.
1408 2249 1444 2272 v.

1115 2289 1175 2324 80.
1206 2286 1341 2323 Pendet
1363 2299 1383 2322 a
1407 2285 1680 2338 superioribus:

1060 2348 1097 2374 ut
1110 2345 1326 2381 narraverit,
1355 2354 1437 2389 quas
1466 2340 1565 2387 dapes
1575 2348 1686 2388 para-

1061 2390 1581 2437 ril--petiveris—volitaverit.
1587 2389 1690 2427 Nota

1060 2440 1116 2477 vel
1135 2453 1179 2477 ex
1197 2441 1310 2480 Ovid.
1329 2442 1423 2480 Met.
1446 2441 1504 2477 VI
1521 2451 1613 2480 extr.
1633 2441 1687 2479 fa-

1061 2492 1159 2529 bula.
1215 2492 1416 2544 Trepidavi
1445 2493 1536 2530 olim
1564 2492 1602 2530 in
1618 2493 1687 2531 hoc

1060 2543 1158 2587 loco,
1184 2542 1270 2580 dum
1299 2558 1370 2582 non
1397 2558 1517 2581 meum
1550 2544 1688 2584 sensum

1060 2595 1120 2632 sed
1152 2595 1240 2632 alios
1271 2596 1480 2646 interpretes
1500 2597 1689 2635 consulue-

1061 2659 1150 2684 ram.
1206 2646 1325 2685 Locus
1352 2660 1416 2698 per
1432 2648 1466 2684 se
1483 2647 1565 2685 satis
1582 2661 1688 2700 expe·

1061 2697 1159 2735 ditus
1177 2699 1236 2736 est.
1295 2698 1407 2737 Poeta
1435 2712 1495 2736 eos
1514 2699 1689 2750 sequitur,

1061 2749 1125 2799 qui
1146 2749 1381 2787 Philomelam
1400 2750 1438 2787 in
1455 2750 1690 2789 hirundinem

1062 2811 1234 2838 mutatam
1269 2802 1335 2839 effe
1368 2812 1624 2847 memorarunt,
1651 2815 1690 2840 ut

1063 2852 1170 2890 multi
1189 2852 1329 2890 fecere:
1360 2853 1445 2890 vide
1461 2868 1495 2892 v.
1517 2867 1550 2892 c.
1573 2855 1688 2904 Apol-

1062 2904 1137 2944 lod.
1169 2904 1242 2950 III,
1266 2918 1326 2955 14,
1357 2907 1391 2945 8.
1418 2905 1467 2946 cf.
1501 2905 1619 2943 Notas
1651 2921 1688 2956 p,

1541 2959 1613 3008 842
1634 2958 1688 3010 sq,
