1821 3381
296 305 388 357 522
519 286 574 335 P.
614 282 985 333 VIRGILII
1052 279 1442 329 MARONIS

265 482 270 489 Ι
292 427 534 491 Erupere;
568 435 649 472 aut
670 435 738 481 ut,
762 437 906 470 nervo
928 419 1140 484 pulsante
1162 418 1364 482 sagittae,

294 515 459 564 Prima
482 515 606 561 leves
629 513 790 560 ineunt
813 511 846 557 fi
871 509 1060 574 quando
1079 509 1250 572 proelia
1272 505 1450 553 Parthi.
1507 518 1603 565 314

363 606 486 670 Qis
498 606 625 653 Deus
642 605 777 660 hanc,
791 601 1072 664 Musae‚quis
1083 601 1216 647 nobis
1226 597 1409 646 extudit
1422 594 1602 644 artem?

298 699 444 747 Unde
465 715 585 746 nova
604 697 827 762 ingressus
849 696 1099 742 hominum
1123 691 1411 756 experientia
1429 687 1585 753 cepit?

297 791 459 840 Pastor
479 790 701 836 Aristaeus
727 789 910 851 fugiens
935 787 1105 850 Peneia
1127 788 1327 847 Tempe,

298 880 506 937 Amiffis,
529 891 582 926 ut
605 879 745 936 fama,
767 877 936 941 apibus
959 878 1222 940 morboque
1246 876 1480 939 fameque,

343 1019 421 1051 313.
454 1010 593 1053 Ert'puere
627 1009 748 1051 aliquot
780 1008 941 1046 Pieriani3
974 1008 1006 1040 in
1033 1008 1155 1049 aliquot
1180 1007 1249 1039 aliis
1277 1009 1370 1047 velut3
1393 1007 1479 1049 quod
1506 1013 1538 1039 et
1572 1006 1607 1039 in

300 1062 443 1103 quinque
459 1062 543 1103 apud
559 1062 667 1092 Burm.
696 1061 729 1091 in
746 1071 810 1091 uno
831 1059 988 1090 Arundel.
1006 1059 1105 1091 Goth.
1123 1060 1181 1090 sec.
1195 1071 1212 1090 a
1228 1071 1271 1090 m.
1289 1061 1345 1091 sec.
1391 1061 1479 1090 velut
1495 1061 1606 1090 Franc.

300 1119 334 1143 et
353 1123 434 1143 unus
461 1112 731 1151 Mead.-—315.
755 1118 804 1141 aut
829 1111 918 1152 Musae
948 1112 1071 1143 Morct.
1098 1119 1201 1153 quart.
1245 1113 1343 1142 extulit
1359 1110 1532 1153 permulti3
1554 1108 1608 1140 sed

300 1166 416 1201 extudit,
436 1164 523 1204 quod
538 1163 611 1194 inde
627 1163 666 1193 ab
683 1162 779 1193 Aldd.
807 1162 925 1200 editur,
945 1170 977 1193 et
1003 1162 1173 1194 meliorum
1190 1163 1367 1201 consensus,
1390 1169 1421 1194 ct
1448 1172 1614 1204 gramma-

299 1215 364 1246 tica
383 1214 464 1246 ratio
480 1213 635 1252 defendit,
656 1214 742 1255 quod
754 1213 797 1245 est
813 1213 993 1255 exquisitius
1007 1227 1015 1253 ;
1038 1214 1133 1246 habet
1149 1215 1246 1245 etiam
1261 1215 1446 1257 adjunctam
1468 1213 1608 1255 aliquam

301 1265 469 1298 notionem
484 1265 676 1298 assiduitatis.
720 1265 814 1296 Dicat
838 1266 962 1307 aliquis,
983 1266 1063 1297 hanc
1087 1266 1119 1297 in
1135 1267 1231 1297 deum
1258 1277 1322 1296 non
1339 1267 1470 1304 cadere3
1493 1276 1607 1297 verum

302 1325 368 1351 non
395 1316 441 1348 ita
463 1323 652 1359 argutantur
678 1318 792 1358 poetae.
835 1318 940 1347 excudit
966 1316 1077 1348 vitiose
1104 1315 1213 1355 nostri,
1236 1317 1298 1347 duo
1323 1317 1431 1347 Burm.
1455 1322 1486 1346 et
1502 1315 1609 1357 plures

302 1366 457 1398 Martini.
475 1367 539 1399 vid.
567 1367 608 1399 ad
632 1369 753 1409 Georg.
775 1368 800 1404 Ι,
823 1376 899 1407 133.
942 1370 990 1409 qui
1008 1369 1080 1398 nobis
1105 1368 1197 1398 codd.
1226 1368 1310 1408 apud
1335 1367 1488 1398 Picrium.
1533 1368 1610 1398 vobis

301 1418 372 1449 Erf.
388 1429 406 1450 a
421 1428 464 1449 m.
493 1429 541 1461 pr.

303 1472 380 1514 oepit
393 1470 465 1502 cdd.
481 1469 591 1501 multae
603 1469 688 1512 apud
699 1470 809 1500 Burm.

303 1586 406 1638 quod
430 1586 528 1625 idem
561 1587 622 1633 est,
639 1589 821 1639 stridentia
839 1598 923 1638 pen-

298 1644 357 1676 vnis
397 1642 578 1688 mffcentur.
649 1653 735 1688 313.
762 1640 925 1691 Erupere,

307 1689 436 1728 melius
478 1704 586 1741 quam
635 1701 849 1742 erumpunt3
895 1701 933 1728 ut

292 1744 443 1793 sagittae
481 1755 640 1794 erupere,
681 1759 785 1781 nervo
830 1756 932 1780 arcus

299 1793 473 1845 pulsante,
490 1794 707 1847 propellente
723 1793 902 1845 sagittam.

363 1859 382 1896 3
393 1847 449 1884 16.
473 1847 568 1884 Unde
586 1861 677 1883 nova
693 1846 855 1884 hominum
872 1862 932 1884 ex-

301 1904 472 1947 ferientia
498 1904 579 1948 cepit
607 1900 777 1950 ingrffcs,
803 1898 932 1936 habuit

308 1949 483 1995 exordia3
522 1949 618 1987 unde
651 1951 833 2000 proceffit:
862 1963 933 2000 qua

310 2013 348 2038 re
381 2001 545 2038 homines
579 2000 725 2038 adduffl
758 2002 805 2038 ad
840 2001 931 2039 hanc

310 2061 422 2090 artem
441 2053 486 2089 ab
503 2052 721 2103 experientia
731 2052 932 2104 suppedita-

308 2112 385 2142 tam
429 2105 595 2155 progreffi
639 2103 732 2142 sunt.
793 2106 932 2143 Totum

311 2155 407 2193 hunc
432 2156 554 2195 locum
585 2169 606 2192 a
631 2155 792 2193 secundis
817 2161 934 2207 poetae

310 2207 408 2245 curis
440 2207 640 2258 profectum
673 2208 753 2251 esse,
788 2207 937 2244 tradunt

314 2258 571 2296 Grammatici.
593 2259 670 2295 vid.
701 2259 829 2296 Vitam
847 2259 934 2296 Vir-

312 2309 398 2360 gilii
424 2310 455 2361 ᾗ.
489 2322 550 2359 39.
605 2311 663 2347 De
686 2310 837 2347 Aristaeo
855 2310 934 2348 vid.

312 2361 424 2398 modo
450 2361 496 2398 ad
525 2376 560 2398 v.
595 2363 683 2409 283.
737 2362 847 2413 Qod
881 2362 937 2399 in-

312 2422 459 2450 ventum
479 2412 748 2451 reficiendarum
766 2427 872 2465 apum
891 2414 937 2450 ad

311 2475 397 2501 eum
433 2463 598 2507 refertur,
634 2464 836 2515 ignoratur,
863 2478 935 2515 quo

313 2516 479 2566 exemplo
515 2515 623 2554 Maro
653 2517 805 2561 fecerit3
830 2517 935 2567 igno-

313 2576 415 2605 ratur
463 2580 622 2618 quoque,
677 2581 749 2618 quo
793 2570 936 2606 aunore

315 2618 469 2656 Aristaeo
493 2618 630 2656 crimen
653 2628 797 2657 tentatae
819 2619 934 2669 Eury-

315 2671 417 2708 dices
452 2669 645 2720 impaf’tum
687 2671 742 2709 fit.
810 2669 935 2708 Mani-

316 2721 442 2760 festum
470 2730 590 2759 tamen
617 2722 663 2759 ad
691 2721 826 2760 sensum
856 2722 935 2761 nos-

316 2781 414 2810 trum
431 2772 485 2817 fit,
513 2774 570 2810 vel
590 2787 633 2811 ex
660 2772 800 2811 summo
819 2787 937 2811 rerum

316 2834 459 2869 ornatu,
487 2823 678 2862 Maronem
714 2826 774 2862 hic
810 2825 936 2870 alium,

317 2887 472 2929 eumque
495 2875 667 2916 Graecum
688 2881 850 2929 poetam,
876 2889 939 2916 ex-

631 1418 706 1459 316.
730 1419 871 1461 ingrqfficm
889 1418 1022 1450 Mentel.
1038 1419 1094 1449 see.
1140 1419 1281 1461 ingrcffitm
1304 1419 1433 1448 hominem
1451 1416 1511 1448 Ed.
1524 1419 1608 1452 Ven-

900 1478 973 1509 317.
997 1470 1138 1513 Argstheus
1154 1469 1278 1513 semper
1294 1469 1392 1502 Goth.
1406 1470 1465 1506 sec,

989 1587 1148 1639 pressiffe.
1204 1587 1318 1634 Fuisse
1344 1598 1443 1627 vetus
1466 1590 1611 1639 poema,

988 1640 1156 1686 Bes‘yovt'oeu,
1181 1639 1245 1678 sub
1276 1640 1419 1678 Eumeli
1443 1639 1612 1693 antiquis-

990 1692 1067 1729 fimi
1098 1695 1212 1742 poetae
1242 1692 1403 1735 nomine,
1430 1706 1473 1730 ex
1501 1693 1612 1730 Euse-

989 1743 1097 1781 biano
1118 1743 1305 1781 Chronico
1323 1745 1480 1781 constat:
1508 1758 1609 1788 num,

996 1808 1134 1838 meet,
1178 1804 1213 1832 et
1255 1795 1307 1832 ibi
1349 1796 1482 1846 Scalig.
1526 1809 1610 1837 cum

993 1846 1145 1884 Vallars.
1177 1856 1212 1883 et
1240 1847 1386 1887 Salmas.
1418 1849 1464 1884 ad
1494 1847 1609 1890 Solinq

991 1912 1027 1949 p.
1048 1900 1134 1936 602.
1155 1901 1241 1947 603.
1278 1900 1339 1935 An
1358 1899 1386 1936 is
1402 1898 1475 1950 ipse
1493 1911 1612 1943 autem

992 1950 1037 1987 ad
1069 1949 1257 1988 Aristaeum
1287 1961 1399 1988 artem
1436 1951 1612 1996 retulerit,

993 2002 1092 2051 quod
1124 2015 1145 2038 a
1174 2002 1343 2039 Salmafio
1364 2002 1533 2039 affirmari
1557 2003 1613 2039 vi-

992 2053 1077 2097 deo,
1106 2054 1203 2091 nulla
1226 2054 1437 2090 auetoritate
1465 2055 1613 2092 constat.

994 2105 1093 2154 Sapit
1110 2114 1226 2143 totum
1240 2115 1481 2142 commentum
1498 2109 1615 2156 poetae

995 2157 1235 2194 Alexandrini
1258 2156 1477 2207 ingeniosam
1500 2157 1615 2194 suavi-

995 2218 1116 2245 tatem.
1171 2208 1341 2246 Fabulam
1368 2209 1479 2260 ipsam
1497 2209 1536 2245 de
1553 2208 1616 2246 bu-

989 2266 1092 2311 gom‘cz
1116 2272 1303 2310 exponunt
1334 2261 1450 2299 Ovid.
1472 2259 1560 2298 Fast.
1579 2260 1615 2304 Ῑ,

997 2313 1087 2359 361,
1106 2310 1200 2348 Met.
1219 2312 1312 2357 XV,
1328 2313 1394 2362 361
1416 2312 1467 2362 sq0
1483 2311 1617 2363 Antig-

996 2362 1135 2413 Caryst.
1155 2363 1290 2402 Mirab.
1309 2378 1342 2402 c.
1362 2379 1381 2402 2
1388 2377 1422 2412 3.

1049 2428 1135 2466 317.
1156 2415 1321 2453 Ariflaeus
1337 2429 1383 2453 ex
1400 2424 1516 2452 mente
1528 2419 1618 2466 poe’-

995 2474 1041 2503 tae
1067 2476 1143 2504 tum
1173 2467 1213 2504 in
1243 2466 1422 2504 Theffalia
1447 2467 1618 2517 degebat,

994 2518 1150 2556 necdum
1166 2519 1277 2556 Ceam
1296 2519 1443 2557 adierat.
1473 2523 1620 2570 fugiens

996 2569 1109 2620 simpl.
1139 2570 1355 2620 relinquens,
1383 2569 1517 2620 Tempe,
1543 2570 1619 2607 dis-

996 2620 1123 2658 cedens
1136 2620 1221 2659 inde
1233 2622 1277 2658 ad
1295 2633 1394 2672 caput
1410 2625 1533 2664 amnis,
1546 2621 1612 2658 Pe-

994 2671 1067 2714 nei,
1099 2672 1248 2716 fontem,
1277 2687 1312 2711 v.
1345 2673 1436 2712 Exc.
1462 2673 1508 2709 ad
1536 2673 1573 2709 h.
1593 2673 1620 2711 l.

998 2722 1062 2760 Sic
1088 2725 1171 2762 fons
1200 2724 1526 2762 Timavi—novem
1555 2736 1619 2760 ora

998 2775 1083 2813 AEn.
1114 2775 1148 2820 I,
1178 2790 1265 2828 ²45·
1299 2776 1385 2826 246.
1437 2774 1618 2824 Ignorati-

998 2839 1066 2863 one
1100 2827 1210 2865 totius
1244 2827 1495 2877 phantasmatis
1527 2831 1620 2876 poe.-

997 2877 1079 2923 tici,
1097 2878 1202 2928 olim,
1227 2879 1471 2919 Bur-mannum
1490 2887 1622 2915 temere

1439 2928 1626 2981 sequutus,
