1821 3381
342 272 876 335 GEoRG1e0N‚
933 277 1082 326 ΜΒ.
1141 277 1208 326 11.
1313 283 1403 341 385

98 401 196 454 Hic
222 405 339 469 petit
363 406 559 451 excidiis
584 406 751 451 urbem
777 404 1061 467 miserosque
1086 404 1286 462 PenatiS‚
1315 418 1402 468 505

98 499 169 545 Ut
191 514 384 561 gemma
406 498 555 554 bibat,
579 510 625 543 et
650 497 847 543 Sarrano
872 497 1128 543 indormiat
1151 497 1273 544 ostro
1282 520 1296 551 ;

99 590 276 635 Condit
299 605 411 651 opes
432 588 566 645 alius,
589 589 856 651 defossoque
879 590 1071 636 incubat
1092 605 1222 636 auro.

94 679 196 728 Hic
207 682 362 744 stupet
377 680 619 726 adtonitus
636 680 837 734 Rostris;
856 681 978 727 hunc
993 682 1181 744 plausus
1194 682 1406 729 hiantem

94 771 185 819 Per
207 787 378 818 euneos
401 769 670 833 geminatus
693 769 822 815 enim
847 768 1093 831 plebisque
1117 782 1406 832 patrumque

95 863 366 926 Conripuit.
437 862 658 909 Gaudent
681 861 853 925 perfufi
877 861 1101 925 sanguine
1127 863 1344 922 fratrum,

91 987 120 1017 ;n
134 984 282 1009 notatum
297 976 432 1019 Ριιηᾶἰε.
477 977 597 1008 dormiat
621 975 720 1017 vulgo
751 986 869 1007 omnes,
916 977 1018 1007 Porro
1044 977 1161 1015 Seram,
1189 978 1310 1016 sarano,
1335 979 1405 1009 Ser.

93 1042 173 1068 rano,
182 1029 294 1060 vitiose
305 1027 457 1059 scribitur.
547 1027 622 1065 508.
633 1029 678 1058 hic
684 1028 799 1070 plausus
814 1026 928 1058 Medic.
943 1038 960 1057 a
973 1038 1014 1058 m.
1027 1038 1073 1068 pr.
1163 1038 1237 1069 509.
1245 1031 1405 1071 geminatux

91 1091 129 1111 ex
145 1079 293 1110 omnibus
307 1077 429 1119 scriptis
443 1076 590 1107 Heinsius
605 1077 752 1118 reposuit.
799 1077 847 1107 Sic
864 1085 894 1107 et
913 1077 1009 1108 Pierii
1036 1086 1067 1108 et
1089 1078 1227 1108 Niartini
1242 1079 1314 1109 libri
1332 1090 1408 1110 cum

91 1131 230 1173 antiquis
244 1129 314 1160 edd.
360 1128 509 1169 Vulgatae
526 1134 634 1158 tamen
651 1128 720 1158 edd.
738 1135 855 1168 praeter
881 1139 980 1158 unam
1007 1129 1222 1169 Egnatianam
1243 1131 1406 1172 geminatur

93 1189 148 1214 aut
161 1183 340 1225 geminantur
354 1178 523 1209 habebant.
570 1178 626 1208 Illa
638 1181 794 1221 geminatus
817 1179 943 1216 §namin
960 1180 1139 1220 parenthesi
1156 1180 1256 1221 posita
1274 1181 1347 1211 inde
1364 1180 1405 1213 ab

90 1231 312 1267 Elzevirianis,
327 1229 481 1260 illustrare
498 1229 554 1259 fibi
580 1229 708 1259 videtur
732 1229 880 1260 Heinsius
897 1232 936 1260 ad
953 1232 1027 1262 AEn.
1047 1232 1092 1268 X,
1109 1232 1184 1271 874,
1198 1231 1279 1262 mihi
1295 1239 1407 1263 tamen

90 1284 235 1317 nondum
250 1281 411 1318 satisfacit,
428 1291 484 1311 nec
500 1281 563 1322 ipse
580 1280 661 1311 mihi
677 1280 840 1311 satisfacio.
887 1282 1001 1312 NIinus
1016 1289 1124 1312 tamen
1148 1283 1277 1323 putidus
1293 1283 1403 1315 versus

91 1335 133 1365 ad
149 1344 257 1365 meum
273 1333 396 1364 sensum
413 1331 469 1369 est,
488 1331 510 1362 si
533 1331 616 1362 intra
633 1330 833 1371 parenthesin
849 1338 903 1361 aut
920 1338 1038 1368 totum,
1054 1339 1090 1362 ut
1109 1333 1203 1364 Aidd.
1217 1344 1265 1375 pr.
1279 1341 1311 1363 et
1327 1333 1401 1372 seo,

90 1392 127 1415 ut
144 1384 190 1416 fit.
208 1394 216 1415 ε
240 1386 314 1415 hunc
329 1382 444 1426 plus-'fist
461 1383 580 1412 hiantem
597 1383 615 1421 (
619 1383 679 1412 Per
700 1385 1025 1424 cuneos—patrumque)
1049 1384 1208 1425 corripi-tim
1233 1390 1287 1414 aut
1305 1383 1404 1415 verba

87 1439 243 1480 geminatus
270 1437 338 1466 enim
363 1433 503 1477 plebisque
513 1441 695 1476 patrumque,
715 1443 787 1462 cum
807 1432 878 1463 Ald.
896 1433 952 1464 sec.
972 1441 1002 1463 et
1020 1433 1093 1464 hinc
1111 1435 1240 1471 caeteris‚
1258 1434 1405 1476 recipias.

91 1489 201 1530 Friget
221 1494 329 1519 tamen
345 1493 528 1526 utrumque,
544 1484 709 1525 multoque
726 1483 838 1524 magis,
857 1483 879 1513 si
897 1487 1054 1527 geminatus
1075 1486 1115 1516 ad
1134 1486 1243 1529 plebem
1260 1493 1290 1517 et
1303 1495 1406 1529 patree

88 1539 215 1571 referas.
262 1539 367 1568 Immo
383 1546 458 1566 vero
483 1535 537 1573 est,
559 1535 722 1576 repetitus,
751 1535 892 1565 iteratus.
936 1536 1062 1566 Servius
1093 1539 1161 1567 enim
1191 1537 1343 1575 retraxit3
1365 1544 1405 1570 ut.

90 1591 150 1622 fit:
169 1590 309 1631 Corripuit
322 1589 390 1618 enim
412 1588 485 1617 hunc
507 1588 671 1629 geminatus.
728 1586 831 1626 Atqui
853 1585 913 1616 ho:
940 1594 1095 1628 repugnat
1121 1587 1273 1618 sermonis
1297 1588 1404 1628 genio.

91 1642 210 1674 Melius
225 1639 299 1671 effet
314 1640 429 1675 dicere,
443 1641 510 1669 enim
527 1637 586 1668 csse
604 1649 660 1678 pro
677 1637 708 1670 δὴ
724 1639 790 1680 γὲεξ,
808 1636 1010 1668 affeverative
1028 1639 1165 1680 positum
1179 1650 1187 1670 t
1212 1647 1247 1670 ut
1264 1640 1339 1670 AEn.
1359 1642 1402 1679 ΙΙ,

95 1704 156 1726 100
172 1696 236 1726 Nec
251 1694 395 1735 requievit
410 1693 487 1721 enim.
532 1692 617 1726 VIII,
637 1689 677 1727 84
694 1692 865 1734 Qampius
882 1691 995 1721 AEneas
1019 1692 1068 1721 tibi
1089 1693 1170 1729 enim,
1197 1692 1259 1729 tihi,
1275 1693 1400 1723 maxima

92 1748 186 1790 Juno,
211 1745 339 1776 Μαὲἰαῐ.
385 1740 539 1772 Potuisset
561 1743 655 1782 poeta
677 1741 766 1781 facile
790 1741 992 1782 asperitatem
1015 1742 1096 1772 hanc
1118 1742 1284 1773 emollire:
1307 1745 1397 1784 gemi-

367 1802 442 1833 510.
473 1794 612 1836 Corripit.-
636 1794 666 1824 hi
689 1793 816 1835 gaudent
832 1792 981 1823 emendat
1008 1792 1218 1825 Marklandus
1240 1793 1280 1825 ad
1303 1794 1399 1825 Statii

1317 1845 1395 1878 Silv.

90 1807 174 1829 nante
185 1807 277 1828 manu.

93 1956 264 2001 Romam,
296 1957 451 1999 Penates,
493 1955 529 1993 h.
565 1955 717 2005 patriam

91 2008 189 2044 suam
228 2008 335 2056 (bella
364 2017 481 2044 autern
512 2006 636 2044 civilia
664 2020 716 2043 re-

89 2059 234 2109 spicit);
265 2070 304 2096 ut
326 2061 412 2096 luxu
431 2059 584 2096 diffluat.
639 2058 715 2095 Mi-

90 2111 169 2148 litia
188 2111 337 2148 omnino
363 2110 428 2148 illo
446 2121 606 2160 tempore
623 2110 717 2148 inter

91 2164 333 2213 modosopum
348 2175 388 2198 ac
398 2161 609 2198 divitiarum
621 2175 715 2211 quae-

90 2215 282 2252 rendarum
299 2213 551 2264 expeditiores,
579 2213 717 2250 seilicet

91 2279 111 2302 e
146 2266 264 2315 praeda
294 2275 329 2302 et
363 2264 457 2314 agris
491 2265 715 2315 assignandis,

89 2317 176 2354 vide
190 2331 224 2354 v·
240 2330 274 2354 c.
296 2317 454 2367 Propert.
473 2316 579 2366 Eleg.
594 2316 665 2359 ΙΙΙ,
680 2332 714 2368 ς.

93 2368 236 2405 Tibull.
249 2367 281 2412 I,
299 2382 311 2406 1
322 2396 334 2412 ‚
354 2381 462 2416 1—4.
474 2369 588 2404 multo
604 2369 717 2418 magis

93 2419 131 2456 in
158 2419 328 2457 civilibus
350 2419 468 2463 bellis,
486 2431 549 2469 per
571 2420 716 2469 praemia

93 2471 249 2508 militiae,
332 2486 481 2521 gemma,
545 2471 717 2520 poculum

90 2535 308 2572 gemmeum,
335 2534 380 2558 ex
405 2534 547 2570 gemma
571 2521 718 2560 saecum.

93 2573 191 2610 conf.
207 2572 367 2623 Propert.
381 2572 455 2614 ΙΙΙ,
471 2585 557 2623 ς,4.
589 2575 722 2623 Ostrum

92 2626 296 2669 Sarranum,
315 2623 489 2674 Tyrium,
507 2623 553 2660 ab
572 2624 721 2674 antiquo

93 2675 192 2712 urbis
209 2675 371 2720 nomine,
407 2675 509 2711 Sarra
536 2674 594 2712 seu
614 2677 719 2724 <Ts0r‚·

92 2727 139 2764 de
173 2740 246 2777 quo
273 2727 356 2763 satis
382 2727 495 2763 multa
525 2725 723 2776 disputavit

92 2778 301 2815 Bochartus.
358 2791 444 2829 507.
478 2776 539 2814 Sic
566 2787 602 2814 et
634 2778 720 2816 AEn.

93 2829 165 2872 VI,
184 2829 260 2867 610
277 2830 349 2866 Aut
366 2835 423 2880 qui
433 2831 563 2866 divitiis
575 2830 645 2878 soli
669 2836 720 2867 in-

95 2880 232 2920 cubuere
247 2886 391 2968 reqertis.
429 2880 485 2918 Ex
504 2880 641 2919 Vario:
663 2881 722 2920 ln-

146 2931 264 2969 rI-OM·
308 2958 320 2972 ⁵

783 1955 874 1993 cubet
900 1967 932 1993 et
959 1957 1086 2005 Doris,
1112 1967 1210 2008 atque
1239 1971 1282 1994 ex
1301 1955 1409 2005 solido

782 2007 877 2043 bibat
907 2022 1011 2045 auro:
1056 2008 1308 2045 adumbratum
1341 2008 1409 2044 effe

782 2059 936 2102 versum,
963 2070 1100 2096 notarat
1127 2059 1294 2096 Macrob.
1331 2059 1408 2095 Sat.

782 2109 853 2154 VI,
890 2125 923 2155 1,
962 2125 996 2161 p.
1033 2125 1106 2162 374
1141 2111 1274 2163 (576).
1307 2110 1408 2148 conf.

783 2160 925 2199 Tibull.
947 2162 1018 2206 HI,
1040 2177 1077 2212 3,
1099 2176 1116 2212 3
1138 2164 1215 2213 sqq.

834 2216 1048 2265 508-—510.
1102 2214 1208 2250 Alius
1239 2214 1410 2264 eloquen-

777 2264 838 2302 tiae
863 2265 1006 2302 sorensis
1035 2266 1193 2311 laudem,
1225 2265 1312 2302 dum
1341 2278 1408 2315 pro

779 2316 898 2353 rostris
929 2317 1110 2354 dicentem
1151 2316 1273 2362 audit3
1317 2316 1409 2353 alius

779 2368 905 2418 populi
933 2369 1044 2405 studia
1067 2368 1217 2405 miratur
1246 2377 1280 2404 et
1306 2367 1411 2417 cupit

779 2418 950 2470 gratiosus
967 2420 1060 2471 apud
1075 2421 1248 2470 populum
1260 2418 1409 2463 baberi3

783 2477 918 2508 nimium
940 2474 1087 2522 gaudens
1107 2470 1319 2521 popularibus
1345 2486 1410 2507 au·-

784 2528 830 2560 ris
846 2522 942 2559 dixit
967 2523 1051 2560 AEn.
1081 2522 1148 2566 VI,
1169 2525 1255 2572 817.
1310 2520 1411 2558 hism-

784 2584 848 2611 tem
861 2586 931 2623 prae
944 2574 1183 2611 admiratione
1200 2586 1241 2609 ac
1255 2572 1409 2622 stupore,

784 2629 956 2674 conrtpuit,
1016 2625 1192 2676 percussit,
1249 2622 1411 2659 animum

785 2676 999 2722 commovit,
1006 2678 1142 2727 plausus
1151 2686 1215 2726 per
1231 2689 1351 2711 cuneos.
1371 2673 1411 2712 h.

785 2727 1004 2764 theatrorum
1030 2727 1174 2764 ordines
1201 2739 1242 2762 ac
1271 2724 1412 2768 sedilia,

785 2792 857 2828 quo
873 2778 1159 2829 excipiebantur,
1184 2776 1247 2827 qui
1264 2775 1413 2825 gratiosi

785 2829 892 2866 effent
931 2830 1027 2880 apud
1061 2829 1248 2879 populum,
1292 2836 1332 2863 ut
1365 2826 1413 2864 de

788 2880 976 2930 Pompeio,
991 2880 1184 2923 Cicerone,
1212 2878 1414 2918 Maeeenate

835 2931 865 2968 Β
885 2931 909 2969 b
1320 2927 1417 2984 (vid.
