1987 3361
438 251 1064 324 E‘DITIONIBUS.
1220 293 1421 329 mxu:

152 413 202 453 Ρ.
231 411 274 453 V,
294 409 476 448 M.—-cum
502 425 580 448 com.
605 409 734 453 Ser-vii,
764 410 908 452 Donati,
937 410 1089 448 Landini
1110 420 1143 448 et
1161 411 1304 450 Domitii
1333 412 1422 451 Cal.

99 472 210 512 lerini
229 470 397 508 venetiis
421 470 568 519 imperfis
591 469 728 506 Lazari
740 470 780 505 de
807 468 989 506 Sca—viliano
1263 469 1291 507 f.
1313 473 1424 519 1481.

153 530 339 570 Notitiam
356 530 447 566 hanc
478 529 595 567 debeo
623 527 791 565 Harlefio
820 527 918 565 brev,
941 527 1066 565 Notit.
1086 542 1123 578 p.
1144 532 1232 578 236.
1251 531 1315 581 qui
1332 532 1426 570 ιεξὶε

101 599 244 635 monet,
269 589 309 627 in
326 590 392 627 hac
410 587 569 640 primum
585 600 754 626 occurere
774 586 936 628 Domitii
954 588 1232 629 enarrationem.

710 687 822 736 1482.

155 770 202 813 P.
223 770 266 808 V.
286 769 342 806 Μ.
358 784 428 806 cum
445 767 470 803 S
472 772 566 805 ervit*
580 766 747 803 Honorati
761 766 1015 805 Commentariis
1031 783 1073 807 ac
1089 770 1229 821 ejusdem
1242 769 1353 820 pob’toe
1365 775 1426 808 vi..

104 839 144 868 ta
164 830 198 864 V
193 835 304 867 enetiis
322 826 483 877 impressa
508 839 571 876 per
589 827 791 877 Magssrmn
810 827 997 865 Renaldum
1017 828 1235 882 Noviomagio
1254 830 1419 867 Theoto-

103 887 227 930 uicum
246 890 359 937 1482,
377 885 436 924 die
454 885 614 928 XXVII
631 884 863 936 Septembris,
882 884 1049 923 Venetiis
1258 887 1286 925 f.
1313 891 1426 934 1482.

155 946 310 984 Orlanc'..
344 960 379 996 p.
413 959 473 995 3¹·
530 944 655 982 Maitt.
685 944 733 981 T.
754 943 788 986 I,
811 943 850 979 P.
879 943 932 988 II,
952 958 988 994 p.
1009 958 1102 995 432,
1130 945 1254 995 etjam
1274 944 1427 987 Fabi-ic.

105 1004 147 1044 B.
168 1005 212 1042 L.
229 1018 314 1056 pag.
336 1005 422 1042 208.
461 1003 631 1040 Servatur
644 1001 682 1039 in
699 1001 922 1039 bibliotheca
940 1002 1020 1041 Soc.
1044 1002 1126 1046 Lat,
1145 1003 1287 1052 Jenens.
1332 1005 1428 1043 Sub.

100 1065 195 1116 jefia
215 1064 321 1101 habet
339 1063 524 1100 Catalech
540 1072 575 1099 et
595 1060 746 1111 Maphei
765 1061 831 1098 lib.
852 1060 962 1101 XIII.
1019 1061 1127 1112 Sequi
1141 1075 1219 1099 earn
1233 1063 1429 1105 leftionem

103 1122 286 1172 vulgatam
316 1120 540 1172 superiorum
568 1118 771 1158 editionum
797 1120 1017 1171 deprehendi
1043 1121 1083 1159 in
1101 1121 1163 1165 iis,
1190 1135 1270 1172 quae
1286 1122 1428 1174 inspexi

103 1191 141 1224 et
158 1181 376 1231 comparavi.

158 1242 202 1278 P.
223 1241 263 1276 V.
282 1239 340 1276 M.
360 1239 475 1287 Opera
493 1246 525 1274 el
542 1235 943 1286 Opzssvdcz—Volumz‘na
963 1236 1035 1274 haec
1042 1239 1179 1286 summa
1196 1254 1266 1276 cum
1281 1239 1426 1291 diligen.

103 1297 156 1330 tia
179 1293 353 1330 emendata
370 1287 577 1326 Mediolani
595 1287 781 1325 Anthonius
801 1288 967 1326 Zaroffhus
986 1294 1288 1337 imprimi-curavit
1304 1297 1430 1341 impenv

92 1351 147 1404 fis
165 1350 336 1399 Johannis
353 1349 509 1399 Legncmi
535 1362 621 1384 anno
647 1347 787 1385 Domini
801 1346 880 1383 MC
883 1348 914 1383 C
917 1348 949 1383 C
951 1347 983 1383 C
985 1346 1187 1392 LXXXII,
1217 1349 1323 1387 VIII
1338 1350 1427 1394 Kal,

94 1403 242 1452 'Maian
1263 1408 1290 1445 f.
1317 1412 1429 1458 1482,

158 1467 290 1505 Maitt.
308 1465 401 1503 ibid.
419 1479 456 1516 p.
473 1477 520 1514 43
530 1477 563 1516 ς.
614 1464 683 1502 Nil
703 1464 740 1501 in
756 1477 797 1502 ea
816 1464 950 1503 facium
980 1464 1138 1507 videtur,
1166 1479 1273 1516 quam
1294 1478 1334 1504 ut
1350 1469 1431 1507 edi..

105 1526 220 1565 tionis
236 1525 426 1576 superioris
445 1524 530 1561 anni
549 1524 732 1574 exemplar
750 1524 1022 1562 exscriberetur.
1080 1523 1155 1561 Vix
1172 1525 1303 1575 affequi
1320 1527 1425 1573 licet,

106 1598 182 1636 quo
199 1594 378 1622 emtorum
397 1582 513 1620 studio
544 1581 583 1619 in
601 1583 726 1619 eadem
746 1582 833 1620 urbe
850 1583 947 1621 intra
972 1583 1047 1619 duo
1066 1596 1179 1620 annos
1198 1593 1251 1622 ter
1265 1585 1426 1636 flagitari

109 1643 273 1697 potuerit
292 1642 488 1693 Virgilius.

162 1704 207 1741 P.
237 1703 281 1739 V.
303 1701 358 1739 M.
388 1702 504 1750 Opera
527 1710 559 1736 et
577 1697 898 1750 Opustula—-Regii
911 1698 1031 1748 Lepidi
1044 1715 1127 1738 cura
1144 1711 1176 1737 et
1200 1704 1349 1752 impensis
1361 1703 1429 1742 Al..

110 1761 200 1803 berti
214 1764 254 1800 de
279 1760 472 1813 Majalibus
490 1760 656 1810 Regie7fis
674 1758 723 1794 M
723 1758 754 1793 C
757 1759 788 1794 C
792 1759 823 1795 C
826 1759 857 1794 C
859 1758 1063 1802 LXXXII,
1092 1759 1132 1795 X
1149 1758 1294 1803 Kalend
1303 1762 1432 1813 Aprilis

1262 1812 1290 1850 f.
1314 1827 1325 1850 1
1364 1817 1429 1860 82,

161 1869 213 1908 V.
229 1868 345 1907 Denis
367 1869 552 1919 Supplem.
577 1867 703 1905 Maitt.
718 1882 755 1919 p.
782 1869 869 1912 160,
899 1880 937 1907 n.
973 1881 1083 1921 1193.
1105 1869 1223 1908 Aliud
1248 1829 1430 1926 exetriplat

109 1930 158 1970 est
176 1929 272 1982 apud
287 1929 348 1968 Ill.
369 1927 555 1968 Comitem
573 1927 619 1965 de
639 1927 841 1977 Reviczky.

719 2017 788 2062 148
794 2027 830 2063 3.

162 2091 209 2131 P.
245 2090 280 2126 V
276 2118 286 2135 ,,
304 2091 354 2128 M
354 2119 363 2134 .
383 2090 550 2134 Bucolica,
581 2091 756 2143 Georgica,
783 2091 916 2135 AEnei5‚
944 2107 1016 2129 cum
1035 2092 1217 2130 Comment.
1237 2092 1369 2141 Servii,
1394 2105 1429 2134 et

108 2152 248 2202 gjzgsdem
265 2150 456 2202 Opuscula,·
499 2166 570 2188 cum
588 2150 853 2188 enarrationibus
871 2149 1034 2187 Domitii
1053 2151 1240 2188 Calderini
1256 2167 1268 2197 3
1313 2155 1360 2192 P.
1383 2155 1430 2197 V,

111 2204 267 2247 Maronis
285 2211 335 2246 ad
348 2210 525 2259 Priapum,
543 2219 575 2246 et
591 2210 753 2258 Priapeia
772 2225 843 2247 cum
856 2209 956 2247 aliis:
976 2213 1116 2261 impnff
1131 2213 1184 2248 die
1201 2210 1274 2248 XV
1286 2212 1431 2251 Decem-

113 2267 183 2307 bris
195 2279 259 2318 per
274 2269 459 2319 Baptssam
477 2270 516 2305 de
533 2268 656 2311 Tortis,
677 2267 843 2305 Venetiis
1261 2270 1291 2310 f.
1317 2273 1386 2320 148
1393 2285 1430 2321 3.

163 2326 290 2365 Maitt.
311 2326 405 2364 ibid.
424 2340 462 2378 p.
482 2341 574 2378 445.
628 2326 918 2378 Typographnm
938 2327 1105 2378 adscripsi
1130 2341 1149 2366 e
1167 2329 1348 2381 Catalogo
1364 2331 1429 2380 Jo.

113 2384 161 2426 de
180 2385 371 2424 Neaulme.
427 2387 585 2424 Venetam
603 2402 672 2424 cum
690 2393 772 2424 notis
784 2393 959 2424 variorum
976 2387 1013 2424 in
1032 2387 1153 2426 Catal.
1172 2389 1325 2427 Osborn.
1343 2389 1430 2429 anni

118 2445 219 2496 1764
234 2445 508 2483 commemorari
528 2445 662 2484 videas.
715 2445 759 2483 In
786 2446 854 2484 hac
881 2446 1043 2484 editione
1064 2446 1226 2486 Domitii
1246 2449 1430 2488 enarratio

110 2503 151 2542 in
178 2504 315 2555 Opusc.
336 2504 424 2550 min.
454 2505 614 2547 scilicet:
643 2504 690 2543 ad
707 2505 890 2549 Culicem,
927 2505 1048 2544 Cirim
1066 2516 1102 2545 et
1121 2507 1207 2554 alia,
1236 2507 1430 2561 repetitur.

114 2577 153 2604 v.
173 2563 220 2601 ad
244 2568 355 2615 1481.
1125 2570 1128 2572 ’

718 2654 830 2705 1484.

166 2727 213 2766 P.
248 2728 291 2767 V.
323 2727 380 2767 M.
405 2744 476 2768 cum
501 2729 621 2770 Ser-vii
641 2730 906 2768 Commentariis.
959 2729 1154 2782 Imprefficm
1179 2726 1345 2768 venetiis
1367 2738 1435 2780 per

112 2783 253 2827 ‘Tantam
284 2788 326 2827 de
366 2788 583 2830 Alexandria
611 2787 1051 2838 MCCCCLXXXIIII,
1084 2791 1138 2830 die
1172 2789 1273 2828 XXI
1266 2789 1308 2886 *fs
1341 2789 1430 2883 Dic.

1285 2875 1296 2887 ο
1319 2860 1332 2884 Ῑ
1418 2872 1432 2887 ο

1301 2859 1434 2959 Mis..
