1987 3361
371 257 1059 329 EDITIONIBUS.
1194 295 1396 329 Lxxxm

131 415 316 454 Maittair.
344 415 398 453 T.
431 414 464 459 I,
491 428 528 464 p.
550 427 637 465 307.
690 413 901 450 Editionem
924 413 1146 463 praestantem
1176 422 1213 450 et
1240 413 1397 451 nitidam

76 476 233 527 appellat
252 474 396 517 Burius‚
423 474 487 524 qui
515 474 561 511 de
584 486 626 509 ea
658 471 735 524 agit
762 472 826 509 sub
853 486 891 510 n.
923 472 1017 509 2661
1050 485 1200 523 eamque
1216 472 1394 522 superiori

78 536 217 574 Adami
237 536 312 573 Rot
330 535 546 573 fimillimam
564 533 610 570 ab
625 534 751 570 eodem
769 532 919 575 artifice,
946 532 1006 569 sed
1024 546 1068 569 ex
1087 534 1158 569 alio
1180 533 1392 583 exemplari,

75 596 292 647 descriptam
321 597 388 633 esse
415 594 611 637 existimat,
639 593 808 643 quoniam
835 594 1104 644 orthographiae
1133 593 1227 630 ratio
1252 595 1394 631 diversa

77 657 136 694 est.
192 656 437 693 Maluissemus
466 668 548 691 eum
580 654 749 690 leffiones
778 658 897 704 poetae
915 654 1141 703 comparasse.
1197 653 1392 704 Exemplar

76 716 154 766 ejus
172 716 211 754 in
230 715 458 753 Bibliotheca
486 712 602 763 Regia
622 713 801 750 Parifienfi
819 713 853 750 se
872 712 997 750 vidiffe
1014 725 1132 751 narrat
1143 729 1153 758 ;
1182 714 1280 764 quod
1299 714 1392 752 adeo

18 817 21 821 ,
76 777 178 814 aliud
211 777 277 813 effe
311 774 452 818 debuit,
488 787 594 824 quam
629 774 683 817 id,
715 774 815 824 quod
845 773 955 810 modo
991 775 1223 811 memoraturi
1258 775 1390 814 sumus.

75 837 248 876 Ceterum
267 836 448 886 exemplar
464 834 568 884 hujus
585 834 757 872 editionis
775 834 888 871 veniit
906 834 1046 871 Parifiis
1069 848 1136 886 172
1143 849 1162 886 5·
1191 836 1288 885 apud
1308 835 1390 873 Du..

73 897 138 946 fay
159 898 263 949 249l.
288 910 366 947 19s.
394 905 432 932 et
458 907 478 931 e
505 895 730 933 bibliotheca
759 894 905 932 comitis
924 894 971 932 de
998 896 1126 946 Hoym
1149 899 1258 947 1738.
1284 896 1390 947 15ol.

74 958 115 995 in
130 958 345 1009 supellee'ffle
361 954 510 994 libraria
529 955 630 993 Sellii
654 956 762 1007 1761.
795 955 898 994 1zol.

126 1021 173 1058 P.
192 1021 234 1057 V.
254 1020 312 1056 M.
335 1019 461 1067 Opera.
490 1015 656 1054 Venetiis
1223 1017 1253 1056 f.
1277 1031 1390 1070 1471.

124 1082 267 1118 Servius
284 1084 320 1117 in
342 1079 521 1131 Virgilium
1224 1079 1252 1116 f.
1277 1093 1390 1132 1471,

124 1142 181 1179 Ita
198 1141 332 1191 legitur
348 1140 387 1178 in
405 1140 588 1190 Catalogo
608 1139 704 1177 Bibl.
725 1139 819 1190 Reg.
843 1138 921 1178 Par.
942 1140 1158 1192 (Catalogue
1186 1142 1240 1178 des
1263 1142 1390 1178 Livres

73 1207 236 1254 imprime‘s
251 1205 289 1240 de
305 1202 342 1240 la
362 1202 586 1253 Bibliotheque
601 1203 646 1238 du
661 1203 734 1238 Roi.
787 1201 895 1238 Belles
905 1204 1047 1239 Lettres.
1088 1203 1227 1249 Poc'sstes)
1245 1216 1280 1238 n.
1298 1204 1389 1241 808.

77 1266 164 1314 809.
220 1263 329 1300 Hanc
348 1262 548 1300 editionem
566 1275 587 1298 a
604 1261 799 1312 superiore,
829 1262 939 1299 Burio
967 1272 1179 1306 memorata,
1207 1262 1385 1299 diversam

72 1326 138 1362 effe
172 1325 303 1362 neceffe
330 1324 392 1367 est,
420 1323 476 1360 vel
507 1333 653 1373 propter
685 1321 917 1373 impreffioni's
946 1322 1069 1359 locum
1100 1322 1293 1372 adjeftum,
1321 1322 1388 1359 nifi

73 1395 194 1423 tamen
211 1399 231 1422 e
247 1385 451 1434 conjeRura
468 1383 531 1420 ille
549 1383 707 1432 adjeetus
724 1384 784 1420 est.
840 1382 980 1420 Verum
1007 1397 1081 1421 non
1107 1382 1190 1421 satis
1218 1383 1323 1421 docte
1339 1382 1388 1421 de

71 1445 126 1483 his
144 1446 220 1498 egit
237 1445 313 1488 ille,
342 1454 381 1481 ut
397 1457 442 1481 ex
459 1445 533 1494 ejus
552 1443 659 1482 dietis
676 1443 815 1494 aliquid
832 1442 1017 1494 expedias,

685 1574 753 1611 147
761 1574 796 1599 z.

122 1639 168 1676 P.
198 1639 241 1676 V.
263 1639 320 1676 Μ.
350 1639 467 1690 Opera
491 1652 561 1677 cum
595 1640 830 1676 commentariis
857 1637 978 1673 Servii
1012 1645 1044 1671 et
1076 1641 1111 1672 in
1132 1637 1206 1684 fine
1233 1635 1388 1672 AEneidis

68 1701 208 1751 ejusdem
229 1701 346 1737 Servii
362 1700 492 1737 libellus
517 1701 555 1737 de
574 1710 702 1737 natura
722 1697 940 1750 syllabarum
970 1698 1020 1733 ad
1041 1696 1247 1747 Aquilinum.
1302 1694 1331 1731 F
1332 1696 1387 1732 lo·-

73 1759 196 1796 rentiae
209 1771 273 1811 per
288 1761 498 1798 Rerum-dum
524 1771 556 1798 et
583 1760 792 1797 Dominicum
820 1759 967 1794 Cennim‘
991 1757 1193 1794 Florentinos
1211 1755 1306 1793 intra
1323 1769 1387 1793 an-

66 1833 133 1857 nos
156 1832 246 1872 1471
275 1829 311 1857 et
333 1833 442 1871 1472.

121 1879 212 1918 Vid.
242 1881 398 1918 Orlandi
422 1882 521 1933 Orzg.
549 1891 581 1917 et
612 1881 734 1930 Progr.
766 1876 856 1915 della
882 1877 1023 1926 Stampa
1047 1891 1084 1927 p.
1117 1889 1201 1925 130.
1236 1890 1321 1925 131,
1348 1885 1387 1915 et

68 1943 157 1990 428.
213 1941 402 1979 Maittaire
435 1943 485 1979 T.
514 1941 547 1986 1,
566 1955 604 1991 p.
627 1954 712 1989 320.
766 1938 865 1976 Abb.
886 1937 1020 1974 Mehus
1048 1937 1147 1988 praef.
1173 1937 1221 1973 ad
1253 1937 1384 1975 Vitam

69 2001 254 2039 Ambrofii
286 2002 455 2041 Camald.
492 2016 528 2052 p.
567 2017 584 2053 5
594 2016 628 2053 ς.
683 1999 768 2037 Fuit
801 1999 832 2036 is
863 1998 1000 2050 primus
1033 1998 1127 2035 liber
1156 1997 1385 2036 Florentiaea

68 2060 247 2099 Cenninis
264 2063 453 2114 expreffus,
480 2071 517 2099 et
546 2062 613 2099 hac
638 2061 713 2112 ipsa
736 2060 781 2098 de
799 2059 916 2097 caussa
933 2058 1016 2095 satis
1040 2059 1169 2096 clarus.
1225 2057 1266 2096 P.
1285 2058 1386 2096 Cen-

67 2120 189 2167 ninus,
215 2122 389 2161 Bernardi
408 2123 453 2166 f.,
475 2122 739 2163 emendaverat,
766 2136 838 2158 cum
854 2118 1078 2169 antiqusffimis
1092 2118 1200 2156 multis
1217 2118 1387 2169 exempla-

66 2182 157 2220 ribus
182 2182 388 2229 centula-(12⁴3
417 2182 653 2234 inprimisque
682 2181 738 2219 illi
774 2194 869 2218 curae
904 2179 1034 2223 fuerat,
1060 2195 1101 2216 ne
1134 2181 1218 2230 quid
1240 2179 1386 2217 alienum

66 2243 188 2282 Servio
204 2244 459 2295 adscriberetur,
487 2261 549 2282 neu
577 2244 661 2295 quid
682 2244 877 2281 recideretur
891 2251 953 2278 aut
969 2241 1093 2291 decffit,
1120 2242 1209 2292 quod
1221 2242 1389 2279 Honorati

64 2305 124 2354 effi
136 2307 329 2354 pervetusta
355 2305 560 2356 exemplaria
584 2306 849 2354 demorgstrarent.
902 2300 1057 2338 Initium
1084 2301 1289 2338 excudendi
1308 2302 1386 2340 fac-

67 2372 145 2400 tum
165 2362 241 2399 VII
260 2363 360 2403 Nov.
385 2378 496 2416 1471,
523 2374 558 2402 et
576 2364 656 2401 finis
674 2363 711 2400 V
732 2362 866 2401 octob.
900 2375 1009 2414 ¹47²·
1064 2361 1195 2399 Burius
1223 2376 1260 2400 n.
1281 2363 1380 2414 2672

65 2423 112 2460 de
145 2423 213 2460 hac
246 2424 406 2463 editione
437 2424 638 2463 Maittairii
674 2424 783 2461 fidem
817 2422 998 2473 sequitur3
1026 2421 1100 2472 ipse
1133 2422 1273 2460 Parisiis
1303 2436 1383 2461 eam

64 2483 228 2522 invenire
244 2498 316 2522 non
334 2495 512 2536 potuerat.
568 2485 732 2522 Eandem
753 2483 793 2520 P.
814 2483 1036 2520 Burmannus
1052 2482 1131 2520 Sec.
1151 2481 1256 2533 praef.
1272 2482 1383 2534 Virg-

63 2558 101 2596 p.
121 2545 143 2566 ’θ
163 2544 184 2565 '⁶
205 2544 227 2565 ἰ’
246 2545 268 2565 '⁵
288 2545 310 2565 ’ἕ
330 2545 352 2566 ³⁶
376 2560 390 2584 1
411 2556 585 2584 memorat
607 2555 643 2583 et
673 2558 718 2583 ex
744 2543 818 2583 Ms.
838 2543 1012 2581 Mediceo
1030 2543 1226 2581 maximam
1243 2553 1382 2594 partem

63 2605 257 2656 expressam
269 2614 331 2643 aut
341 2607 535 2645 restitutam
554 2606 618 2645 ait.

117 2667 163 2703 P.
190 2666 234 2704 V.
259 2665 317 2703 M.
336 2667 449 2718 Opera
470 2666 674 2716 (Bucolica,
699 2665 899 2718 Georgica,
921 2663 1086 2714 AEneis).
1139 2663 1305 2702 Venetiis
1316 2673 1383 2715 per

66 2725 276 2764 Leonardum
294 2726 471 2766 Achatem.
1214 2725 1242 2762 f.
1269 2737 1381 2775 1472.

119 2785 178 2823 De
210 2798 253 2823 ea
285 2786 439 2825 Orland.
475 2802 512 2840 p.
546 2800 608 2840 25.
635 2787 827 2825 Maittaire
861 2786 913 2825 T.
948 2786 983 2831 I,
1018 2799 1056 2837 p.
1087 2797 1177 2835 314,
1204 2784 1301 2821 unde
1334 2783 1381 2821 de

61 2844 185 2887 Burne
202 2858 240 2885 n.
265 2850 379 2889 2662.
433 2848 538 2888 Idem
561 2848 729 2895 eandem,
759 2856 936 2898 quantum
963 2845 1145 2898 intelligo,
1173 2857 1256 2883 cum
1284 2854 1381 2881 anno

749 2907 773 2946 f
795 2920 818 2949 2
1284 2913 1382 2955 1473
