1821 3381
391 715 888 769 ECLOGA
1004 719 1127 773 VII.

473 856 1036 907 MELIBOEUS.

334 1051 1161 1124 AR‘GUMENTU'M.

95 1208 420 1292 Memnonos
437 1246 552 1297 pastor
569 1254 702 1289 narrat,
721 1245 770 1290 se,
797 1257 881 1283 eum
905 1244 1129 1285 aberrantem
1150 1263 1296 1301 caprum
1314 1266 1410 1304 quae.⁵

92 1324 206 1366 rebat,
251 1320 290 1357 in
322 1317 559 1367 Corydonem
591 1325 627 1352 et
661 1315 878 1366 Thyrsidem
913 1316 1091 1362 incidisse,
1126 1319 1205 1369 qui,
1244 1322 1412 1362 affidente

94 1389 305 1442 Daphnide,
336 1395 445 1424 cantu
476 1394 574 1441 erant
602 1384 842 1429 decertaturi3
864 1385 1115 1436 obtemperasse
1144 1388 1179 1425 se
1205 1388 1412 1441 Daphnidis

93 1445 309 1503 hortatibus,
327 1467 367 1495 ut
396 1455 471 1507 ipse
502 1456 661 1493 affideret
695 1464 732 1492 et
769 1465 950 1493 cantantes
985 1456 1188 1494 audiret—
1206 1473 1266 1498 20.
1320 1460 1412 1500 Inde

92 1529 271 1578 Corydon
289 1526 434 1577 primaS,
462 1525 611 1573 Thyrsis
646 1525 829 1569 secundas,
856 1535 973 1576 partes
990 1527 1148 1564 carmine
1166 1528 1339 1567 amoebaeo
1358 1530 1410 1568 ita

92 1595 277 1639 sustinent,
307 1603 362 1637 ut,
390 1591 696 1642 quemadmodum
716 1591 796 1629 Ecl.
818 1592 877 1628 III
899 1592 1077 1638 distichis,
1105 1595 1150 1631 fic
1171 1609 1266 1633 nunc
1285 1597 1410 1635 tetras-

90 1663 215 1708 tichis,
235 1664 293 1700 seu
307 1660 486 1712 quaternis
499 1659 669 1704 verfibus,
696 1661 946 1711 comprehensa
961 1663 1121 1700 carmina
1136 1664 1339 1711 decantent,
1358 1668 1411 1704 se-

91 1746 138 1770 na
156 1741 319 1781 uterque,
337 1729 514 1779 Corydon
529 1728 657 1766 diverfi
676 1743 823 1780 quaeque
837 1732 1039 1782 argumenti
1055 1733 1214 1779 exorsus,
1243 1734 1409 1786 Thyrfis,

90 1806 153 1839 aut
171 1799 302 1837 similia
320 1812 361 1836 ac
381 1797 482 1849 paria
501 1808 562 1835 aut
581 1799 762 1841 contraria
781 1799 984 1839 afferendo:
1016 1802 1139 1839 Habet
1155 1804 1246 1842 adeo
1264 1818 1409 1844 carmen

89 1884 165 1909 non
182 1870 276 1908 nihil
293 1868 556 1907 ex‘dramatico
574 1882 718 1919 genere,
747 1884 820 1920 quo
837 1871 915 1921 ipso
943 1875 1114 1922 majorem
1132 1874 1407 1913 delefiationem

87 1938 191 1975 facit.
226 1937 360 1982 Locus,
380 1937 418 1974 in
437 1950 509 1987 quo
527 1938 774 1991 consederant,
787 1940 833 1976 est
853 1939 916 1977 sub
935 1941 1100 1979 umbrosa
1116 1956 1248 1993 quercu
1269 1958 1288 1981 a
1305 1944 1407 1982 favo-

89 2007 152 2045 nio
170 2008 295 2045 leviter
315 2007 466 2058 agitata,
494 2006 586 2044 inter
609 2020 716 2057 apum
735 2008 909 2054 susurros,
928 2009 964 2047 in
984 2011 1119 2048 vicinia
1139 2011 1272 2051 Mincii
1290 2013 1407 2060 fluvii,

87 2074 288 2126 etquidem
304 2088 345 2111 ea
368 2084 483 2126 parte,
510 2088 580 2125 qua
601 2085 761 2113 armenta
784 2086 910 2127 potum
939 2078 1173 2118 ducebantur.
1229 2082 1349 2120 Etiam
1367 2083 1408 2121 in

87 2145 158 2182 hoc
176 2143 334 2181 carmine
351 2143 519 2195 putidum
547 2145 594 2181 est
614 2144 741 2182 referre
769 2147 973 2197 allegorias,
1003 2162 1087 2198 quas
1114 2152 1309 2187 commenti
1326 2151 1408 2189 sunt

86 2215 311 2266 interpretes,
338 2228 421 2253 cum
440 2215 537 2252 haud
560 2215 670 2253 dubie
689 2216 781 2254 nihil
800 2217 899 2255 aliud
918 2219 1083 2270 spectarit
1102 2226 1225 2271 poeta,
1240 2234 1346 2274 quam
1366 2231 1407 2258 ut

84 2267 135 2320 'ad
152 2269 363 2320 Theocritei
378 2282 505 2331 Idyllii
524 2282 580 2318 VI
604 2283 847 2322 imitationem
866 2285 956 2323 iliud
976 2287 1146 2324 carminis
1164 2289 1325 2326 amoebaei
1341 2302 1406 2340 ge-

88 2363 156 2390 nus
171 2349 400 2400 exprimeret,
418 2351 516 2401 quod
538 2351 738 2389 narratione
767 2352 917 2403 alicujus
934 2354 1095 2404 pastoris,
1114 2353 1177 2404 qui
1195 2354 1406 2393 interfuerat

87 2418 294 2462 certamini,
321 2422 539 2459 continetur.
603 2421 685 2459 Nec
717 2422 869 2460 omnino
899 2437 1065 2477 magnam
1094 2425 1232 2463 inventi
1261 2426 1403 2464 laudem

88 2486 198 2524 Maro
218 2487 324 2525 habet
341 2489 380 2525 in
410 2489 481 2527 hoc
511 2490 683 2529 carmine.
737 2492 848 2530 Nova
876 2504 950 2532 arte
974 2506 1016 2532 ac
1044 2493 1214 2533 varietate
1242 2494 1404 2546 expreffit

85 2552 265 2606 Eclogam
284 2555 463 2596 Gesnerus
482 2557 520 2595 in
538 2559 629 2608 Lyca
645 2568 676 2596 et
694 2558 833 2599 Milone.
