1821 3381
211 444 736 507 ECLOGA

300 683 778 733 MELIBOEUS.

873 443 1314 506 PRIMA.

856 681 1247 730 TITYRUS»

609 815 923 862 MELIBOEUS.

121 906 423 1038 T1TYRE,
449 919 500 954 tu
526 902 702 977 patula}-
727 905 954 952 recubans
979 904 1062 951 sub
1088 902 1301 967 tegmine
1329 902 1424 965 fagi.

294 991 559 1044 Silvestrem
582 995 711 1042 tenui
737 989 928 1042 Musam
955 988 1196 1041 meditaris
1224 982 1403 1059 ursega-:⁷

586 1046 710 1057 ;.,.,«.,-.....Δ.Α-ψ

117 1086 220 1135 Nos
242 1087 408 1151 patriae
431 1086 545 1131 fines
569 1096 614 1130 et
637 1084 795 1130 dulcia
818 1084 1077 1146 linquimus
1101 1095 1241 1137 arva;

118 1179 220 1226 Nos
241 1177 445 1241 patriam
465 1176 696 1239 fugimus:
725 1187 789 1230 tu,
809 1174 989 1236 Tityre,
1012 1174 1164 1218 lentus
1190 1173 1238 1218 in
1258 1172 1427 1219 umbra

120 1270 394 1320 Formosam
418 1268 626 1315 resonare
650 1267 789 1313 doces
812 1265 1104 1341 Amaryllida
1128 1265 1277 1325 silvai-s.
1399 1278 1422 1327 5

654 1375 891 1405 TITYRUS.

119 1452 166 1498 O
189 1451 441 1506 Meliboee,
475 1448 587 1494 deus
612 1447 748 1493 nobis
774 1447 878 1494 haec
900 1447 995 1494 otia
1019 1447 1146 1494 fecit.

166 1605 191 1624 1.
221 1593 319 1634 ‘Tytire
344 1590 451 1627 multi,
473 1589 604 1623 vitiose:
637 1588 688 1619 sed
719 1588 761 1619 est
793 1588 912 1631 ‘sla-9303.

943 1587 983 1618 cf.
1014 1589 1126 1620 Burni.

1234 1598 1250 1618 Q
1256 1609 1265 1619 .
1288 1589 1320 1618 Α
1321 1588 1427 1631 [rr—stem

120 1643 277 1686 Qiuc‘iil.
297 1643 357 1679 IX,
374 1651 405 1678 4,
422 1641 460 1679 85
479 1640 643 1670 memoriae
661 1639 740 1669 vitio
757 1650 795 1669 ex
814 1639 879 1669 Ecl.
896 1639 954 1676 VI,
978 1638 995 1669 8
1013 1638 1142 1670 laudat:
1168 1638 1286 1679 recepit
1311 1640 1427 1680 Egnat„

118 1706 151 1725 v.
179 1694 290 1725 Heius.
313 1698 485 1733 utrumque
508 1692 592 1733 apud
615 1692 746 1721 Lucret.
771 1691 814 1727 V,
838 1699 932 1731 1397.
963 1691 1019 1727 IV,
1040 1699 1118 1731 593.
1148 1689 1190 1720 cf.
1224 1690 1339 1727 Cerda,
1372 1689 1426 1730 qui

103 1748 200 1790 [ἶνας
222 1745 262 1776 ad
284 1755 352 1775 rem
369 1743 575 1785 pastoritiam,
588 1754 667 1783 agros
683 1742 722 1772 ad
744 1752 812 1772 rem
829 1741 1053 1783 agricolarum,
1076 1740 1188 1771 referri
1205 1741 1295 1772 docet
1309 1753 1317 1779 ;
1341 1739 1427 1783 quod

117 1798 270 1828 haetenus
283 1803 395 1826 verum
412 1794 467 1831 est,
487 1801 523 1824 ut
538 1799 645 1823 tamen
663 1793 824 1822 communi
839 1794 979 1835 agrestium
996 1802 1103 1823 rerum
1120 1792 1275 1822 vocabulo
1302 1801 1332 1822 et
1357 1793 1426 1834 pas-

117 1855 225 1878 torum
241 1847 307 1878 vita
323 1844 548 1887 comprehendi
563 1843 665 1885 poffir,
681 1851 714 1873 ut
727 1854 764 1875 v.
793 1853 831 1874 10
846 1845 948 1872 calamo
961 1845 1068 1885 agusti.

115 1902 141 1930 α’.
159 1906 288 1940 quartus
305 1900 421 1928 Morct.
446 1903 476 1926 et
492 1895 607 1936 fragm.
627 1896 750 1925 Moret.
768 1906 784 1925 a
796 1905 843 1936 pr.
862 1905 907 1924 m.
932 1896 1058 1935 liquimus
1079 1894 1221 1925 Parrhas.

1160 1852 1191 1881 3.
1211 1845 1273 1873 Nos
1285 1850 1320 1885 p
1326 1846 1362 1885 f.
1384 1857 1431 1873 nos

1310 1905 1342 1931 4·
1360 1898 1429 1927 letus

117 1950 272 1982 Rottend.
294 1949 326 1980 h.
340 1950 442 1985 laetus,
462 1946 594 1977 sollenni
610 1946 798 1978 variatione.
823 1957 856 1977 v.
874 1947 983 1977 Burm.
1000 1945 1035 1976 h.
1054 1945 1074 1976 l.
1093 1953 1123 1977 et
1139 1945 1249 1988 paffim
1271 1945 1339 1977 alii.

175 2082 209 2106 ι.
236 2067 453 2104 Meliboeum
478 2074 566 2116 puta
591 2065 737 2102 accede-

119 2134 155 2158 re
174 2119 219 2156 ad
238 2120 409 2169 Tityrum
436 2118 574 2169 agendo
592 2130 739 2168 gregem

118 2182 200 2209 ante
216 2171 261 2208 se.
315 2169 487 2218 Tityrum
500 2169 741 2218 filvestrem—

117 2227 255 2272 mnsam,
269 2234 410 2259 carmen
423 2220 660 2270 pastoritium‚
677 2237 742 2256 me-

117 2278 235 2317 ditari,
256 2285 433 2314 exercere,
453 2276 613 2321 μελετᾷν,
641 2272 678 2308 h.
707 2285 738 2308 e.

119 2325 242 2362 cantui
268 2337 348 2361 eum
370 2337 509 2366 vacare,
536 2322 739 2373 indulgere,

119 2377 184 2419 ait,
211 2388 246 2412 et
274 2375 417 2425 quidem
442 2381 532 2411 tenui
544 2391 673 2418 avena,
701 2385 741 2411 ut

119 2429 257 2477 culmus
285 2439 349 2477 pro
378 2426 487 2462 fistula
513 2426 565 2462 fit.
593 2440 629 2463 v.
659 2426 740 2464 Ecl.

120 2479 193 2522 ΠΙ,
217 2493 276 2527 27.
331 2477 453 2515 Nimis
471 2488 595 2527 argute
613 2478 658 2514 ad
676 2491 738 2528 ge-

119 2545 184 2567 nus
209 2529 379 2568 carminis
405 2528 543 2565 humile
572 2539 606 2565 et
634 2539 740 2566 tenue

120 2582 302 2624 referunt3
342 2580 501 2630 quamvis
531 2581 605 2629 ejus
635 2581 739 2617 notio

119 2634 183 2683 ipsi
218 2643 350 2669 natura:
384 2631 551 2668 carminis
582 2631 741 2669 bucolici

121 2684 239 2721 subsit.
300 2683 444 2719 Ornans
477 2683 661 2732 epitheton
696 2694 742 2720 te-

122 2740 205 2773 nuis.
234 2749 271 2783 4.
292 2736 406 2785 Ριςξίί,
425 2735 550 2782 φεύγει,
566 2744 600 2771 et
619 2734 661 2778 is,
679 2734 742 2784 qui

120 2788 309 2837 expellitur
320 2796 355 2823 et
368 2788 503 2830 exulat,
518 2796 555 2823 ut
572 2786 606 2822 h.
620 2786 644 2822 l.
660 2786 742 2823 Mc-

122 2836 251 2882 liboeus
262 2839 380 2884 lentus,
395 2837 527 2876 otiosus
539 2848 575 2875 et
590 2833 741 2876 securus.

802 2065 901 2103 Serv.
938 2065 1014 2103 vid.
1054 2065 1185 2103 Heins.
1224 2067 1271 2104 ad
1310 2066 1424 2106 Ovid.

803 2117 894 2154 Her.
914 2117 1031 2161 XIX,
1060 2120 1121 2156 81.

855 2169 992 2207 6—10.
1022 2171 1111 2213 dem,
1129 2171 1298 2207 dominus
1317 2171 1427 2220 Tity-

804 2219 850 2264 ri,
869 2233 974 2270 quem
995 2221 1120 2257 Romae
1137 2217 1288 2266 adierat,
1303 2236 1427 2272 quern-

803 2284 872 2321 que
888 2271 984 2308 infra
1000 2272 1048 2309 vs.
1067 2286 1114 2322 43
1123 2276 1289 2323 juvenem
1308 2276 1428 2324 appel·-

803 2323 866 2360 lat.
920 2323 1158 2360 Oekavianum
1175 2324 1352 2362 Caesarem
1363 2326 1426 2363 de·-

803 2374 945 2418 clarari,
974 2374 1063 2411 Divi
1082 2375 1173 2424 Julii
1200 2376 1330 2420 filium,
1358 2378 1426 2414 du-

804 2424 913 2476 bitari
938 2425 1076 2474 nequit,
1102 2436 1273 2477 quatenus
1298 2428 1427 2479 Virgi-

803 2477 871 2514 lius
894 2477 991 2514 suam
1007 2477 1184 2514 fortunam
1201 2479 1430 2516 adumbravit

805 2528 869 2565 sub
881 2528 1004 2577 Tityri
1017 2528 1163 2579 persona
1178 2531 1305 2580 (Apud
1321 2532 1426 2568 Pom-

803 2593 889 2630 pon.
911 2580 993 2617 Sab.
1021 2581 1090 2617 est:
1127 2583 1218 2625 deus,
1248 2583 1428 2632 Augustus

803 2638 885 2661 ·-“
901 2632 955 2668 vel
975 2633 1106 2674 Roma,
1125 2643 1163 2669 ut
1181 2633 1232 2670 ait
1246 2632 1427 2684 Aproniam

804 2697 870 2720 nus
882 2685 920 2728 ;”
947 2695 1033 2733 ergo
1047 2693 1082 2719 et
1103 2683 1132 2721 is
1143 2684 1198 2720 his
1215 2685 1365 2735 argutiis
1383 2686 1426 2722 li-

805 2735 894 2770 tavit
908 2735 950 2782 ?).
1008 2729 1119 2772 Nunc
1164 2745 1282 2773 tamen
1324 2737 1427 2774 herus

807 2784 934 2834 Tityri
960 2786 1036 2823 deus
1065 2786 1127 2836 ipsi
1155 2788 1202 2824 est
1229 2787 1426 2824 beneficiis.

808 2834 874 2876 Per
904 2842 971 2876 otia
1001 2835 1175 2890 intelligit
1203 2839 1427 2876 securitatem

1335 2899 1428 2928 mter
