1987 3361
506 315 646 353 chn
767 298 873 349 DE
918 296 1123 347 VITA
1173 289 1577 342 VlRGILII.

506 438 648 493 poeta
665 429 807 477 etiam
826 444 892 484 ea,
909 443 1017 490 qure
1041 436 1120 471 aut
1146 422 1339 471 molesta
1361 431 1442 467 aut
1463 418 1593 465 nulla
1609 414 1702 465 fide
1725 427 1822 463 tra-

507 513 694 569 dantur,
727 509 1009 574 cognoscere
1034 522 1127 553 non
1146 500 1459 567 injucundum
1483 497 1564 553 fit;
1583 498 1699 545 dum
1716 511 1824 543 mo-

510 594 574 642 do
609 593 714 640 satis
739 591 968 654 explores,
1002 603 1097 650 quo
1129 587 1234 632 loco
1257 595 1303 630 et
1329 579 1676 628 existimatione
1706 593 1825 624 una-

512 689 710 738 quaeque
733 671 936 719 narratio
956 668 1171 715 habenda
1196 666 1277 714 sit:
1315 680 1419 711 earn
1444 662 1641 725 quidem
1664 660 1825 707 Vitam

514 754 722 817 Virgilii,
755 769 863 816 quae
894 751 978 798 sub
1005 748 1181 796 Donati
1202 746 1398 794 nomine
1422 742 1748 797 cicumfertur,
1782 751 1828 786 et

515 853 573 883 ex
605 851 698 898 qua
730 835 836 881 aliae
874 834 1002 889 vitae,
1039 828 1381 878 Grammaticis
1412 825 1558 873 modo
1591 822 1838 887 Bucolicis

516 918 666 967 modo
701 916 893 963 AEneidi
923 914 1153 977 praefixae,
1187 909 1483 958 concinnatae
1514 905 1634 962 sunt,
1667 904 1831 951 omitti

518 1002 641 1051 reete
666 1000 794 1063 posse
818 1015 910 1047 non
935 999 1205 1062 putavimus
1219 1018 1230 1048 ;
1269 994 1428 1054 itaque
1442 991 1484 1038 ei
1506 989 1831 1038 annotationes

518 1082 827 1147 subjecimuS,
861 1080 910 1126 in
952 1078 1124 1142 quibus
1157 1074 1332 1139 partim
1376 1074 1696 1129 firmarentur,
1726 1085 1835 1134 quae

521 1182 635 1212 cum
659 1179 815 1210 rerum
839 1160 933 1209 fide
963 1159 1086 1207 tradi
1117 1159 1403 1212 viderentur,
1436 1154 1613 1218 partim
1643 1154 1837 1209 incerta,

521 1248 632 1296 falsa
661 1261 708 1296 et
737 1244 920 1302 insulsa,
956 1243 1029 1290 vel
1058 1242 1204 1289 verbo
1235 1250 1527 1287 notarentur.
1598 1234 1838 1301 Subjicere

523 1332 915 1378 constitueramus
947 1326 1110 1373 Vitam
1137 1324 1332 1389 Virgilii
1362 1339 1388 1369 a
1413 1321 1565 1367 Ruaeo
1584 1335 1669 1383 per
1691 1332 1839 1365 annos

524 1413 628 1460 suos
653 1409 969 1459 distributam.
1040 1406 1166 1454 Cum
1190 1417 1349 1451 tamen
1368 1402 1518 1450 multa
1535 1401 1583 1447 in
1608 1415 1660 1446 ea
1676 1398 1841 1463 jejune

525 1495 662 1551 tradi,
695 1493 788 1540 alia
811 1507 984 1554 parum
1011 1500 1148 1536 acute
1176 1484 1443 1549 conjectari,
1478 1482 1686 1546 plurima
1713 1496 1843 1543 prae-

523 1575 672 1631 teriri,
719 1587 978 1636 eorumque
1017 1570 1123 1616 loco
1165 1567 1315 1614 aliena
1358 1564 1503 1612 attexi
1549 1562 1843 1617 videremus,

527 1657 781 1707 maluimus
811 1668 986 1700 novam
1011 1652 1164 1698 vitam
1187 1650 1246 1697 ad
1275 1648 1475 1696 eandem
1498 1647 1594 1694 fere
1615 1647 1846 1695 rationem

527 1738 779 1792 conficere,
815 1733 864 1781 in
886 1749 979 1795 qua
997 1749 1051 1779 ea
1074 1731 1284 1779 breviter
1308 1730 1520 1777 indicata
1546 1728 1706 1786 effent,
1738 1743 1848 1792 quae

530 1820 591 1868 ad
624 1817 865 1865 historiam
896 1816 991 1863 five
1020 1814 1136 1862 vitae
1165 1813 1260 1860 five
1294 1828 1467 1868 rerum,
1499 1810 1685 1876 quoties
1707 1809 1850 1874 po'e'ta

531 1902 592 1950 ad
607 1900 686 1949 fua
707 1912 925 1962 tempora
942 1896 1160 1961 respexit,
1182 1895 1447 1942 accuratius
1471 1893 1851 1958 cognoscendam

534 1984 688 2030 facere
713 1979 911 2045 poffent.
980 1978 1145 2041 Itaque
1175 1976 1260 2023 sub
1290 1991 1577 2039 unoquoque
1603 1991 1729 2023 anno
1750 1975 1852 2038 pri-

536 2081 674 2114 mum
702 2079 772 2111 res
791 2062 983 2126 publice
1004 2061 1152 2125 gestas
1182 2059 1426 2123 ponimus,
1461 2071 1565 2106 tum
1582 2074 1634 2104 ea
1658 2057 1853 2121 subjun-

536 2147 713 2211 gimus,
739 2158 871 2209 quae,
904 2143 998 2190 five
1023 2144 1070 2190 in
1088 2143 1186 2189 vita
1210 2141 1420 2205 Virgilii,
1453 2141 1546 2188 five
1569 2140 1616 2186 in
1636 2140 1734 2204 ejus
1751 2156 1856 2186 car-

540 2227 766 2286 minibus,
799 2226 958 2290 aliquo
981 2224 1127 2273 modo
1144 2240 1257 2272 cum
1278 2224 1371 2271 illis
1392 2221 1644 2288 conjuncta
1665 2222 1786 2270 sunt.
