1987 3361
469 318 625 351 cxxxv
799 297 913 347 DE
979 294 1410 344 VIRGILII

521 432 565 468 P.
600 431 644 467 V.
677 428 734 465 M.
770 428 854 465 Buc.
883 426 946 462 Ge.
965 434 997 462 et
1014 424 1140 462 AEneis
1155 438 1224 460 cum
1241 420 1512 460 adnotationibus.
1566 417 1697 471 Lipslae
1714 431 1783 470 per

469 489 707 527 Valentinum
735 487 866 538 Papam
1607 483 1643 518 8.
1668 478 1780 529 1546.

522 549 559 585 A
598 547 690 584 Phil.
728 546 877 589 Boc-chio,
906 552 982 581 tum
1014 542 1254 585 adolescente,
1281 539 1430 591 poflhaec
1466 537 1657 576 Profeffore
1687 536 1782 573 Rafi-

467 607 588 652 leenfi,
614 604 828 654 conscripta}
845 603 924 640 sunt
939 601 1186 638 adnotationes
1200 601 1270 644 hae,
1289 613 1368 649 quce
1387 597 1460 635 fere
1465 598 1533 645 fich
1551 598 1614 635 Ge.
1634 595 1784 633 Fabricii

467 672 592 704 nomine
616 663 739 702 venire
757 663 882 700 solent.
900 661 977 698 vid.
1005 659 1158 697 Gesneri
1179 659 1354 695 Biblioth.
1383 669 1446 706 per
1466 655 1616 692 Frifium
1633 669 1669 705 p.
1689 656 1778 703 689.

471 725 622 762 Easdem
641 721 869 760 commendat
893 721 1022 769 joach.
1055 719 1282 756 Camerarius
1311 718 1350 754 in
1371 715 1528 766 Epistola
1547 714 1591 750 ad
1612 713 1684 750 Ge.
1712 711 1780 748 Fa-

467 783 642 827 bricium,
669 781 747 818 Vll
774 780 861 817 Kal.
894 779 1046 815 Octobr.
1082 777 1138 814 sed
1171 777 1270 814 nullo
1304 788 1398 812 anno
1426 773 1605 824 adscripto
1622 771 1719 814 data,
1745 778 1783 807 et

469 843 555 880 huie
574 841 654 892 ipsi,
681 840 704 878 fi
724 840 816 876 refte
835 850 1065 888 auguramur,
1082 835 1239 873 editioni
1257 834 1431 885 primum,
1449 832 1617 881 deinceps
1634 838 1669 866 et
1687 828 1782 872 aliis,
1836 861 1843 864 .

470 901 626 952 praefixa.
680 899 724 936 In
741 898 865 935 eadem
883 897 1028 946 epistola
1046 894 1274 931 Camerarius
1292 893 1493 943 profitetur,
1512 891 1546 927 se
1562 887 1782 938 descriptum

471 972 516 997 ex
537 957 696 996 Fabricii
725 956 850 1007 Mspto
869 953 1073 1004 Virgilium
1100 952 1256 1002 Lipsiam
1276 949 1461 1000 asportaffe
1478 959 1514 986 et
1532 947 1784 986 excudendum

471 1017 614 1056 curasse.
669 1015 781 1067 Qod
808 1014 973 1065 Msptum
997 1012 1135 1048 nullum
1165 1010 1266 1047 aliud
1293 1008 1412 1059 potuit
1429 1008 1511 1052 effe,
1538 1019 1645 1057 quam
1662 1017 1784 1043 exem-

470 1078 564 1128 plar,
590 1074 686 1125 quod
715 1072 900 1110 Fabricius
918 1070 1017 1121 prelo
1046 1067 1310 1118 subjiciendum
1338 1074 1544 1116 paraverat3
1573 1077 1655 1101 nam
1672 1063 1785 1113 scrip-

471 1146 527 1172 tos
558 1132 702 1171 codices
737 1129 922 1168 Fabricius
953 1128 1077 1165 habuit
1107 1128 1238 1166 nullos.
1292 1125 1383 1162 Haec
1415 1123 1538 1161 omnia
1569 1123 1615 1160 ad
1648 1121 1783 1160 nubem

473 1192 670 1230 Schrebero
688 1191 727 1228 in
755 1189 847 1227 Vita
874 1189 946 1230 Ge.
986 1186 1144 1227 Fabricii
1162 1201 1197 1238 p.
1237 1199 1308 1237 ²05
1337 1185 1511 1235 objestam
1530 1179 1787 1235 dispellendam

472 1251 655 1294 valebunt.

1082 1339 1191 1378 ¹547·

524 1424 568 1462 P.
591 1423 635 1462 V.
661 1421 719 1458 M.
755 1418 849 1456 Phil.
877 1416 1145 1455 Melanchthonis
1171 1411 1433 1451 adnotationibus
1462 1411 1658 1462 illzstratus.
1715 1409 1786 1446 Ti·-

475 1483 559 1540 guri
577 1495 639 1534 per
658 1479 907 1517 Froschhover
1613 1484 1651 1519 4.
1677 1482 1787 1520 1547·

526 1541 627 1578 Vide
648 1551 754 1591 1531.

528 1603 574 1640 P.
613 1600 657 1637 V.
681 1598 739 1636 Μ.
764 1597 876 1646 Opera
899 1610 970 1632 cum
1006 1593 1188 1644 Ongsculis.
1266 1588 1453 1640 Lugduni.
1481 1588 1563 1627 Sel).
1600 1586 1789 1637 Gryphius

1598 1659 1655 1684 12.
1679 1660 1789 1698 1547.

526 1718 641 1754 Erant
671 1714 856 1756 nonnulla,
884 1712 1014 1763 quibus
1043 1710 1133 1748 olim
1165 1709 1384 1753 adducebar,
1412 1717 1452 1744 ut
1471 1705 1690 1757 Bafileenstm
1711 1712 1787 1756 pri-

478 1796 566 1821 mam
579 1788 614 1815 et
633 1777 785 1814 adhunc
799 1788 933 1811 annum
952 1787 972 1809 a
990 1771 1171 1810 nonnullis
1185 1769 1310 1809 referri
1326 1769 1464 1807 solitam
1482 1768 1552 1806 hoc
1567 1780 1662 1805 anno
1680 1780 1789 1805 exea,

478 1840 552 1877 sam
571 1836 666 1886 (vide
695 1835 808 1886 1551)
831 1842 1007 1883 putarem.
1061 1830 1130 1868 Sed
1144 1828 1384 1881 suspicionem
1403 1827 1495 1863 hanc
1515 1826 1657 1864 idoneis
1675 1838 1788 1877 argu..

479 1897 609 1938 mentis
623 1894 767 1935 destitui
784 1907 879 1931 nunc
893 1891 1011 1930 video.

1081 2010 1094 2034 1
1104 1998 1190 2049 548.

532 2086 577 2122 P.
597 2084 638 2120 V.
658 2082 715 2118 Μ.
738 2082 862 2129 Opera.
908 2083 988 2115 notis
1004 2087 1034 2114 et
1051 2077 1252 2128 atgumentis
1270 2073 1438 2124 etfiholiis
1454 2072 1634 2124 illzfirata.
1688 2069 1789 2120 Lug·

481 2144 572 2182 duni
593 2143 687 2194 apud
707 2141 790 2178 Seb.
808 2138 1017 2189 Gryphium
1619 2133 1655 2168 8.
1680 2133 1790 2182 1548.

533 2205 720 2241 Crevenna
738 2201 849 2237 Tom.
872 2199 944 2241 HI,
972 2211 1055 2248 pag.
1085 2210 1166 2248 ¹93·

534 2264 655 2314 Hujus
678 2261 761 2298 anni
777 2259 974 2297 editionem
992 2258 1129 2294 laudari
1148 2256 1305 2294 vidimus
1322 2253 1540 2306 Lipfiensem
1561 2255 1595 2290 8.
1620 2254 1715 2302 1548
1736 2250 1792 2286 in-

480 2324 674 2375 scriptam:
704 2324 748 2358 P.
788 2323 830 2358 V.
861 2322 976 2370 Opera
1007 2319 1197 2355 indubitata
1215 2333 1285 2354 cum
1304 2316 1432 2367 reliquis
1450 2326 1481 2351 et
1507 2313 1628 2356 dubiis,
1655 2325 1727 2362 quo
1745 2311 1793 2347 ti-

482 2385 560 2422 tulo
587 2383 671 2420 edd.
709 2382 814 2419 feree
834 2380 905 2418 Ge.
944 2378 1101 2416 Fabricii
1129 2378 1327 2415 recenfione
1344 2376 1523 2427 infignitae
1539 2374 1634 2411 sunt.
1688 2371 1795 2409 Forte

481 2455 600 2483 tamen
615 2455 725 2479 annus
744 2442 835 2478 male
868 2440 1050 2482 laudatur,
1079 2452 1143 2488 pro
1163 2452 1194 2475 a.
1220 2440 1328 2488 1568.

537 2506 573 2543 A
592 2504 633 2540 P.
655 2503 858 2539 Burmanno
880 2501 917 2536 in
938 2499 1131 2535 Admonit.
1167 2499 1211 2535 de
1241 2497 1342 2534 Edit.
1371 2494 1528 2533 Masvic.
1557 2493 1672 2532 editio
1690 2492 1796 2529 Brix-

482 2564 584 2602 ienfis
616 2565 709 2613 1548
739 2574 821 2597 cum
854 2558 963 2595 Pierii
992 2557 1281 2607 castigationibus
1312 2565 1496 2593 narratur:
1526 2568 1606 2604 quae
1633 2553 1725 2590 adeo
1749 2564 1795 2589 ex

484 2624 573 2662 edit.
598 2624 694 2673 1546
713 2619 861 2671 repetita
879 2619 940 2656 est.

536 2685 580 2720 P.
621 2683 661 2718 V.
698 2680 754 2716 M.
787 2680 1012 2729 Georgicorum
1042 2677 1124 2715 [2⁴er
1139 2676 1241 2713 IIII.
1273 2675 1368 2714 Phil.
1386 2673 1654 2713 Melanchthonis
1657 2670 1795 2722 scholiis

482 2743 651 2793 illtfirczti.
680 2738 818 2775 Parifiis
836 2751 898 2788 per
916 2738 993 2775 Th.
1011 2736 1238 2773 Richardum
1623 2747 1658 2782 4.
1684 2737 1794 2784 1548.

536 2798 725 2838 Maittaire
760 2797 809 2835 T.
845 2797 917 2840 ΙΙΙ,
959 2811 996 2847 p.
1031 2810 1120 2846 410.
1175 2796 1386 2848 Exscriptus
1419 2795 1512 2832 liber
1542 2806 1588 2832 ex
1620 2793 1678 2831 ed.
1717 2793 1796 2831 Bas.

489 2876 598 2916 1544.
653 2859 739 2896 Hoc
767 2857 893 2896 eodem
920 2870 1014 2894 anno
1039 2859 1131 2908 1548
1151 2866 1186 2894 et
1209 2869 1305 2909 1549
1338 2848 1544 2894 Richardus'
1569 2853 1744 2893 AEneidem
1761 2862 1798 2890 et

1647 2925 1680 2951 a.
1704 2924 1801 2963 1550
