1821 3381
284 274 878 334 GEORGICON,
931 273 1101 323 LIB.
1148 269 1216 321 11.

1311 275 1400 334 381

90 400 335 476 Taygeta!
371 427 415 468 o,
437 410 520 473 qui
543 426 620 457 me
641 410 816 474 gelidis
840 410 890 457 in
915 406 1115 455 vallibus
1141 405 1314 454 Haemi

88 502 246 559 Sistat,
270 513 317 548 et
340 500 525 564 ingenti
549 515 792 547 ramorum
816 509 1041 561 protegat
1074 498 1244 545 umbra
1265 497 1277 544 !

89 590 243 648 Felix,
265 591 349 654 qui
371 589 531 652 potuit
554 605 713 636 rerum
737 589 1025 652 cognoscere
1049 590 1221 638 cauffas
1239 614 1254 646 ;
1312 601 1412 656 490

88 681 254 744 Atque
278 692 434 727 metus
455 679 614 727 omnis
636 690 684 726 et
709 680 1002 728 inexorabile
1025 680 1180 729 fatum

86 771 304 838 ,Subjecit
327 772 549 837 pedibus,
574 771 918 835 strepitumque
941 772 1225 821 Acherontis
1249 777 1374 824 avari
1396 774 1410 823 !

134 922 212 962 488.
229 924 327 966 gelidis
337 923 504 955 convallibus
516 923 633 955 Medic.
649 930 681 955 et
695 933 776 955 unus
793 922 918 961 Mcad„
939 923 1036 962 forte,
1054 926 1151 967 gelidi,
1174 924 1278 967 inquit
1300 926 1412 959 Heins.

91 982 257 1016 -49L
281 976 452 1005 ineluft'ahile
465 977 566 1016 satum
586 976 753 1006 Romanus
776 975 887 1012 Pierii,
907 985 946 1006 ex
972 976 1048 1006 AEn.
1078 978 1165 1014 VIII,
1193 987 1210 1016 3
1216 987 1258 1015 34
1285 977 1412 1010 scilicet.

91 1034 255 1068 ·--·-492.
267 1026 451 1070 strepittgsque
465 1028 548 1069 Reg.
567 1033 600 1058 et
615 1036 696 1058 unus
710 1026 822 1059 Mead.
867 1027 970 1059 Acher.
983 1029 1083 1058 averni
1097 1027 1167 1059 Erf.
1183 1038 1201 1058 a
1213 1038 1257 1059 m.
1275 1038 1326 1071 pr.

93 1166 149 1192 res
165 1152 246 1195 solae
266 1156 366 1195 sacra
392 1157 431 1195 in
457 1167 584 1210 operto
610 1155 720 1195 facie-

96 1205 197 1245 bant.
233 1209 312 1246 vid.
352 1209 502 1246 Pausan.
539 1209 613 1252 III,
658 1222 721 1247 20.

94 1256 155 1294 Ita
201 1260 402 1311 explicatus
443 1261 545 1297 locus
584 1261 724 1310 placere

95 1311 222 1359 potest.
268 1312 408 1349 Haemus
425 1322 542 1349 autem
557 1311 726 1362 inprimis

95 1360 192 1400 filvis
210 1362 439 1401 abundabat:
455 1362 540 1402 hinc
555 1364 617 1403 vff.
634 1366 726 1414 488·

148 1478 368 1517 490—493.
393 1465 458 1504 Cf.
489 1465 536 1504 ad
562 1480 599 1505 v,
634 1478 725 1524 475.

97 1523 158 1567 qui
174 1524 296 1567 potuit,
323 1519 368 1555 ad
400 1517 555 1555 formam
586 1519 724 1561 aoristi,

95 1567 163 1616 qui
186 1569 310 1618 potest.
363 1569 471 1606 Beata
498 1571 561 1614 est,
588 1569 723 1619 inquit,

98 1618 173 1656 vita
196 1620 421 1670 philosophi,
458 1630 494 1658 at
520 1635 584 1658 nec
609 1621 726 1657 minus

98 1669 202 1707 beata
224 1671 300 1708 vita
323 1672 458 1709 rustici.
521 1673 726 1710 Columella

97 1720 138 1758 iu
155 1722 255 1772 praef.
269 1724 346 1772 jam
364 1737 384 1760 a
401 1724 521 1761 Cerda
533 1725 698 1762 laudatus
713 1737 723 1761 :

98 1772 167 1811 Res
183 1777 508 1827 rtfiica—-qztaestne
525 1778 727 1815 dubitatione

92 1829 252 1874 proxima
282 1838 316 1864 et
357 1830 456 1878 quasi
484 1833 727 1880 consanguinea

86 1879 273 1926 sapientiae
300 1881 356 1929 est.
408 1878 540 1918 Cicero
569 1880 610 1916 inv
639 1880 725 1917 Cat.

101 1929 188 1978 maj.
226 1943 239 1967 1
249 1944 269 1981 ς
289 1931 389 1968 Venio
404 1946 490 1968 nunc
505 1933 556 1968 ad
568 1932 725 1982 volupta-

99 1990 149 2017 ees
177 1983 416 2032 agricolarum,
444 1984 560 2034 quibus
592 1999 647 2034 ego
673 1991 725 2020 in-

101 2032 306 2071 credibiliter
317 2034 471 2078 delenitor,
489 2051 564 2087 quae
581 2051 635 2073 nec
653 2035 727 2073 nlla

105 2086 332 2133 impediuntur
331 2090 514 2133 seneHute,
540 2097 571 2123 et
587 2086 671 2123 mihi
683 2087 734 2122 ad

90 2139 255 2185 sapientis
271 2143 383 2175 ‘vitam
401 2144 550 2188 proxime
570 2140 734 2175 videntur

104 2189 264 2226 accedere.
333 2188 574 2240 Philosophiae
607 2200 728 2226 autem

104 2237 332 2277 Lucretianae
347 2241 464 2291 capita
488 2241 549 2278 hic
574 2240 731 2291 proferri

103 2302 149 2326 ex
176 2291 301 2341 primis
329 2293 447 2330 statim
476 2292 639 2330 Lucretii
667 2306 729 2342 pa-

103 2341 203 2391 ginis
219 2343 440 2381 manilestum
455 2344 507 2382 fit.
527 2359 562 2382 v.
584 2343 730 2382 Lucret.

105 2393 140 2435 Ι,
167 2406 216 2443 49
234 2394 309 2445 sqq.
347 2397 393 2432 ad
416 2409 502 2446 150,
530 2396 594 2446 qui
614 2395 733 2432 versus

105 2445 237 2494 optimi
254 2447 357 2496 hujus
381 2447 455 2484 loci
482 2447 733 2484 commentarii

107 2495 201 2534 sunt.
257 2497 365 2536 Forte
390 2509 426 2535 et
451 2497 602 2535 Graecus
625 2503 734 2549 potita

106 2547 250 2598 utrique
268 2558 351 2586 ante
367 2550 489 2587 oculos
505 2561 593 2587 erat.
637 2549 733 2586 Lau-

106 2598 214 2636 datur
235 2612 281 2636 ex
308 2600 554 2651 Empedocle:
581 2604 733 2646 Ὄλβιας,

107 2651 142 2687 ὂς
192 2649 282 2689 Sela»
337 2653 511 2703 πξαπίδων
565 2656 735 2693 ἐκτήσατο

109 2707 236 2740 (πλὲτον
281 2717 339 2755 ap.
398 2704 578 2742 Clement.
625 2706 734 2742 Alex.

109 2754 280 2792 Stromat.
318 2755 356 2792 V
385 2766 478 2794 extr.
532 2756 640 2793 Veris
673 2770 735 2793 au-

107 2813 181 2841 tern
203 2805 248 2842 de
273 2818 398 2844 natura
424 2820 558 2852 rerum,
585 2808 737 2845 deorum

109 2865 146 2894 et
175 2856 315 2904 animae,
344 2859 544 2900 rationibus
572 2860 617 2899 ab
649 2859 738 2913 Epi-

784 1171 875 1196 curo
912 1157 1119 1210 propositis,
1172 1170 1301 1205 metm,
1345 1169 1417 1200 ter·

785 1210 965 1253 rores,'ac
1001 1211 1218 1260 cupiditates
1256 1212 1417 1250 homini·

785 1260 852 1297 bus
868 1260 1042 1298 detractas
1060 1272 1097 1299 et
1125 1263 1170 1299 ad
1196 1276 1315 1301 veram
1333 1264 1418 1303 feli-

788 1310 937 1348 citatem
969 1311 1065 1350 viam
1093 1313 1305 1363 patefaetam
1336 1317 1420 1361 effe,

789 1361 882 1412 saepe
925 1377 945 1400 a
979 1363 1152 1402 Lucretio
1185 1367 1417 1416 praedicatur.

791 1415 855 1452 Cf.
875 1414 956 1452 Cic.
979 1414 1060 1454 Fin.
1079 1416 1112 1461 I,
1137 1430 1179 1465 13
1198 1418 1290 1464 (vid.
1310 1419 1420 1456 Bent⁴

788 1466 850 1503 leii
867 1467 1032 1505 Remarks
1048 1478 1131 1518 upon
1149 1486 1172 1506 a
1187 1469 1254 1506 late
1266 1472 1419 1521 dfiomse

787 1522 834 1568 of
857 1519 1094 1572 Freethinking
1120 1527 1155 1557 in
1184 1537 1208 1557 a
1237 1522 1354 1558 Letter
1380 1524 1419 1574 by

788 1570 1052 1608 Philelemherus
1096 1573 1159 1621 [ξύ
1173 1587 1224 1608 zen
1238 1588 1265 1609 ις
1309 1574 1420 1624 segm.

790 1624 869 1669 20).
949 1622 1071 1673 Ipsum
1114 1623 1327 1662 Lucretium
1363 1627 1421 1664 his

790 1673 959 1711 laudibus
1020 1674 1212 1724 praedicari
1273 1677 1422 1725 putabat

791 1724 964 1776 Spencius
999 1725 1178 1774 Polymet.
1223 1725 1326 1766 Dial.
1367 1729 1422 1774 Π,

792 1790 874 1827 pag.
898 1790 957 1826 14,
986 1777 1084 1827 quod
1102 1792 1174 1815 non
1187 1779 1322 1829 placet3
1348 1792 1423 1819 non

791 1828 940 1879 quidem
965 1838 1165 1879 propterea,
1191 1832 1290 1880 quod
1316 1831 1425 1871 nimis

794 1879 1017 1930 magnificas,
1044 1894 1152 1930 quam
1171 1896 1237 1932 pro
1258 1882 1423 1922 Lucretii

793 1931 946 1973 meritis,
964 1932 1085 1969 laudes
1098 1934 1162 1970 effe
1175 1934 1318 1979 dican13
1338 1949 1422 1973 nam

793 1997 873 2033 quae
906 1983 997 2020 seeia
1030 1997 1102 2020 non
1139 1984 1241 2023 suurn
1288 1987 1425 2036 princi-

794 2048 876 2085 pem
911 2034 963 2071 ita
997 2036 1170 2073 extollit?
1215 2037 1316 2074 Fecit
1351 2038 1422 2076 hoc

795 2088 894 2123 idem
924 2086 961 2122 in
994 2086 1155 2136 Epicuro
1188 2087 1252 2124 suo
1288 2089 1426 2128 Lucre-

794 2138 881 2175 tius.
936 2137 1075 2175 Verum
1105 2153 1177 2176 non
1209 2138 1271 2177 hic
1302 2142 1426 2179 locum

795 2189 952 2226 habebat
970 2189 1076 2226 unius
1103 2191 1313 2242 cujusquam
1334 2194 1427 2230 certi

797 2241 955 2278 hominis
996 2243 1073 2278 laus
1119 2251 1155 2278 et
1199 2244 1426 2294 praedicatio.

798 2292 889 2329 Non
914 2293 1006 2330 male
1030 2294 1194 2344 expreffit
1217 2295 1338 2333 locum
1365 2297 1426 2333 Se-

801 2357 888 2381 neca
906 2345 1039 2394 Agam.
1059 2345 1280 2396 604-608,
1334 2361 1425 2397 492.

799 2394 947 2433 Lucret.
985 2397 1018 2440 Ι,
1063 2409 1111 2448 79
1144 2398 1265 2447 Qare
1297 2399 1430 2452 Religio

802 2446 1035 2498 (superstitio)
1050 2449 1351 2501 pcdiblessubjcc‘i'a
1367 2456 1429 2488 vi-

798 2501 894 2546 cgffim
932 2500 1121 2538 Obserimr.
1193 2503 1307 2538 illam
1340 2504 1429 2550 sub-

788 2553 896 2600 jcfflos
926 2551 1011 2589 vide
1044 2551 1135 2590 ibid.
1168 2554 1213 2604 67
1241 2551 1318 2602 sqq.
1355 2566 1428 2603 103

799 2601 876 2651 sqq·
922 2602 974 2646 V,
1025 2615 1118 2652 1193
1156 2602 1231 2653 sqq·
1268 2603 1341 2647 111,
1386 2618 1430 2656 ¹4

801 2654 1007 2704 Namfimm'
1019 2670 1058 2692 (ιε
1074 2655 1105 2691 R
1109 2660 1175 2691 alio
1186 2666 1244 2692 lua
1257 2663 1353 2705 capit
1367 2673 1429 2694 svo-

799 2708 830 2743 ci
849 2711 955 2750 erari,
983 2707 1155 2743 IValurnm
1191 2721 1300 2743 rerum
1338 2706 1436 2745 haud

800 2760 928 2795 divinet
953 2769 1056 2795 meme
1082 2768 1237 2801 coortam,
1267 2756 1431 2809 Diffugi-

803 2818 867 2845 unt
885 2822 996 2845 ammi
1017 2818 1181 2852 terrorCS,
1196 2824 1317 2845 moema
1334 2825 1430 2847 mun-

801 2861 841 2899 di
872 2860 1064 2911 ])gscc‹'l-s⁷ll‚.
1109 2870 1208 2899 tolum
1249 2861 1346 2950 »vicho
1368 2871 1433 2910 per

1342 2927 1427 2952 nane
