1987 3361
494 262 635 305 cxe11
706 254 759 302 P.
796 250 1088 301 VIRGILII
1123 246 1438 297 MARONIS
1474 236 1640 294 VITA

490 389 573 430 satis
597 392 776 444 frequenti
805 393 899 430 inter
925 400 1074 435 veteres,
1100 389 1146 426 de
1175 401 1248 439 qno
1275 387 1330 425 vel
1349 386 1489 424 Catulli
1507 386 1688 437 exemplo,
1713 394 1804 423 con-z

491 450 572 495 stat,
600 453 678 502 qui,
706 453 744 489 in
772 451 885 488 insula
917 449 1048 486 Benaci
1081 447 1262 484 Sirmione
1293 455 1411 489 natus,
1438 444 1650 482 Veronenfis
1682 444 1803 496 appel-

491 511 604 552 latur.
631 511 783 562 Virgilii
815 508 973 559 origines
1005 507 1050 543 ad
1081 506 1271 543 Mantuam
1303 503 1418 555 ipsam
1449 503 1661 548 referuntur,
1685 512 1726 540 ut
1755 502 1802 539 ab

494 568 571 620 ipso
596 574 711 620 po'dtae
727 569 858 607 fastum
875 567 940 604 esse
960 566 1103 603 videtur
1121 563 1193 601 Ge.
1211 563 1285 608 ΙΙΙ,
1317 577 1384 607 103
1413 561 1481 599 alia
1499 561 1651 600 aliorum
1669 563 1749 599 loca
1766 574 1805 598 v.

494 642 555 679 ap.
591 630 740 666 Cluver.
775 628 800 664 1.
837 627 865 663 1.
920 627 1079 663 Venetam
1098 623 1250 674 appellat
1266 622 1363 673 apud
1380 620 1616 658 Macrobium
1635 621 1802 671 Evange-
1841 651 1849 657 ,

494 688 564 732 lus,
591 689 664 725 Sat.
702 687 755 731 V,
784 700 822 729 2,
849 685 909 722 sed
927 697 1010 722 Cum
1028 683 1204 726 irrisione,
1232 691 1272 719 ut
1298 680 1435 718 scilicet
1458 688 1560 717 tanto
1583 679 1701 730 magis
1721 692 1804 717 eum

495 762 517 785 a
545 748 645 785 cultu
671 746 883 783 Graecarum
910 743 1109 781 litterarum
1141 737 1297 779 alienum
1328 739 1500 790 fingeret3
1528 738 1593 775 nifi
1609 738 1807 776 secundum

494 806 696 860 posterioris
725 804 888 842 Venetiae
917 804 1000 840 fines
1027 802 1164 840 dieium
1193 800 1386 844 existimes,
1412 798 1475 849 qui
1494 799 1540 835 ad
1559 798 1729 836 Adduam
1748 796 1806 835 us·-

497 880 567 918 que
589 868 721 904 flumen
749 863 1045 902 extendebantur.
1098 860 1234 898 Phocas
1261 858 1532 909 Grammaticus
1550 856 1589 894 in
1609 856 1699 894 Vita
1716 855 1808 893 Vir·
1830 870 1834 875 ’

497 927 564 977 gil.
595 940 636 964 21
665 927 693 961 V
693 936 779 962 atem
798 924 971 973 Etruscum
988 920 1142 971 appellat
1158 930 1193 956 et
1211 934 1247 958 v.
1282 933 1302 971 5
1323 917 1474 957 AEmula
1504 915 1682 967 Virgilium
1709 914 1808 952 tellus

495 991 561 1038 nist
576 985 682 1036 Tafra
699 986 843 1034 dedffw.
896 981 998 1018 Poffit
1010 981 1049 1017 id
1068 980 1112 1017 ad
1130 980 1290 1030 origines
1307 980 1469 1017 Mantuae
1490 975 1639 1021 referri;
1665 974 1726 1014 sed
1743 974 1810 1012 vix

501 1056 572 1084 tam
590 1047 693 1083 dofle
710 1042 863 1081 scribere
878 1039 993 1077 voluit
1016 1040 1168 1077 Phocas.

553 1105 611 1142 De
637 1103 762 1140 Idibus
775 1100 928 1139 Ofiobr.
944 1111 1015 1136 non
1033 1098 1143 1135 modo
1156 1110 1200 1134 ex
1221 1096 1419 1145 Phlegonte
1436 1096 1462 1133 1.
1497 1096 1523 1132 l.
1557 1106 1680 1131 verum
1698 1092 1812 1130 etiam

500 1178 547 1202 cx
582 1163 753 1202 Martiale
781 1160 875 1205 XII,
903 1159 950 1196 68
982 1157 1141 1195 constat:
1171 1155 1326 1193 Offobres
1353 1154 1457 1192 Maro
1482 1156 1685 1203 consecravit
1713 1153 1810 1190 Idus.

502 1224 614 1261 Adde
634 1221 774 1259 Auson.
793 1217 901 1269 Idyll.
931 1216 985 1261 V,
1013 1216 1074 1254 26.
1128 1215 1164 1250 A
1183 1213 1270 1251 viris
1285 1212 1398 1250 dofris
1415 1225 1471 1248 eas
1490 1212 1584 1249 inter
1612 1211 1689 1248 dies
1706 1210 1811 1248 festos

503 1283 645 1322 habitas
671 1273 785 1324 fuisse,
810 1291 894 1316 cum
921 1288 966 1313 ex
990 1274 1063 1311 illis
1089 1273 1180 1310 locis
1213 1281 1373 1323 apparet,
1401 1281 1478 1308 tum
1507 1270 1590 1307 Silii
1609 1268 1728 1307 Italici
1748 1281 1811 1306 ex-

505 1344 624 1394 emplo
642 1340 737 1392 apud
755 1338 851 1375 Plin.
879 1335 990 1386 Epist.
1025 1332 1100 1376 ΙΙΙ,
1129 1347 1148 1384 7
1170 1332 1308 1370 multum
1335 1331 1701 1382 ubique—imaginum,
1729 1343 1812 1381 quas

504 1420 568 1442 non
591 1401 740 1440 habebat
761 1399 862 1441 modo,
888 1410 1011 1432 verum
1033 1401 1131 1431 etiam
1155 1389 1412 1435 vener-abacta,-
1444 1389 1580 1442 Virgilii
1595 1400 1674 1427 ante
1692 1404 1810 1431 omnes,

506 1466 596 1515 cujus
625 1459 772 1499 natalem
804 1455 980 1507 relzgiosius
1019 1468 1118 1504 quam
1142 1454 1246 1501 suum
1275 1447 1477 1486 celebrabat.
1549 1447 1689 1485 Natum
1724 1446 1813 1484 Vir·-

505 1522 652 1575 gilium,
679 1531 762 1556 cum
797 1515 861 1552 Sol
894 1526 939 1549 ex
958 1511 1115 1561 Virgine
1148 1509 1187 1546 in
1223 1508 1353 1545 Chelas
1384 1517 1544 1558 receptus
1576 1507 1671 1552 effet,
1698 1506 1734 1544 h.
1771 1506 1813 1543 in

506 1584 629 1620 locum
648 1579 766 1616 Librae
794 1574 962 1623 deinceps
980 1570 1210 1612 destinatum,
1237 1568 1374 1605 Phocas
1391 1580 1426 1603 V.
1459 1579 1520 1604 21.
1559 1581 1606 1605 22
1625 1568 1814 1605 memoratss

507 1639 662 1692 Augusti
681 1649 757 1675 aevo
775 1635 836 1672 Sol
854 1633 1002 1670 Libram
1021 1630 1144 1667 adibat
1161 1628 1245 1666 Kal.
1265 1626 1346 1664 XII
1363 1625 1516 1665 Oflobr.

561 1701 618 1738 De
636 1692 969 1736 Grammaticorum
987 1690 1092 1743 nugis
1107 1690 1204 1728 circa
1223 1688 1354 1725 natales
1369 1687 1486 1738 poetae
1504 1701 1539 1726 v.
1573 1685 1648 1739 sup.
1679 1687 1726 1725 ad
1743 1685 1815 1724 Vi-

506 1771 580 1800 tam
600 1758 738 1799 Donati
753 1756 781 1794 s.
803 1770 838 1806 3.
855 1767 895 1803 4.
1522 1800 1524 1802 Ι

562 1824 620 1861 De
652 1819 828 1870 scriptura
860 1812 1018 1852 nominis
1047 1808 1241 1863 digladiati
1268 1810 1348 1846 sunt
1380 1807 1475 1846 inter
1503 1807 1539 1846 se
1565 1821 1649 1846 curn
1681 1816 1817 1853 veteres

508 1894 586 1923 tum
622 1879 834 1922 recentiores
869 1873 1127 1912 Grammatici.
1181 1869 1337 1921 Lapides
1370 1878 1406 1906 et
1443 1868 1589 1906 codices
1624 1877 1817 1917 utrumque

509 1944 696 1985 exhibent.
749 1937 871 1974 Etiam
899 1932 1027 1970 GraeCi
1058 1931 1169 1969 modo
1194 1930 1380 1979 Οὖιξτγίλιος
1398 1928 1508 1965 modo
1525 1929 1714 1978 Οὗεξγίλιος
1729 1926 1816 1963 scri-

509 2006 622 2042 bunt:
659 2009 695 2037 et
733 1994 910 2048 Vetgilius‚
945 1991 1148 2035 Mediceus‚
1184 1989 1294 2027 Pierii
1325 1988 1525 2032 RomanuS,
1564 1998 1600 2026 et
1635 1987 1818 2025 vetustissi-

512 2076 611 2101 mum
632 2060 777 2110 Fragm.
799 2052 908 2105 Aspri
923 2052 1017 2102 apud
1037 2049 1284 2088 Benedifflnos
1312 2049 1431 2085 Nouv.
1463 2048 1501 2085 »T
1498 2065 1529 2085 r.
1561 2050 1599 2085 de
1630 2046 1816 2097 Diplomat.

511 2123 564 2160 T.
598 2119 670 2163 ΙΙΙ,
698 2131 733 2168 p.
775 2126 858 2165 ¹52·
912 2111 1091 2148 Caeterum
1111 2109 1209 2152 vide,
1236 2108 1260 2144 fi
1279 2106 1370 2144 tanti
1385 2107 1446 2150 est,
1475 2106 1631 2145 Corrad.
1669 2103 1708 2143 in
1728 2105 1820 2143 Vita

513 2178 667 2230 Virgilii
687 2189 740 2227 pr.
770 2174 863 2211 adde
881 2183 970 2221 quos
988 2169 1109 2206 laudat
1126 2167 1268 2206 Fabric.
1302 2166 1475 2204 Biblioth.
1506 2167 1570 2204 lat.
1591 2163 1680 2203 Vol.
1699 2164 1753 2210 II,
1781 2178 1818 2216 p.

514 2240 603 2277 226.
655 2237 850 2273 Burmann.
887 2229 1090 2278 Antholog.
1126 2228 1176 2264 T.
1213 2227 1247 2271 I,
1287 2240 1323 2277 p.
1363 2238 1450 2276 399.
1506 2224 1655 2268 Pierius,
1682 2224 1820 2269 Cerda,

513 2300 709 2337 Burmann.
729 2293 774 2332 ad
792 2290 930 2341 Virgil.
960 2288 1100 2337 Georg.
1134 2286 1191 2322 IV
1209 2294 1301 2323 extr.
1331 2285 1463 2322 Ruaeus
1482 2283 1572 2321 Vita
1591 2283 1746 2334 Virgilii
1761 2296 1818 2334 pr.

512 2358 672 2402 Nomini
697 2357 736 2394 in
755 2353 935 2392 veteribus
951 2348 1133 2387 nonnullis
1155 2348 1258 2386 libris
1275 2347 1480 2385 Parthenias
1498 2345 1669 2383 additur:
1688 2359 1724 2383 v.
1742 2345 1821 2396 sup.

513 2421 559 2460 ad
578 2420 714 2456 Donat.
733 2415 766 2460 ᾇ.
790 2421 852 2452 22.

572 2479 735 2515 Parentes
766 2471 946 2523 Virgilius
981 2467 1142 2505 honestos
1169 2465 1331 2518 quidem,
1358 2465 1479 2516 quales
1512 2463 1649 2501 nobiles
1682 2462 1822 2499 nostros

515 2533 778 2577 villaticos‚sed
796 2542 914 2569 tamen
932 2528 1102 2566 obscuros
1129 2534 1164 2562 et
1182 2525 1221 2562 in
1235 2537 1322 2575 agro
1341 2524 1404 2561 suo
1418 2523 1571 2560 colendo
1587 2523 1699 2560 vitam
1717 2534 1822 2572 agen-

514 2608 582 2642 τες,
610 2594 749 2632 habuit.
804 2589 914 2629 Unde
932 2588 1078 2624 duCium
1097 2585 1188 2622 illud
1207 2597 1264 2634 ap.
1297 2583 1466 2621 Macrob.
1499 2582 1551 2626 V,
1579 2597 1599 2621 2
1625 2582 1719 2619 Unde
1736 2586 1821 2618 enim

520 2660 637 2695 penem
670 2656 792 2704 rustici,-
814 2647 1008 2701 parentibus
1036 2657 1128 2690 nalo,
1155 2651 1241 2682 inter
1254 2645 1373 2693 filvas
1402 2653 1433 2680 et
1449 2647 1596 2695 frutices
1613 2643 1737 2685 eduflo,
1763 2640 1828 2678 vel

515 2720 602 2760 levis
631 2716 829 2751 Graecarum
855 2712 970 2747 matitia
996 2706 1215 2744 litterarum?
1242 2704 1353 2756 Qod
1380 2713 1513 2746 autem,
1530 2702 1677 2754 figulum
1690 2711 1823 2751 patrem

518 2781 584 2820 effe
617 2785 774 2817 narrant,
802 2773 840 2810 id
874 2781 997 2808 vereor
1015 2781 1058 2806 ne
1076 2765 1187 2818 inepti
1208 2764 1375 2804 monachi
1393 2780 1417 2802 a
1425 2764 1501 2812 filio
1517 2766 1668 2802 carmina
1675 2763 1825 2812 fingente

935 2844 951 2881 ς
1625 2817 1795 2860 duxerint
1808 2828 1824 2864 3
