1821 3381
108 1256 110 1259 .
197 1209 716 1283 (Wmaefflffsffiwzc
735 1228 810 1262 m>
834 1222 920 1263 αθ
940 1219 991 1264 af
1010 1226 1077 1265 {sla
1123 1211 1286 1272 (JV,
1300 1221 1390 1265 ⁷49.

290 1421 359 1485 P.
407 1416 820 1484 VIRGILII
865 1418 1314 1489 MARONIS

159 1540 1468 1624 BUCOLICON

618 1656 1012 1711 LIBER.

468 1845 506 1888 E
564 1845 602 1888 C
661 1846 700 1889 L
759 1847 803 1890 O
861 1849 905 1891 G
964 1850 1005 1891 A
1113 1851 1151 1895 Ι.

562 1932 1058 1981 TITYRUS*.

393 2062 1227 2115 ARGUMENTUM.

153 2155 502 2248 Mummius,
527 2155 624 2208 agris
649 2155 721 2194 suis
737 2164 880 2200 exutu5‚
905 2154 993 2193 dum
1012 2156 1128 2208 patria
1144 2158 1297 2197 extorris
1315 2161 1469 2212 capella.

290 2239 370 2263 rum
387 2238 532 2276 gregem
547 2236 627 2262 ante
641 2224 676 2262 se
693 2224 786 2276 agit,
799 2224 838 2261 in
850 2225 1027 2275 Tityrum
1042 2225 1192 2271 incidit,
1207 2241 1313 2278 quem
1331 2243 1414 2268 cum
1428 2230 1468 2270 in

148 2296 335 2334 communi
347 2296 550 2334 calamitate
567 2296 704 2334 summa
721 2295 910 2333 securitate
923 2304 960 2333 et
974 2296 1052 2333 otio
1062 2296 1135 2334 frui
1153 2297 1306 2344 videret,
1319 2300 1467 2341 miratu!

147 2362 307 2403 hominis
335 2361 481 2407 sortem,
508 2362 569 2400 cui
596 2371 781 2414 acceptam
804 2375 885 2400 eam
903 2362 1012 2408 ferat,
1030 2373 1147 2416 rogat.
1200 2366 1335 2405 Narrat
1356 2370 1468 2421 Tity.

149 2447 225 2479 rm,
250 2434 436 2485 quomodo
454 2443 489 2471 et
506 2448 526 2471 a
543 2448 616 2485 quo
633 2447 738 2486 agros
765 2435 844 2472 suos
873 2435 1070 2487 gregesque
1096 2437 1209 2475 salvos
1235 2450 1468 2490 recuperave-

147 2501 212 2546 rit,
240 2514 290 2540 20
305 2502 380 2552 sqq.
398 2517 409 2547 ;
437 2500 576 2540 scilicet
605 2501 654 2547 se,
680 2503 757 2553 jam
777 2512 881 2540 aetate
897 2505 1121 2554 provestum,
1148 2505 1324 2544 libertatis
1342 2508 1466 2546 conse.

146 2569 299 2620 quendae
313 2571 428 2607 cauffa
445 2570 585 2608 Urbem
604 2572 742 2616 adiiffe,
769 2571 893 2624 ibique
911 2573 958 2610 ab
984 2573 1062 2611 heri
1089 2573 1265 2612 facilitate
1281 2575 1351 2614 hoc
1369 2576 1468 2614 obti-

146 2638 273 2683 nuisse,
290 2647 330 2676 ut
344 2652 470 2691 greges
489 2641 568 2679 suos
587 2651 666 2680 tuto
682 2656 723 2682 ac
742 2643 854 2682 libere
875 2646 1015 2697 pascere
1026 2645 1164 2685 liceret.
1219 2646 1403 2685 Putandus
1418 2648 1468 2687 est

146 2705 240 2746 adeo
258 2706 410 2758 Tityrus
425 2709 492 2747 effe
506 2724 593 2749 unus
610 2725 657 2749 ex
677 2712 873 2764 pastoribus
888 2715 996 2754 servis
1012 2715 1050 2753 in
1068 2715 1183 2753 fundo
1197 2728 1219 2753 a
1231 2715 1383 2754 domino
1402 2717 1468 2754 ha-

190 2805 211 2823 *
238 2806 366 2848 Tityrus.
432 2806 577 2849 Inscripti
615 2807 649 2839 hi
686 2810 774 2842 tituli
838 2815 968 2854 po'e'tae:
1004 2812 1137 2845 retineri
1180 2820 1288 2846 tamen
1327 2817 1468 2858 poffunt,

147 2857 224 2878 cum
241 2849 317 2891 ipso
343 2848 539 2891 Eclogaxum
563 2852 695 2892 nomine
719 2854 775 2884 de·
836 2865 970 2898 propter
1006 2857 1235 2891 auctoritatem
1274 2858 1349 2898 satis
1380 2862 1466 2898 auti-

147 2888 268 2934 bemur
318 2894 558 2935 Grammaticis,
602 2905 668 2929 non
715 2897 774 2943 ipfi
835 2909 945 2945 quam.

1351 2944 1438 2986 bitis
1449 2961 1463 2987 ε
