1821 3381
318 350 871 408 GEORGICON,
927 351 1077 400 LIB.
1129 354 1169 400 I.

1304 369 1392 419 273

92 478 311 531 Humida
347 485 450 532 vela
492 485 626 550 legit.
705 486 986 550 Numquam
1032 478 1397 552 inprudentibus

219 577 376 623 imber

90 665 286 713 Obfuit:
321 679 400 714 aut
424 668 563 715 illum
586 668 855 731 surgentem
876 671 1077 720 vallibus
1100 673 1210 720 imis

87 758 249 806 Ae'riae
274 759 436 823 fugere
457 777 623 824 grues;
659 773 739 809 aut
762 762 934 809 bucula
958 765 1139 812 coelum

1300 778 1389 827 375

84 849 348 914 Suspiciens
368 853 543 915 patulis
569 854 778 917 captavit
801 855 990 902 naribus
1014 873 1172 911 auras;

85 943 185 990 Aut
205 957 369 1008 arguta
393 945 519 992 lacus
540 947 943 994 circumvolitavit
966 947 1168 998 hirundo
1185 973 1198 1004 ς

84 1034 148 1082 Et
170 1047 376 1083 veterem
399 1037 446 1082 in
471 1037 590 1084 limo
614 1054 739 1084 ranae
764 1039 976 1085 cecinere
1000 1036 1256 1099 querelam.

125 1204 199 1235 373.
221 1197 311 1238 legunt
334 1195 367 1227 in
391 1197 554 1228 nonnullis
579 1197 664 1239 apud
689 1197 844 1235 pierium,
866 1196 1036 1239 probatum
1061 1197 1205 1230 Heinsio.
1253 1200 1299 1230 At
1326 1201 1390 1242 legit

81 1246 178 1277 etiam
194 1248 227 1278 in
243 1249 403 1279 Romano.
441 1249 617 1290 prudentibus
635 1248 757 1279 Medic.
779 1259 796 1279 a
812 1259 855 1278 m.
873 1259 920 1289 pr.
927 1271 936 1286 ‚
951 1248 1073 1289 hocque
1089 1250 1219 1290 praefert
1236 1260 1308 1281 cum
1324 1251 1393 1282 aliis

79 1297 131 1338 J0.
150 1297 312 1329 Schrader.
357 1300 436 1329 Sane
453 1306 484 1329 et
500 1299 560 1329 hoc
576 1299 667 1330 suum
683 1299 804 1330 sensum
821 1298 929 1330 habet.
973 1300 1041 1330 Nec
1064 1300 1168 1331 minus
1184 1308 1293 1332 tamen
1310 1302 1388 1334 alte-

79 1358 152 1378 rum
167 1359 279 1380 verum
295 1350 350 1381 est.

439 1359 513 1389 374.
535 1351 640 1391 Acffuit
663 1349 930 1391 Bynckerihockii
955 1350 1136 1381 emendatio
1154 1352 1222 1393 jam
1246 1363 1264 1382 a
1280 1353 1391 1384 Burm.

78 1398 196 1440 rejefflht
221 1400 274 1431 est.
319 1414 351 1431 ac
375 1403 453 1432 illum
481 1403 602 1432 Nloret.
630 1409 733 1443 quart.
776 1405 804 1432 in
830 1403 952 1432 vallibus
977 1401 1070 1432 Leid.
1095 1412 1112 1432 a
1136 1412 1180 1433 m.
1205 1402 1263 1434 sec.
1307 1404 1342 1433 ab
1357 1417 1388 1435 v.

78 1450 169 1481 Leid.
187 1450 275 1481 alter.

366 1461 438 1491 375-
451 1454 558 1494 sesgsere
574 1452 672 1483 Goth.
690 1453 747 1483 sec.

836 1452 909 1492 376.
929 1453 1076 1494 Sustipiens
1095 1453 1222 1484 Zulich.
1313 1455 1389 1496 378.

79 1503 140 1532 Aut
155 1502 204 1532 ed.
220 1504 315 1540 Ven.,
330 1503 475 1535 nonnulli
500 1515 550 1547 ap.
577 1504 730 1543 Pierium,
760 1504 882 1536 Bodlei.
906 1511 938 1536 et
961 1515 1042 1536 unus
1056 1505 1214 1538 Arundel.
1229 1516 1279 1549 ap.
1299 1509 1387 1538 Mar-

77 1553 147 1591 tin,
164 1553 218 1595 qui
234 1553 362 1596 recepit.

76 1698 130 1725 ter
155 1687 252 1725 dixit
281 1689 327 1726 de
351 1698 452 1740 parte
480 1689 577 1735 caeli,
601 1691 698 1728 unde

75 1739 197 1788 spirat.
251 1741 351 1778 Rura
367 1753 502 1787 natant,
521 1742 697 1780 inundan-

74 1800 146 1829 tur.

126 1855 172 1890 37
179 1855 212 1891 3.
241 1844 422 1894 Nunquam
440 1845 698 1893 imprudentibus

73 1893 177 1931 imber
208 1894 345 1945 Obfuit‚
369 1894 484 1932 obeffe
502 1897 614 1946 potest
640 1897 696 1933 vel

73 1944 174 1984 solet.
256 1945 394 1982 Ornate
447 1947 579 1984 extulit
640 1947 694 1992 id,

72 1997 169 2045 quod
218 1996 316 2034 tenui
372 1997 531 2035 oratione
588 1998 695 2035 esset:

70 2046 240 2096 agricolis
270 2061 344 2084 non
376 2047 481 2085 facile
510 2049 625 2086 imber
630 2053 694 2098 su-

63 2105 245 2147 pervenire
261 2100 373 2150 potest
392 2099 693 2149 imprudentibus,

70 2149 105 2186 h.
125 2163 198 2186 non
215 2160 296 2188 ante
313 2150 597 2202 providentibus,
624 2151 693 2189 iin-

69 2201 225 2251 proviso,
278 2212 318 2238 ut
360 2215 424 2239 nec
460 2203 591 2240 moniti
626 2203 693 2240 fint

68 2252 239 2303 praesagio
265 2252 400 2303 aliquo,
468 2253 557 2291 Non
585 2255 690 2291 debe-

69 2302 129 2339 bat
146 2303 206 2340 hic
223 2304 355 2342 haerere
385 2305 574 2343 donorum
594 2305 690 2342 viro-

68 2367 147 2391 rum
181 2367 343 2393 acumen.
429 2356 611 2393 Sententia
644 2358 690 2394 est

65 2406 190 2442 eadem
226 2406 294 2443 inf.
327 2419 400 2457 425
443 2409 625 2459 Nunquam
661 2419 691 2444 te

65 2459 206 2505 crqstina
213 2458 324 2508 ficllet
343 2460 439 2496 Hora
457 2475 556 2510 neque
570 2461 691 2509 ι’κζβίίίὶς

65 2516 165 2545 noblis
209 2515 334 2558 capiere
374 2513 517 2558 firenae.
601 2525 687 2562 374.

67 2557 165 2596 Vide
184 2559 335 2598 Hcfiod.
359 2561 452 2610 “Ep‘ya
470 2566 687 2613 ,ΗΒ-451.

66 2612 171 2648 Arat.
193 2624 278 2661 299·
303 2624 388 2659 300,
408 2626 427 2650 e
446 2627 517 2661 quo
535 2623 570 2649 ct
586 2613 688 2651 Aris-

67 2671 131 2699 tot.
164 2661 217 2698 H.
251 2663 297 2698 A.
328 2663 403 2705 IX,
441 2678 484 2702 10
510 2675 688 2713 paterent

63 2714 168 2751 ak'riae
195 2713 380 2758 dicantur3
410 2715 521 2752 solent
551 2715 687 2752 scilicet

65 2764 103 2801 in
120 2765 231 2801 altum
250 2765 423 2809 volantes,
443 2766 686 2804 animadversa

64 2816 280 2865 tempestate,
307 2816 424 2853 statim
445 2817 476 2854 se
499 2817 686 2855 demittere

64 2877 99 2903 et
126 2867 276 2917 fugere3
316 2868 481 2917 quorsum
509 2869 689 2919 fugerent,

63 2919 170 2968 poeta
187 2930 260 2954 non
291 2920 423 2959 necesse
453 2920 607 2959 habebat
625 2921 686 2959 ad-

117 2969 234 3008 Tou.
267 2982 298 3010 ι.

768 1689 852 1728 dere
870 1690 921 1728 ita
941 1690 1089 1735 imbrem,
1107 1690 1144 1728 h.
1170 1691 1314 1730 nebulas
1332 1691 1389 1729 di-

766 1742 823 1779 xit
837 1747 978 1793 surgere
1004 1743 1167 1780 vallibus.
1213 1743 1251 1780 in
1271 1748 1388 1782 a'e'rem

765 1794 936 1830 rariorem
973 1793 1122 1830 factum.
1191 1795 1272 1831 Alii
1303 1795 1388 1844 jun-

763 1845 925 1894 gendum
943 1845 1008 1882 effe
1027 1854 1154 1895 putant
1160 1850 1286 1896 fugere
1303 1847 1389 1883 ‹val-

763 1896 848 1933 libus
865 1900 952 1940 imis,
979 1896 1016 1934 h.
1043 1897 1088 1933 ad
1106 1898 1213 1933 valles
1226 1912 1235 1941 ;
1263 1907 1325 1934 aut
1342 1910 1387 1934 eo

763 1947 878 1990 sensu,
905 1957 944 1985 ut
961 1960 980 1983 e
998 1947 1151 1984 vallibus
1177 1948 1322 1998 fugiant
1346 1949 1386 1987 in

762 1999 887 2035 altum.
959 2012 1046 2049 375.
1069 2001 1155 2050 376.
1194 1999 1251 2036 Ex
1271 2001 1387 2038 Arato

760 2049 851 2087 ibid.
872 2064 908 2088 v.
929 2063 1014 2089 222.
1037 2063 1125 2098 223,
1143 2050 1205 2100 qui
1225 2051 1387 2089 converfi

760 2100 841 2138 sunt
858 2114 878 2137 a
897 2101 978 2138 Cic.
999 2101 1044 2138 de
1063 2102 1151 2138 Div.
1171 2102 1204 2145 Ι,
1225 2115 1261 2152 9.
1307 2113 1384 2152 cap-

760 2158 868 2196 tavit,
926 2163 1068 2202 captare
1101 2152 1204 2198 solet,
1248 2164 1384 2204 captat,

760 2218 879 2246 auras,
923 2203 958 2241 h.
990 2203 1109 2247 ducit,
1149 2204 1290 2249 olfacit,
1319 2207 1384 2243 ὥσ·-

759 2257 935 2304 Φρήσκντο.
994 2269 1080 2307 377.
1111 2254 1202 2293 Vid.
1220 2257 1329 2293 eund.
1348 2271 1383 2295 V.

762 2319 848 2345 212.
893 2320 978 2355 213.
1047 2306 1180 2343 Versus
1212 2317 1310 2344 totus
1336 2309 1384 2346 est

757 2370 801 2394 ex
838 2357 1002 2394 Varrone
1048 2358 1207 2395 Atacino
1236 2368 1384 2399 notante

758 2409 884 2447 Servio
903 2422 972 2446 una
991 2422 1072 2446 cum
1092 2423 1127 2449 V.
1148 2410 1220 2460 376
1238 2420 1275 2447 et
1295 2424 1383 2462 379.

756 2472 883 2512 englam
936 2460 982 2496 ad
1034 2474 1160 2497 vocem
1215 2461 1382 2500 refertur.

759 2516 845 2562 378.
875 2510 930 2547 Ex
947 2510 1031 2549 eod.
1054 2524 1141 2562 214.
1164 2525 1251 2563 ²¹5·
1322 2529 1383 2550 ve-

756 2574 853 2599 terent
905 2562 1070 2613 querelam
1122 2563 1169 2599 ad
1220 2564 1381 2601 fabulam

756 2614 1081 2651 transformationis
1117 2627 1282 2651 ranarum
1323 2618 1379 2666 (v,

756 2666 869 2704 Ovid.
891 2664 984 2702 Met.
1005 2665 1074 2701 VI.
1097 2668 1169 2713 316
1189 2665 1281 2715 sqq.)
1326 2679 1380 2703 re—

755 2716 895 2761 ferunt3
941 2715 1001 2753 sed
1027 2716 1144 2753 verbis
1171 2716 1380 2766 simpliciter

755 2768 840 2804 inest
877 2767 980 2803 notio
1008 2767 1176 2803 clamoris
1211 2768 1379 2804 continui

754 2819 956 2870 semperque
969 2818 1126 2868 ejusdem
1141 2832 1149 2855 ε
1167 2817 1231 2854 nisi
1248 2818 1380 2856 insedit

752 2870 874 2907 animo
892 2872 1048 2917 ὀλολυγαὶ-ν
1068 2883 1111 2907 ex
1136 2869 1264 2908 eodem
1296 2870 1380 2909 loco

755 2922 874 2961 Arati.

807 2973 829 3009 S
1155 2985 1244 3024 379.
1272 2972 1379 3012 Arar.
