1987 3361
195 294 363 344 VITA
396 293 451 342 P.
489 268 781 355 VIRGILII„
813 290 1144 339 MARONIS.
1219 307 1409 341 cmm

95 426 206 468 Nihil
237 430 351 482 igitur
380 429 524 467 auoore
560 426 724 478 Augusto
753 425 889 463 Varius
918 424 1080 468 addidit,
1108 425 1206 476 quod
1232 435 1267 463 et
1296 425 1407 465 Maro
1432 435 1485 477 59

92 500 321 540 praeccperat‚
351 489 410 526 sed
451 487 656 526 summatim
689 484 910 530 emendavit,
952 494 991 522 ut
1038 484 1101 535 qui
1138 485 1256 522 versus
1294 486 1407 524 etiam

91 549 334 600 imperfefios,
374 549 398 588 fi
435 548 498 599 qui
533 556 649 590 erant,
678 544 872 595 reliquerit.
942 544 1024 581 Hos
1060 544 1166 581 multi
1202 558 1288 582 mox
1314 544 1406 597 vsup-

88 610 186 660 plere
218 611 355 654 conati,
398 623 471 646 non
506 607 664 658 perinde
702 606 892 642 valuerunt
920 604 967 642 ob
1003 603 1278 649 difficultatem3
1306 606 1406 656 quod

74 671 212 708 *omnia
247 671 319 708 fere
353 670 448 720 apud
481 681 563 705 eum
609 665 846 710 hemistichia,
890 674 1019 716 praeter
1050 664 1170 702 illud:
1210 666 1319 715 Qzem
1344 667 1410 704 tibi

77 733 162 782 jam
190 729 295 781 Ἧῃβα
319 735 462 779 peperit,
489 726 626 763 sensum
655 725 826 762 videntur
855 723 986 760 habere
1012 723 1224 774 perfec'ium.
1278 725 1403 770 Nisus,
1430 721 1483 762 60

35 830 38 835 ¹
85 789 359 839 grammaticus,
387 786 517 823 audiffe
544 785 578 823 se
605 798 626 821 a
659 783 858 821 senioribus
885 782 1047 827 dicebat,
1076 781 1229 820 Varium
1248 783 1403 824 duorum

86 846 266 884 librorum
302 845 467 883 ordinem
495 843 738 886 commutasse,
765 852 815 885 et,
844 841 908 891 qui
937 852 1014 879 tum
1048 841 1220 879 secundus
1246 852 1336 888 erat,
1364 844 1405 882 in

82 905 233 943 tertium
251 907 372 943 locum
391 902 622 941 transtuliffe:
650 902 762 940 etiam
788 901 900 952 primi
929 900 1016 939 libri
1040 901 1234 940 correxisse
1264 902 1404 955 princi!

82 964 200 1016 pium,
227 964 282 1002 his
300 964 431 1001 demtis
450 962 602 1000 versibus
619 974 629 999 z

235 1063 304 1101 Ille
318 1079 389 1114 ego,
414 1067 474 1113 qui
488 1061 651 1113 quondam
664 1057 793 1112 gracili
807 1057 993 1097 modulatus
1011 1073 1129 1100 avena

237 1123 400 1164 Carmen,
429 1132 460 1157 et
477 1120 743 1171 egnfficsfillwir,
766 1125 884 1156 vicina
899 1121 1001 1170 coegi,

233 1182 283 1218 Ut
299 1186 456 1232 quam-vis
474 1182 580 1217 avido
591 1189 754 1228 parerent
770 1193 866 1215 arva
883 1178 987 1215 colono
999 1191 1013 1214 .·

239 1240 386 1276 Gratum
403 1248 478 1288 opus
493 1236 648 1289 agricolis
661 1251 674 1274 :

229 1299 342 1335 Arma
356 1304 531 1348 virumque
548 1311 641 1334 cano.

76 1427 185 1454 tamen
209 1421 394 1452 Voltarium
423 1420 569 1452 horridos
591 1421 649 1452 hos
669 1428 701 1453 et

76 1466 202 1508 ineptos
226 1466 333 1496 versus
353 1475 416 1495 non
447 1466 543 1496 modo
565 1465 701 1506 Augusti

75 1510 228 1547 tribuere,
249 1519 361 1540 verum
381 1508 478 1539 etiam
505 1519 701 1550 magnopere

74 1553 232 1594 probare:
265 1554 300 1582 ils
315 1554 380 1593 stant
409 1552 495 1581 hedua·
523 1559 548 1581 et
569 1553 701 1592 fimhlent

66 1599 167 1638 p-zrfir
187 1598 221 1625 du
244 1608 323 1625 ca’ur.
379 1595 457 1636 Effin'
477 1596 526 1628 fur
550 1597 579 1624 la
610 1595 701 1637 Pmsse

69 1642 163 1680 epiqne
178 1639 267 1680 chap.
284 1647 314 1677 3.
360 1639 406 1668 Ita
422 1637 519 1674 vides,
530 1638 569 1668 ad
584 1647 697 1668 verum

71 1682 277 1723 pulchrarum
289 1681 514 1712 sententiarum
531 1681 652 1711 sensum
663 1689 694 1712 et

66 1725 224 1766 judicium
263 1724 416 1755 sermonis
445 1724 693 1765 intelligentiam

69 1768 210 1808 aliquam
243 1767 303 1799 effe
341 1766 553 1797 neeessariam.
599 1767 690 1810 (Infr.

67 1812 198 1842 Testim.
213 1813 258 1841 IV
275 1818 306 1841 et
322 1811 411 1852 Vll.)

112 1855 138 1895 {3-
161 1865 216 1896 59.
243 1855 304 1884 Hos
327 1856 408 1883 multi
423 1866 485 1882 mox
498 1854 627 1894 supplere
650 1865 692 1883 co-

67 1902 146 1928 nati:
172 1899 260 1939 cujus
291 1897 414 1937 generis
436 1896 543 1927 versus
573 1896 691 1927 multos

65 1940 176 1984 passim
197 1941 229 1971 in
253 1940 460 1982 suspicionem
481 1939 687 1978 adduximu53

65 1984 147 2015 alios
162 1985 282 2015 dudum
299 1984 417 2025 ejecere
441 1982 550 2013 critici.
587 1984 687 2014 Fuere

65 2033 173 2059 tamen
200 2028 296 2058 etiam
325 2025 526 2062 recentiores,
550 2026 604 2067 qui
636 2026 686 2056 in-

64 2081 158 2102 anem
173 2081 303 2112 operam
319 2070 352 2100 in
367 2069 529 2111 explendis
550 2069 599 2099 his
613 2080 685 2099 ver-

61 2113 145 2145 {ibus
159 2114 367 2151 collocarent3
389 2121 424 2143 ut
442 2112 586 2143 Nannius
609 2113 685 2143 Mis.

64 2157 133 2188 cell.
148 2158 205 2193 VI,
231 2166 282 2194 10,
307 2164 337 2188 et
363 2156 544 2192 Vanicrius,
564 2156 603 2186 de
619 2167 683 2197 quo

61 2201 87 2230 1.
105 2201 155 2231 Μ.
172 2200 312 2237 Heinzii,
333 2200 394 2230 viri
405 2199 504 2237 (Ιοᾶὶί,
520 2198 684 2239 Gymnafii

61 2243 197 2274 Wimar.
215 2243 391 2280 dimetoris,
415 2242 458 2273 est
487 2249 685 2272 commenta-

61 2286 120 2317 tio.
172 2287 252 2317 lllud
275 2297 351 2317 vero
373 2287 426 2316 vix
452 2284 521 2316 fieri
547 2284 681 2326 potuisse

57 2337 160 2372 putes,
190 2337 227 2360 ut
256 2329 422 2360 existerent
452 2328 596 2359 homiues
631 2328 681 2359 in-

59 2373 179 2415 geniosi
195 2380 226 2404 et
242 2373 296 2414 qui
321 2372 376 2404 fibi
398 2371 527 2403 subtiles
540 2379 571 2402 et
595 2372 680 2402 acuti

58 2417 256 2453 viderentur,
277 2416 330 2457 qui
346 2416 379 2446 in
401 2414 539 2445 verfibus
553 2414 603 2445 his
617 2415 677 2444 im-

57 2459 199 2502 ρετὶεᾶε
214 2459 332 2490 τεΙίὁὶίε
353 2458 509 2500 judicium
524 2459 626 2500 poetae
645 2465 677 2489 et

57 2503 176 2534 ‘miram
232 2501 435 2544 sagacitatem
479 2507 677 2542 quaererent3

55 2545 172 2577 scilicet
188 2553 223 2576 ut
239 2545 419 2587 argumenti
436 2545 593 2586 gravitate
610 2551 676 2574 tac-

55 2594 92 2619 to
107 2588 236 2619 ledioris
261 2588 368 2619 animo
393 2588 433 2618 ad
456 2587 678 2619 meditandum

56 2639 148 2662 mora
163 2632 301 2663 daretur.
345 2632 419 2674 Qa
442 2631 481 2662 de
496 2641 529 2661 re
546 2629 585 2660 cf.
602 2630 676 2660 Dis.

54 2674 133 2715 quis.
153 2676 165 2705 1
184 2676 223 2706 ad
245 2677 325 2707 AEn.
343 2675 355 2704 1
376 2681 455 2704 extr.
502 2674 612 2704 Unum
631 2673 676 2705 est

56 2717 156 2748 Servii
171 2718 311 2749 scholion
327 2717 366 2748 ad
381 2719 457 2747 AEn.
477 2718 535 2754 IV,
551 2716 626 2755 361,
641 2716 675 2748 in

54 2771 118 2801 quo
141 2760 240 2792 fimile
252 2761 408 2803 judicium
424 2759 541 2791 veteris
559 2761 675 2790 Gram-

53 2804 162 2834 matici
185 2804 291 2846 legere
308 2803 459 2835 memini:
486 2804 527 2833 Et
545 2805 674 2840 oratorie,

54 2845 170 2888 inquit,
189 2849 226 2878 ibi
240 2849 356 2889 finivit,
384 2848 429 2877 ubi
455 2849 500 2876 vis
521 2848 674 2886 argumenti

43 2890 174 2934 ficlssitit.
217 2891 321 2935 Atqui
335 2890 415 2923 illud
423 2889 536 2924 saltem
549 2889 635 2922 recte
647 2888 674 2922 is

702 1248 740 1274 at
757 1252 844 1275 nunc
861 1236 1032 1275 horrentia
1048 1236 1180 1276 Martis

765 1419 967 1462 perspe=stum
983 1418 1094 1451 habuit
1110 1418 1258 1450 oratorium
1275 1417 1307 1451 id
1322 1419 1397 1453 effe,

766 1466 846 1494 Sane
874 1464 939 1504 ipsa
964 1474 1014 1493 res
1039 1463 1071 1494 id
1102 1463 1185 1493 ferre
1213 1464 1333 1501 debuit,
1355 1472 1393 1496 ut

765 1507 928 1538 nonnullis
944 1507 975 1536 in
992 1506 1068 1537 locis
1088 1506 1209 1547 ingenii
1232 1507 1392 1548 impetum

764 1552 859 1591 poeta
876 1550 1020 1580 inhibere
1037 1549 1149 1587 nollet,
1162 1550 1316 1580 sententia
1333 1551 1392 1581 ab.

764 1593 876 1630 soluta,
915 1601 1012 1634 utque
1039 1593 1079 1623 ad
1108 1593 1169 1623 alia
1193 1601 1393 1634 properaret,

764 1636 876 1666 ΥεΙίἃο
895 1643 926 1666 et
942 1635 1074 1676 seposlto
1091 1636 1182 1666 versu
1198 1636 1391 1676 imperfecto

763 1678 796 1708 in
813 1679 898 1709 aliud
915 1689 1051 1720 tempus,
1070 1677 1156 1720 quod
1171 1679 1200 1709 ei
1217 1690 1303 1709 mors
1317 1690 1388 1710 ma-

763 1722 866 1752 turior
881 1722 1009 1752 invidit.

811 1767 899 1795 Quem
910 1766 1031 1806 tibijam
1047 1764 1136 1794 ‘Troia
1151 1766 1230 1795 AEn.
1243 1765 1298 1802 Ill,
1313 1774 1390 1804 340.

761 1790 874 1838 Paffio
903 1816 974 1838 ante
987 1809 1019 1849 Ji
1047 1811 1093 1848 qui
1121 1814 1202 1838 erant
1227 1808 1289 1850 leg.
1313 1819 1388 1840 Cum

761 1853 903 1881 Gronov.
917 1852 991 1894 ficut
1007 1858 1095 1881 erant.

803 1895 827 1935 (Β.
853 1894 904 1924 60.
931 1896 1021 1934 A’Viscs
1055 1896 1269 1925 Grammaticus.
1314 1895 1386 1926 No·

758 1947 832 1968 men
851 1937 918 1979 ejus
936 1937 1044 1978 paffim
1060 1937 1197 1968 occurrit
1216 1937 1249 1968 in
1267 1938 1386 1969 Gram-

757 1981 948 2011 maticorum
971 1981 1104 2022 scriptis,
1131 1981 1229 2011 etiam
1255 1980 1287 2011 in
1306 1982 1385 2012 Ma-

754 2024 873 2061 crobio,
898 2024 952 2054 ubi
970 2026 1033 2054 Sat.
1053 2025 1074 2060 l,
1099 2032 1138 2055 12
1156 2024 1222 2065 ejus
1238 2025 1379 2055 Commen-

753 2068 968 2110 tariifffloruaeaeae
983 2067 1164 2098 laudantur.

796 2113 907 2140 duorum
922 2111 1053 2140 librorum
1072 2112 1190 2140 ordinem
1204 2110 1382 2154 commutqffi‘.

754 2154 924 2184 Ind0e³fflm
943 2153 1015 2191 hoc,
1035 2161 1066 2184 ct
1089 2153 1248 2183 indonffius
1274 2154 1379 2185 adhuc:

753 2197 974 2234 eiluntiatun13
997 2207 1047 2227 res
1063 2196 1107 2227 ita
1122 2196 1152 2227 se
1177 2196 1272 2227 habet
1293 2197 1379 2237 apud

751 2241 899 2270 Servium
914 2251 963 2281 pr.
977 2240 1010 2270 in
1022 2241 1098 2270 AEn.
1122 2245 1144 2260 “
1160 2239 1233 2270 licet
1245 2240 1377 2280 quidam

751 2287 769 2303 ⁴‘
793 2283 950 2324 superflue
977 2283 1094 2320 dicant,
1122 2283 1294 2314 secundum
1322 2283 1376 2326 (li-

747 2329 768 2345 “
792 2326 899 2367 brum)
915 2325 1057 2368 primum
1079 2325 1150 2363 esse,
1174 2326 1306 2357 tertium
1327 2327 1377 2357 se·

747 2373 768 2388 “
791 2370 942 2407 cundum,
975 2377 1006 2400 et
1051 2369 1193 2411 primum
1229 2369 1376 2408 tertium,

747 2416 768 2432 “
792 2412 876 2450 ideo,
897 2413 971 2454 quia
986 2411 1128 2454 primum
1154 2412 1249 2442 Ilium
1266 2413 1372 2443 conci-

747 2459 766 2475 “
791 2456 838 2486 dit
854 2459 938 2486 etc.”
961 2455 1025 2486 scil.
1043 2455 1083 2486 ad
1098 2455 1245 2486 ordinem
1260 2466 1371 2488 rerum

746 2499 906 2540 gestarum
919 2498 1038 2540 judicio
1049 2498 1148 2537 faeta,
1168 2508 1233 2529 non
1249 2509 1287 2530 ex
1302 2499 1371 2542 epi-

747 2552 791 2573 cae
808 2541 998 2573 narrationis
1012 2541 1094 2583 lege.

788 2586 830 2615 his
852 2587 944 2615 demtis
974 2586 1104 2627 versibus.
1160 2584 1265 2625 Atqui
1300 2595 1368 2618 non

743 2627 870 2659 demtos
884 2639 947 2666 εοε,
969 2628 1022 2659 sed
1037 2627 1076 2658 ab
1098 2627 1159 2658 alia
1172 2629 1278 2670 potius
1299 2639 1372 2659 ma-

745 2682 789 2702 nu
811 2671 953 2713 adjecstos
972 2671 1154 2712 virgiliano
1182 2671 1270 2712 operi
1305 2671 1369 2703 effe

744 2714 915 2746 dicendum
931 2721 1018 2752 erat3
1042 2724 1115 2745 cum
1136 2724 1154 2744 a
1178 2721 1292 2744 natura
1318 2714 1368 2746 fa.

742 2757 826 2789 bulae
842 2758 939 2800 epicae
955 2756 1084 2800 praefixa
1099 2756 1280 2798 hujusmodi
1291 2767 1366 2788 nar-

742 2801 825 2833 ratio
848 2803 951 2843 po'e'tae
979 2800 1017 2832 de
1043 2800 1073 2831 se
1100 2799 1282 2831 abhorrent.
1327 2802 1365 2832 In

743 2845 829 2875 Edit.
857 2853 941 2882 1742
967 2844 1011 2874 ita
1037 2842 1098 2873 hoc
1128 2842 1198 2874 loco
1220 2842 1361 2884 legitur:

742 2889 819 2920 Unde
832 2889 966 2919 intuemur
974 2888 1076 2931 aliquos
1086 2887 1178 2928 vetfies
1189 2888 1318 2916 detrfflos
1331 2888 1361 2916 in

779 2940 815 2963 m
838 2938 861 2964 ᾖ
1212 2930 1358 2975 ῥνὶιισὶρῐο
