1987 3361
390 259 724 338 pmoms
765 282 1233 335 EmTioNIS.
1382 297 1471 335 v11

170 428 233 481 da
258 427 420 488 volui,
450 425 534 478 sed
560 445 681 478 cum
707 425 1012 477 brevitatem
1038 443 1196 476 unam
1236 427 1475 477 omnium

170 519 460 571 maximam
488 518 732 568 virtutem
760 515 870 567 talis
901 534 1070 586 operae
1096 513 1191 566 effe
1217 527 1472 585 putarem,

170 609 576 683 quotiescunque
604 608 766 665 licuit,
807 619 891 658 aut
926 607 1082 658 verbo
1124 625 1234 658 rem
1272 608 1473 666 monui,

170 715 255 754 aut
293 702 354 754 ad
394 703 528 754 viros
560 703 740 753 dostos
766 702 1014 753 lectorem
1041 700 1228 760 remifi,
1269 701 1361 772 qui
1387 719 1476 752 co-

167 794 442 867 piofiorem
466 793 865 865 disputationem
891 792 1209 844 desideraret.

245 884 360 936 Nec
402 898 574 937 tamen
624 897 786 937 totam
836 904 1008 936 meam
1062 886 1479 957 qualemcunque

167 996 379 1049 operam
418 978 497 1030 his
534 978 722 1030 finibus
763 977 1109 1030 circumscribi
1148 976 1312 1048 paffus
1340 976 1473 1028 sum.

171 1071 313 1121 Cum
341 1070 589 1140 Virgilius
617 1071 657 1121 is
687 1069 764 1130 fit,
806 1071 859 1121 in
899 1088 1004 1141 quo
1040 1068 1262 1140 legendo
1290 1086 1479 1138 magna

161 1160 475 1232 juvenilium
501 1161 789 1213 studiorum
815 1180 930 1231 pars
958 1159 1188 1211 consumi
1215 1158 1388 1220 soleat,
1417 1177 1479 1209 eo

169 1253 382 1325 quidem
409 1255 642 1316 consilio,
672 1253 960 1305 dummodo
985 1253 1133 1303 multi
1162 1252 1215 1303 id
1244 1252 1334 1303 fibi
1356 1270 1479 1323 pro-

167 1345 394 1419 pofitum
418 1343 681 1404 haberent,
707 1359 763 1396 ut
786 1345 846 1396 ad
870 1342 1252 1395 adolescentum
1273 1342 1480 1413 ingenia

169 1436 431 1509 polienda‚
459 1437 520 1488 ad
543 1435 745 1488 sensum
771 1449 820 1487 et
845 1435 1053 1506 gustum
1074 1432 1477 1505 pulchritudinis

169 1527 479 1590 acuendum,
522 1529 582 1580 ad
603 1528 862 1600 judicium
888 1527 950 1578 de
976 1526 1217 1578 omnibus
1245 1525 1326 1582 iis,
1361 1544 1479 1595 quae

170 1620 233 1672 ab
260 1636 364 1675 arte
389 1636 437 1675 et
464 1624 671 1694 ingenio
697 1621 950 1673 elaborata
978 1633 1025 1671 et
1053 1617 1281 1690 expressa
1301 1618 1492 1687 oculo-A

169 1735 286 1769 rum
325 1717 590 1788 animique
634 1714 797 1766 sensui
836 1714 1016 1786 subjici
1055 1711 1275 1783 poffunt,
1315 1709 1481 1761 insor-

172 1808 424 1861 mandum
455 1809 620 1861 valere
658 1808 746 1859 illa
785 1807 941 1859 lec‘cio
967 1818 1015 1856 et
1041 1805 1152 1856 vim
1178 1802 1363 1854 habere
1390 1803 1481 1854 de-

170 1900 315 1951 beat:
361 1899 459 1951 feci
486 1899 556 1957 id,
585 1899 724 1971 quod
753 1899 806 1953 in
832 1900 933 1950 alio
959 1903 1132 1968 po'e‘ta,
1161 1897 1250 1967 qui
1278 1915 1384 1946 non
1409 1895 1480 1946 ita

171 1992 411 2043 omnium
438 1992 677 2042 manibus
718 1992 916 2049 teritur,
958 2003 1043 2041 aut
1070 2008 1175 2040 non
1201 1987 1294 2038 nifi
1324 2006 1352 2037 a
1377 1987 1482 2038 cal-

168 2083 472 2136 lentioribus
518 2096 567 2133 ct
612 2081 933 2133 doclioribus
966 2080 1172 2150 legitur,
1215 2097 1318 2129 non
1350 2076 1483 2129 mihi

171 2175 468 2227 faciendum
499 2174 593 2226 effe.
621 2188 871 2244 putarem,
912 2184 966 2222 ut
992 2190 1097 2221 non
1124 2170 1284 2220 modo
1311 2169 1372 2220 ad
1400 2188 1478 2230 ea,

171 2290 289 2342 quae
307 2269 539 2320 difficilia
555 2268 617 2319 ad
637 2264 1038 2337 intelligendum
1055 2276 1104 2314 ct
1121 2261 1331 2314 obscura
1347 2260 1479 2323 sunt,

171 2381 352 2416 verum
370 2359 431 2411 ad
449 2360 534 2411 illa
550 2359 702 2409 etiam
719 2356 1005 2428 legentium
1023 2355 1224 2405 animos
1248 2354 1483 2405 adverte-

173 2473 303 2514 rem,
343 2472 458 2524 quae
488 2449 703 2522 pulchra
729 2450 781 2499 in
808 2453 960 2518 po‘eta
986 2459 1034 2497 et
1060 2447 1299 2517 praeclara
1324 2445 1481 2515 infig-

171 2547 332 2617 nique
359 2544 531 2614 aliqua
556 2540 815 2593 venustate
840 2539 1110 2590 nobilitata
1137 2538 1271 2598 sunt,
1309 2550 1365 2589 ut
1393 2537 1481 2588 iis-

173 2638 313 2698 dem,
356 2637 410 2687 in
451 2635 562 2686 aliis
589 2634 778 2705 poetis,
824 2631 922 2683 five
949 2630 1276 2687 observandis
1307 2648 1363 2680 ac
1391 2629 1480 2680 de·-

170 2726 547 2810 prehendendis
579 2724 678 2778 five
707 2722 1072 2800 dijudicandis,
1113 2720 1478 2779 adsuescerent.

1305 2813 1484 2880 Qam
