1987 3361
491 343 667 380 ccxxn
800 309 1550 375 TESTIMONIA

737 457 1030 510 STATIUS
1063 453 1271 502 THEB.
1311 451 1430 508 XII,
1467 451 1579 499 816.

760 545 865 591 Nec
891 552 941 588 tu
965 538 1179 586 divinam
1202 532 1407 581 AEneida
1427 543 1573 590 tenta,

630 629 722 678 Sed
745 628 886 692 longe
909 623 1114 687 sequere,
1137 630 1184 667 et
1205 616 1400 681 vestigia
1416 615 1603 681 semper
1625 615 1784 663 adora.

505 763 610 819 AL
627 763 818 814 CIMI
864 761 915 808 de
949 757 1124 821 Vz'rgilio
1155 763 1198 803 et
1233 755 1410 802 Homero
1441 749 1558 815 (vid.
1594 749 1822 814 Anthologa

940 844 1017 889 lat.
1044 838 1109 896 II,
1132 849 1199 900 ep.
1223 838 1358 899 177).
1838 865 1842 870 .

508 930 727 980 Maeonio
750 929 861 983 vati,
883 927 989 991 quis
1013 941 1100 988 par
1123 922 1196 968 vel
1220 921 1466 984 proximus
1491 918 1615 976 effer,

577 1011 828 1061 Consultus
855 1009 993 1056 Paean
1014 1006 1128 1063 rifit,
1151 1017 1197 1051 et
1221 1004 1326 1050 haec
1350 1001 1551 1049 cecinit:

512 1096 562 1143 Si
584 1094 744 1158 potuit
768 1090 910 1146 nasci,
933 1102 1076 1151 quem
1097 1097 1148 1131 tu
1168 1073 1441 1145 ¹sequereris,
1464 1081 1700 1141 Homerej,

577 1176 808 1225 Nascetur
831 1172 914 1236 qui
939 1183 985 1217 te
1007 1166 1161 1233 posfit,
1184 1165 1418 1220 Homere‚
1440 1162 1588 1226 sequi.

525 1312 592 1360 D.
629 1309 740 1357 AU
759 1302 1191 1354 GUSTINUS
1224 1301 1274 1347 de
1299 1298 1397 1346 Civ.
1425 1298 1519 1346 Dei
1537 1298 1611 1344 lib.
1638 1297 1678 1355 I,
1703 1314 1738 1344 c.
1763 1313 1813 1359 3.

582 1392 848 1457 Virgilium
870 1388 1007 1453 pueri
1029 1388 1207 1450 legant,
1232 1395 1285 1431 ut
1320 1382 1459 1446 poeta
1491 1397 1689 1444 magnus
1724 1397 1831 1426 om·-

515 1479 744 1539 niumque
762 1469 1140 1536 praeclariffimus
1155 1479 1296 1530 atque
1309 1465 1535 1529 optimUS,
1553 1462 1720 1509 teneris
1737 1462 1832 1508 im-

516 1558 697 1606 bibitus
721 1555 871 1610 annis,
891 1569 987 1599 non
1012 1550 1151 1597 facile
1172 1548 1415 1596 oblivione
1435 1544 1573 1609 possit
1593 1542 1787 1589 aboleri.

520 1756 790 1818 Sequuntur
806 1747 1015 1796 carmina
1039 1744 1482 1792 Grammaticorum
1494 1752 1540 1799 et
1557 1743 1836 1802 argumenta

941 1847 1143 1896 operum
1166 1827 1377 1892 Virgilii.

525 2021 582 2069 P.
609 2018 784 2080 Wzgilii
803 2015 1002 2062 Maronis
1023 2017 1130 2068 vita,
1156 2031 1183 2058 a
1218 2013 1360 2058 Phoca
1391 2007 1679 2056 Grammatico
1717 2002 1836 2050 urbis

621 2101 785 2154 Romae,
813 2096 1001 2153 vevfibus
1027 2095 1158 2141 edita.
1185 2095 1273 2141 vid.
1299 2092 1521 2152 Antholog.
1550 2088 1656 2134 Lat.
1681 2085 1737 2132 P·-

704 2181 950 2228 Burmanni
969 2179 1061 2226 Sec.
1087 2176 1141 2223 T.
1169 2176 1207 2234 I,
1235 2176 1334 2222 Lib.
1355 2174 1420 2231 II,
1437 2174 1524 2237 Ep.
1557 2172 1663 2219 186.

1010 2276 1035 2306 P
1055 2275 1085 2305 R
1102 2274 1149 2305 ,ΖΕ
1171 2275 1235 2303 FA
1255 2274 1284 2302 T
1302 2273 1317 2303 1
1336 2273 1383 2303 o.

810 2344 1065 2393 Vetustatis
1091 2340 1401 2389 memoranda
1424 2339 1593 2396 custos,

834 2435 1009 2499 Regios
1033 2434 1161 2480 actus
1183 2432 1322 2478 fimul
1348 2444 1393 2478 et
1411 2431 1603 2493 fugaces

661 2525 957 2585 Temporum
983 2516 1141 2564 cursus
1166 2515 1333 2561 docilis
1358 2513 1522 2571 refere,

1046 2597 1203 2643 Aurea
1230 2595 1355 2641 Clio.

663 2688 741 2735 Tu
764 2681 883 2732 nihil
907 2696 1137 2743 magnum
1163 2678 1271 2724 finis
1297 2675 1520 2730 interire;

659 2771 745 2819 Nil
767 2767 888 2815 mori
907 2767 1088 2813 clarum
1113 2763 1308 2827 pateri33
1345 2760 1581 2807 reservans

664 2850 865 2903 Posteris
889 2847 1033 2915 prisci
1056 2846 1352 2894 monimenta
1376 2841 1506 2889 saecli

1063 2927 1270 2977 Condita
1293 2924 1442 2972 libris.

1748 3006 1855 3056 Sola
