1821 3381
343 264 876 326 GEORGICON‚
933 268 1083 318 LIB.
1133 271 1220 319 IV.
1355 287 1449 339 547

136 393 442 459 EumenideS‚
464 402 710 466 tenuitque
731 403 913 450 inhians
938 404 1028 452 tria
1054 405 1283 455 Cerberus
1306 424 1402 467 ora,

1352 503 1449 562 484

135 607 193 640 bus
209 608 278 640 aliis
294 609 429 647 Heinfii,
451 609 593 641 Parrhas.
641 609 737 641 Poffit
753 609 865 651 aliquis
882 610 1047 642 Tibullum
1065 611 1195 645 laudare
1213 615 1238 653 1,
1260 625 1293 655 3,
1315 615 1368 658 69,
1392 616 1448 651 sed

135 657 179 688 ibi
207 659 329 690 diversa
356 661 438 691 ratio
464 660 516 691 est.
547 660 610 690 vid.
639 661 677 690 ad
705 671 733 691 e.
763 660 785 692 lv
828 663 963 703 implexae,
989 663 1074 703 quod
1091 664 1234 705 Nauger.
1257 666 1379 707 primus
1394 677 1449 698 ex-

134 709 252 751 preffit‚
277 721 389 742 verum
406 712 460 749 est,
484 719 516 742 et
543 710 649 742 firmat
673 723 745 754 pars
761 713 853 743 codd.
882 713 1008 750 melior,
1033 714 1129 745 ctiam
1147 716 1290 747 Arusian.
1310 718 1450 751 Meffius.

134 761 257 791 Eodem
288 761 401 793 alludit
435 764 574 804 amplexae
604 763 637 792 in
676 763 838 794 nonnullis
865 765 1030 802 Pierianis‚
1061 774 1198 806 quatuor
1226 769 1339 799 Heins.
1363 770 1449 811 Reg-

135 491 297 555 Atque
322 491 496 539 Ixionii
519 505 661 539 vento
681 504 782 539 rota
802 494 1011 563 constitit
1034 495 1174 543 orbis.

134 811 270 844 Mat-tin.
288 813 354 844 Erf.
375 822 406 845 et
423 814 505 845 Edd.
524 815 672 845 Norimb.
700 821 837 857 Argent.
864 816 960 848 Aldd.
981 827 1029 858 pr.
1054 817 1112 848 sec.
1139 827 1171 850 et
1196 820 1294 850 Goth.
1310 831 1357 861 pr.
1402 824 1448 852 in-

131 875 223 900 nexae,
245 865 330 904 quod
346 865 511 896 Romanus
528 865 635 902 habet,
658 874 689 896 et
716 866 832 908 fragm.
858 867 974 905 Vatic.,
996 867 1039 899 est
1063 868 1384 912 interpretamentum
1407 884 1447 906 ex

131 917 207 946 AEn.
226 917 282 953 VI,
299 916 374 948 281.
442 930 445 931 ⁷
465 916 541 957 483.
566 931 614 959 que
630 919 697 960 post
713 922 796 950 tenuit
813 919 896 950 abest
922 930 939 950 a
966 921 1137 952 nonnullis.
1155 933 1186 952 v.
1205 923 1329 961 Burm.,
1347 925 1447 957 ctiam

129 967 214 1008 apud
231 966 384 1005 pierium,
394 976 425 998 et
441 968 526 998 redte
543 977 630 1009 puto.
718 969 790 1008 484.
811 971 873 1002 Pro
889 978 967 1000 vent-o
984 971 1082 1002 Faber
1105 974 1197 1004 velox.
1242 975 1447 1010 Burmannus

130 1024 220 1055 cantu,
231 1019 309 1053 lente,
326 1017 378 1048 vel
389 1026 481 1060 campo
495 1019 692 1060 conjiciebat.
743 1021 831 1050 Canta
847 1020 976 1052 firmant
990 1022 1100 1062 utique
1113 1023 1204 1055 codd.
1222 1024 1342 1066 aliquot
1361 1027 1446 1068 apud

131 1067 293 1105 Pierium;
317 1075 348 1098 et
366 1075 494 1109 recepta
509 1068 552 1100 est
578 1080 614 1098 ea
631 1069 727 1099 lectio
745 1081 762 1100 a
785 1071 944 1108 Nini-tino,
967 1082 1026 1103 ncc
1053 1073 1122 1103 aliis
1145 1074 1246 1105 doctis
1272 1076 1350 1107 viris
1373 1088 1446 1111 eam

129 1119 304 1160 improbari
333 1119 409 1157 vidi,
459 1121 562 1150 Docet
597 1127 704 1151 tamen
728 1121 831 1152 sensu:
859 1123 985 1153 criticus
1017 1134 1055 1153 ex
1095 1125 1343 1167 interpolatione
1371 1139 1446 1163 eam.

129 1168 189 1201 effe
204 1169 395 1211 prol'ee'tam,
410 1168 435 1201 f.
452 1180 488 1200 ex
504 1180 535 1200 v.
553 1178 615 1209 471
635 1172 678 1201 At
689 1179 778 1201 cantu.
825 1173 932 1202 Ixionei
946 1173 1085 1205 scribunt
1095 1176 1188 1206 multi
1201 1177 1291 1209 codd.
1303 1185 1335 1210 et
1351 1180 1425 1212 edd.

126 1291 207 1319 tara
246 1282 484 1334 (splendidius
518 1283 603 1327 hoc,
642 1297 750 1334 quam

126 1334 226 1378 loca,
270 1334 505 1392 penetralia).

125 1439 252 1474 domum
269 1438 446 1487 appellare
459 1437 593 1488 potuit,
612 1449 651 1474 ut
666 1440 752 1475 alias

126 1488 219 1526 Orci
253 1489 369 1539 regia,
397 1487 582 1526 Furiarum
607 1489 750 1532 domus,

126 1539 241 1576 audit.
295 1539 416 1576 Aliter
442 1540 527 1576 AEn.
560 1540 632 1584 VI,
660 1553 750 1593 277,

125 1591 187 1628 ubi
208 1593 325 1628 Letum
343 1590 380 1627 in
400 1591 518 1641 primo
537 1591 627 1628 Orci
647 1593 749 1630 aditu

124 1643 295 1680 collocat.
351 1642 506 1692 Reliqua
531 1643 576 1679 de
595 1643 749 1681 Tartaro

124 1693 320 1743 utrobique
338 1693 568 1732 conveniunt.
603 1709 638 1731 ν.
675 1708 745 1746 555

122 1746 198 1796 sqq.
251 1748 300 1792 48
307 1759 340 1793 3.
357 1745 486 1782 inhians
500 1745 614 1796 simpl.
632 1747 746 1784 hians.

121 1800 211 1848 484.
230 1795 392 1833 Vexatus
406 1796 518 1834 locus.
574 1809 646 1834 rota
662 1799 748 1837 orbis

121 1849 169 1886 est
200 1857 260 1884 aut
290 1861 356 1898 pro
389 1848 490 1892 orbe,
517 1859 577 1885 aut
613 1850 746 1888 rotario

121 1900 220 1938 orbis
227 1899 262 1935 h.
273 1912 303 1936 e.
314 1908 401 1936 rotae
409 1899 647 1938 circumaecae.
665 1901 744 1950 Jam

120 1951 211 2002 quid
240 1951 310 1988 est:
339 1961 414 1988 rota
447 1954 581 2001 constitit
608 1957 742 1990 vento?

121 2006 264 2041 Ixiom'ae
288 2013 370 2039 rotae
398 2002 462 2039 alii
491 2007 608 2052 poetae
636 2004 744 2041 turbi-

118 2070 206 2096 nem,
252 2062 291 2090 ut
328 2054 459 2090 Seneca
499 2053 614 2091 Herc.
661 2053 740 2094 OEt.

124 2110 235 2154 1069,
250 2110 404 2149 vorlices,
417 2114 455 2141 ut
470 2105 602 2143 Statius
617 2106 740 2146 Theb.

117 2156 232 2200 VIII,
260 2169 320 2206 5¹0.
352 2168 415 2207 51,
441 2156 625 2202 tribuunt;
654 2175 743 2196 ven-

116 2221 186 2246 tum
203 2220 308 2244 nemo
325 2207 468 2252 tribuit,
497 2217 593 2245 utne
620 2225 740 2248 auram

115 2260 281 2311 quidem,
305 2272 386 2309 quae
408 2259 580 2296 rotationi
597 2262 739 2311 proprie

117 2313 276 2348 daretur.
330 2309 413 2347 Nec
441 2319 561 2348 tamen
593 2312 739 2358 dubito,

115 2363 140 2400 fi
158 2363 260 2413 plura
277 2369 434 2399 veterum
453 2360 618 2412 inprimis
635 2364 739 2400 Grae-

114 2427 244 2452 corum
278 2413 465 2462 poetarum
496 2413 576 2451 loca
608 2415 674 2452 hac
694 2416 739 2453 de

115 2477 152 2504 re
178 2464 401 2509 haberemus,
426 2478 461 2502 v.
491 2477 525 2501 c.
553 2464 738 2516 Euripidis

114 2515 280 2555 Ixionem
309 2519 407 2564 (nam
435 2525 471 2553 et
499 2516 530 2554 is
547 2530 629 2554 eum
650 2527 738 2555 rotae

113 2568 288 2610 affixerat,
316 2571 362 2618 τῷ
389 2572 505 2619 τξοχῷ
521 2574 736 2618 τξοσηλῶσσιι

113 2620 230 2657 fertur
265 2631 322 2669 ap.
366 2618 545 2658 Plutarch.
581 2621 627 2658 de
660 2621 732 2671 leg.

112 2672 210 2722 poet.
238 2682 318 2720 cap.
338 2683 364 2719 4
399 2670 517 2722 [Opp.
551 2671 734 2715 Tom.H,

115 2734 161 2773 19
179 2721 282 2772 E.]),
301 2720 456 2758 certiora
482 2735 545 2759 nos
560 2723 664 2773 hujus
684 2724 736 2762 rei

112 2781 322 2824 argumenta
397 2772 581 2811 habituros
653 2775 732 2812 effe.

111 2823 248 2862 Nonne
283 2837 419 2863 novum
458 2834 533 2863 erat
568 2835 604 2864 et
639 2825 732 2864 illud

818 1283 891 1322 Ge.
924 1285 997 1330 ΠΙ,

1027 1291 1072 1336 38
1102 1299 1198 1326 tortos
1225 1291 1355 1329 Ixionis
1379 1310 1446 1332 an-

570 1335 670 1372 Nam
706 1335 752 1373 de
811 1340 930 1388 gates?
972 1337 1120 1376 Potuere
1170 1341 1291 1392 itaque
1332 1344 1447 1384 etiam

127 1384 284 1423 Tartaro
312 1399 407 1423 nunc
436 1395 527 1437 ag1t,
555 1399 661 1436 quem
680 1388 757 1424 Leli

818 1388 916 1424 renti
947 1388 1076 1439 aliquae
1107 1402 1222 1442 partes
1250 1395 1316 1432 effe
1345 1409 1385 1433 ea
1403 1396 1446 1435 in.

821 1452 869 1475 re.
925 1438 999 1476 Etfi
1026 1442 1121 1479 enim
1153 1443 1262 1483 Iliad.
1299 1445 1337 1489 S,
1364 1450 1436 1496 481

824 1488 996 1528 Tartarus
1030 1493 1099 1530 fine
1133 1505 1239 1532 vento
1259 1493 1336 1534 'effe
1369 1512 1447 1536 me«—

823 1553 1006 1579 moratur:
1037 1544 1102 1581 ubi
1124 1546 1272 1586 Titanes
1302 1550 1359 1586 ἔτ’
1379 1556 1442 1589 αὗ-

822 1597 883 1643 «γῇς
922 1596 1075 1644 ὑπεξιόνος
1120 1599 1233 1636 ἦελκόιο
1284 1604 1449 1651 Τέξποντ)

821 1644 878 1681 ἔτ’
903 1648 1074 1693 disposta:
1102 1649 1223 1698 potuit
1246 1660 1365 1690 tamen
1390 1668 1446 1694 res

822 1695 951 1734 variari
995 1699 1041 1736 ab
1084 1699 1175 1737 aliis.
1228 1701 1284 1740 Ita
1326 1707 1446 1745 ventis

819 1761 891 1784 non
927 1761 1031 1787 vacat
1065 1752 1236 1790 Tartarus
1266 1769 1324 1805 ap.
1359 1756 1442 1794 Pla-

818 1808 891 1836 ton.
927 1799 1049 1840 Phaed.
1081 1816 1163 1853 pag.
1195 1807 1239 1853 83
1261 1807 1309 1843 C.
1337 1807 1441 1855 Erf„

815 1862 851 1888 et
877 1851 915 1887 in
942 1852 1020 1903 ipso
1050 1854 1213 1891 Hom-ero
1242 1857 1370 1908 Odyss'.
1401 1872 1444 1907 λ,

817 1915 904 1954 590.
938 1917 1025 1954 591,
1053 1905 1117 1942 ubi
1148 1906 1304 1946 Tantalo
1332 1925 1443 1961 poma

811 1962 979 2005 captante
995 1957 1064 1994 Τοὶς
1082 1958 1109 1994 δ’
1127 1958 1241 2004 ἄνεμος
1269 1963 1443 2010 ῥίπτασκε

813 2004 895 2043 ‘iro-rtx
929 2010 1020 2055 νέφεσι
1054 2011 1217 2048 σκιόεντα.
1272 2013 1319 2050 Et
1350 2015 1444 2056 hinc

812 2058 1036 2108 interpretari
1051 2059 1136 2098 licet
1153 2062 1328 2113 Propertii
1343 2066 1440 2107 illud

811 2110 884 2153 IV,
904 2124 916 2148 1
929 2124 941 2148 1
953 2139 963 2153 ,
977 2124 996 2147 2
1003 2126 1021 2159 3
1037 2122 1169 2150 taceant
1181 2114 1308 2153 Ixionis
1319 2118 1408 2155 orbes
1421 2132 1440 2157 .·

811 2175 900 2211 quos
926 2163 1199 2202 concitatissimo
1226 2179 1289 2216 per
1316 2173 1440 2210 aerem

812 2223 913 2251 motu
942 2214 1125 2264 strepitum
1154 2216 1272 2255 facere
1302 2224 1437 2262 neceffe

808 2275 896 2303 erat.
952 2265 1065 2302 Venti
1100 2266 1140 2303 in
1171 2268 1317 2318 Elysio:
1345 2272 1436 2316 AEn.

811 2315 886 2359 VI,
915 2330 990 2367 740
1017 2326 1052 2354 et
1083 2321 1154 2357 888
1187 2323 1275 2358 abb-is
1293 2329 1328 2359 in
1345 2339 1435 2362 cam.-

804 2373 872 2416 pis‚
888 2378 927 2405 ut
945 2368 984 2404 in
1004 2368 1110 2406 Pind.
1126 2369 1189 2408 Ol.
1211 2385 1231 2410 z
1251 2371 1291 2410 in
1308 2374 1439 2416 insulis

810 2418 1015 2456 fortunatis.
1096 2421 1132 2458 A
1185 2433 1291 2461 vento
1335 2437 1434 2467 certe

809 2470 925 2507 caussa
951 2484 1024 2508 non
1042 2473 1133 2508 male
1149 2475 1335 2526 repetitur,
1362 2478 1436 2518 five

810 2531 850 2557 ut
867 2521 913 2558 ab
931 2534 974 2559 eo
1002 2522 1207 2572 impellatur
1224 2537 1316 2571 rota,
1344 2542 1431 2569 cum

809 2571 1024 2611 circumrffia
1054 2574 1215 2613 Ixionem
1244 2579 1433 2630 alligatum

809 2632 916 2668 rotat,
945 2624 1012 2661 five
1030 2634 1068 2662 ut
1094 2638 1138 2662 eo
1171 2629 1319 2668 cessante
1350 2642 1432 2671 rota

808 2674 895 2711 stare
907 2675 1018 2726 possit.
1051 2676 1133 2714 Nec
1145 2678 1189 2714 ab
1205 2692 1244 2716 ea
1257 2680 1430 2722 sententia

807 2725 998 2764 abhorrere
1014 2725 1120 2765 video
1147 2729 1338 2780 Spencium
1359 2734 1428 2773 Po-

805 2777 930 2826 lymet.
966 2791 1050 2829 pag.
1088 2782 1175 2819 280.
1240 2782 1350 2821 Certe
1392 2793 1429 2825 in

803 2829 883 2869 abb-e
901 2839 977 2866 rota
1003 2831 1202 2884 circumagi
1225 2833 1366 2878 debuit,
1393 2846 1431 2878 et

856 2880 902 2919 M
916 2893 952 2918 m
970 2892 991 2919 2
1261 2887 1430 2939 proxime
