1821 3381
418 797 465 848 E
507 796 555 849 C
595 797 734 851 LO
774 797 915 850 GA
1030 798 1185 854 VIII.

351 956 1238 1011 PHARMACEUTRIA.

515 1129 1083 1157 Q

428 1257 1228 1334 ARGUMENTUM'

139 1376 398 1460 Direptum
427 1414 606 1466 pastorum
630 1416 804 1462 carmina,
823 1417 974 1456 alterum
992 1430 1037 1457 ex
1053 1418 1249 1462 Theocriti
1266 1424 1375 1477 Idyll.
1394 1428 1453 1466 III

135 1488 290 1527 alterum
313 1498 358 1523 ex
373 1484 482 1535 Idyll.
502 1483 540 1521 ΙΙ
566 1486 739 1536 expressa,
775 1486 971 1525 recitantur
988 1500 1009 1525 a
1037 1494 1161 1539 poeta,
1179 1502 1362 1546 tamquam
1389 1501 1453 1552 qui

135 1569 178 1597 ea
195 1554 398 1595 audieritV.
423 1567 532 1607 1—5.
556 1555 617 1595 62.
638 1556 702 1604 63.
755 1556 799 1593 In
819 1556 996 1596 Damonis
1014 1560 1173 1599 carmine
1204 1570 1347 1616 17—-61
1368 1584 1453 1621 gra-

135 1628 192 1667 vis
215 1627 322 1665 dolor
337 1635 375 1663 et
390 1625 569 1677 aegritudo
591 1625 744 1676 alicujus
765 1627 927 1678 pastoris,
954 1628 1016 1667 cui
1044 1628 1150 1676 Nisa,
1178 1645 1295 1673 amata
1318 1642 1452 1689 puella,

133 1697 308 1750 Mopsum
327 1697 472 1735 rivalem
489 1697 707 1748 praetulerat,
733 1697 903 1747 praeclare
918 1697 1112 1749 exponitur
1123 1715 1134 1744 3
1160 1701 1200 1738 in
1218 1704 1452 1756 Alphesiboei

132 1767 295 1807 carmine
323 1769 374 1815 64
400 1767 445 1804 ad
474 1767 536 1805 fin.
566 1766 696 1805 mulier
724 1767 913 1818 Daphnin,
940 1779 1120 1808 amantem
1141 1771 1257 1820 suum,
1284 1789 1305 1813 a
1323 1792 1396 1829 quo
1415 1782 1450 1819 se

133 1839 312 1878 desertam
338 1837 404 1875 effe
432 1835 596 1888 putabat,
635 1836 944 1875 incantationibus
974 1837 1128 1888 magicis
1155 1841 1201 1879 ad
1230 1843 1266 1880 se
1291 1858 1451 1892 revocat.

131 1907 292 1949 Putandi
314 1906 412 1945 enim
430 1905 470 1944 hi
487 1905 567 1943 sunt
594 1906 661 1943 effe
689 1904 785 1944 lusus
814 1906 997 1957 utriusque
1025 1909 1193 1959 pastoris3
1220 1914 1285 1964 qui
1311 1929 1450 1962 amores

129 1979 287 2018 aliorum
304 1984 602 2020 commemorant,
631 1989 704 2013 non
722 1975 814 2015 suos.
868 1975 1075 2029 Utrumque
1092 1992 1235 2020 carmen
1249 1997 1313 2035 per
1329 1987 1364 2025 se
1381 1991 1448 2032 fibi

128 2048 280 2092 constat,
306 2059 372 2085 nec
387 2045 534 2084 vinculo
551 2045 627 2084 ullo
640 2059 682 2084 ea
697 2055 877 2091 tenentur,
904 2047 970 2084 nifi
988 2047 1087 2097 quod
1105 2060 1125 2085 a
1139 2049 1234 2089 binis
1250 2056 1449 2104 pastoribus

128 2118 342 2161 recitantur,
368 2115 433 2166 qui
450 2114 544 2152 inter
570 2114 604 2151 se
621 2114 766 2151 certasse
784 2113 966 2160 videntur,
993 2115 1019 2153 fi
1045 2119 1192 2169 proprie
1221 2122 1318 2162 dixit
1336 2135 1447 2177 poeta

128 2201 166 2226 v.
185 2187 233 2226 62
252 2185 458 2236 responderit.
512 2183 642 2221 Artem
666 2191 702 2220 et
731 2182 895 2234 spiritum
925 2189 1045 2235 poe'tae
1061 2185 1099 2224 in
1115 2199 1242 2228 neutro
1260 2193 1450 2241 defideres.

123 2257 229 2296 Nam
251 2255 326 2308 ipsa
343 2254 600 2303 incantationis
625 2256 776 2308 magicae
792 2256 988 2310 descriptio
1006 2272 1080 2297 non
1098 2261 1292 2306 abhorrens
1309 2269 1355 2318 ab
1374 2272 1446 2312 hoc

125 2328 288 2380 po’etices
305 2339 434 2378 genere
460 2335 710 2377 argumentum
729 2327 846 2365 videri
863 2329 971 2368 debet
984 2345 996 2375 3
1033 2334 1126 2370 recle
1142 2334 1242 2373 enim
1259 2347 1295 2375 et
1312 2353 1357 2378 ex
1380 2355 1445 2380 na.

125 2407 209 2438 tura
225 2396 355 2441 nostra,
381 2395 676 2446 quandoquidem
705 2409 874 2449 agrorum
892 2408 929 2436 et
954 2400 1120 2439 filvarum
1143 2403 1338 2446 solitudine
1354 2412 1447 2452 mire

127 2465 225 2504 affici
243 2463 358 2502 animi
388 2463 496 2502 nostri
514 2474 549 2503 et
576 2465 622 2502 ad
650 2465 864 2517 religionem
893 2469 1064 2519 componi
1092 2470 1220 2519 solent,
1246 2477 1445 2527 pastoribus

127 2534 326 2587 proclivius
355 2534 477 2584 paullo
493 2543 529 2572 et
545 2534 694 2586 pronius
724 2536 763 2572 in
781 2535 1043 2587 superstitiones
1059 2550 1094 2577 et
1111 2543 1271 2594 magicas
1289 2548 1444 2591 rationes

124 2601 315 2654 ingenium
347 2601 533 2641 tribuitur.
585 2602 760 2654 Inscripta
792 2617 892 2649 vero,
919 2606 1018 2655 quod
1051 2607 1186 2657 primus
1218 2611 1379 2666 Scaliger
1394 2619 1444 2656 ad

125 2670 259 2709 Euseb.
273 2671 414 2710 Chron.
436 2685 536 2711 2020
551 2672 692 2717 docuit,
710 2674 758 2712 est
772 2673 910 2726 Ecloga
921 2675 1048 2714 Afinio
1068 2677 1224 2717 Pollioni
1242 2695 1277 2720 v.
1297 2687 1441 2737 6-13,

125 2738 191 2790 qui
225 2747 303 2777 tum
334 2738 372 2777 in
404 2739 593 2790 Illyricum
616 2743 814 2780 exercitum
842 2744 1013 2790 ducebat,
1048 2756 1084 2783 et
1106 2746 1182 2796 jam
1201 2748 1271 2786 five
1288 2753 1440 2801 pedestri

121 2806 250 2846 itinere
267 2808 405 2845 Istriam
425 2808 586 2846 emensus
601 2818 690 2855 erat,
718 2810 788 2847 five
812 2812 921 2849 maris
938 2811 1079 2863 Illyrici
1097 2828 1197 2853 oram
1214 2817 1370 2868 legebat,
1397 2830 1440 2861 ut

122 2876 171 2934 gd
191 2876 380 2933 Parthinos
394 2878 611 2930 perveniret,
636 2880 701 2933 qui
716 2881 835 2937 versus
853 2881 1116 2933 Macedonicos
1131 2885 1216 2937 fines
1236 2900 1311 2925 non
1329 2871 1440 2940 longe

1300 2969 1323 2995 a
1341 2956 1441 3009 Dyr.²
