1821 3381
336 302 427 364 308
499 296 552 343 P.
611 291 993 341 VIRGILII
1052 288 1458 337 MARONIS

333 432 544 493 Taygete
566 427 702 475 limul
728 444 779 473 os
804 426 938 472 terris
961 425 1163 471 ostendit
1187 424 1438 470 honestum

332 524 472 579 Plias,
506 534 551 568 et
576 519 755 566 Oceani
780 518 957 581 spretos
983 517 1102 579 pede
1127 516 1300 577 repulit
1324 514 1502 561 amnis:

333 614 435 661 Aut
458 611 622 659 eadem
646 609 769 656 fidus
794 608 978 671 fugiens
1001 607 1082 652 ubi
1109 605 1254 652 Piscis
1279 604 1437 668 aquosi

332 704 534 752 Tristior
556 702 775 748 hibernas
794 699 920 748 coelo
944 697 1186 745 deseendit
1208 697 1257 743 in
1278 697 1443 744 undas.
1555 709 1645 759 235

379 867 455 897 233.
480 856 562 887 Plias
576 854 685 886 lle-ins.
702 866 718 885 e
736 854 858 885 Medic.
877 860 908 884 et
921 852 976 890 al„
996 847 1038 883 ut‘
1049 850 1248 892 dissyllabum
1266 849 1313 886 fit,
1334 859 1372 880 ex
1387 847 1505 882 Πλειοίς.
1539 846 1651 888 Vulgo

335 910 444 946 Pleias,
466 909 552 949 quod
578 906 653 938 esset
685 905 808 940 Πλῆῖσές.

902 914 974 943 234.
1011 905 1099 944 Piscis
1125 905 1225 933 amoris
1256 900 1325 932 ΜΠ.
1356 900 1478 931 Barthii
1506 898 1538 929 in
1562 898 1653 929 Adv-

339 961 520 997 XXXVll,
543 958 562 989 6
579 969 651 989 cum
676 956 785 998 glossa,
807 967 876 998 quae
893 954 1033 986 fabulam
1049 953 1185 985 Veneris
1205 951 1358 994 Typhbei
1375 958 1461 982 metu
1480 951 1512 980 in
1536 949 1654 992 piscem

339 1019 472 1043 rnntatae
490 1009 638 1052 respicit3
661 1008 762 1049 inepti
777 1007 899 1038 librarii
915 1006 966 1037 scu
984 1005 1186 1048 grammatici
1203 1013 1348 1035 acumen.
1391 1003 1502 1044 aquosus
1519 1000 1575 1039 est,
1594 1001 1650 1043 qui

334 1074 444 1106 aquas,
464 1061 593 1098 imbres,
603 1059 752 1090 concitat.
768 1058 808 1089 cf.
826 1059 901 1089 Exc.
916 1057 956 1089 ad
972 1057 1004 1088 h.
1021 1057 1041 1088 1.
1059 1056 1114 1088 sub
1132 1054 1187 1087 fin.

337 1175 431 1223 (IX,
474 1188 533 1224 14,
576 1173 661 1220 11).
713 1171 775 1209 Bis
799 1170 965 1221 gra-vidos

335 1237 452 1278 cogunt
463 1231 575 1277 fetm,
594 1225 673 1262 scil.
692 1222 876 1273 agricolae,
907 1221 965 1258 seu

332 1278 503 1316 mellarii.
559 1283 827 1328 coguntautem,
865 1285 967 1309 com-

335 1331 475 1381 pellunt
503 1337 605 1366 extra
633 1326 726 1364 alvei
754 1324 967 1362 vestibulum

337 1382 397 1420 seu
415 1380 585 1431 abigunt,
611 1389 652 1415 ut
669 1377 709 1414 in
727 1375 824 1414 suam
850 1386 970 1412 tamen

339 1433 461 1472 sedem
480 1444 564 1468 mox
584 1430 752 1467 redeant:
782 1427 859 1464 vid.
892 1426 968 1461 Co-

1028 1179 1064 1207 et
1090 1183 1146 1219 15·
1202 1167 1253 1204 At
1274 1165 1408 1203 trinam
1437 1162 1552 1201 mellis
1582 1162 1663 1199 vin-

1029 1221 1185 1257 demiam
1220 1218 1341 1255 Varro
1377 1224 1552 1254 memorat
1589 1213 1663 1258 HI,

1035 1275 1094 1315 16,
1128 1285 1190 1320 34,
1222 1280 1257 1307 et
1293 1269 1475 1319 Didymus
1494 1267 1664 1316 Geopon⁰

1034 1323 1130 1367 XV,
1154 1336 1190 1373 5¹,
1215 1335 1247 1358 1.

1087 1386 1173 1421 232.
1203 1385 1289 1420 233.
1325 1370 1365 1407 h.
1396 1383 1429 1407 e.
1455 1369 1520 1406 sub
1546 1378 1666 1405 ortum
1705 1403 1707 1405 ,

1035 1424 1222 1461 Pleiadum
1246 1421 1410 1469 (Colum.
1444 1420 1519 1464 XI,
1550 1432 1588 1462 2,
1619 1421 1668 1467 36

336 1486 429 1524 lum.
448 1483 525 1527 IX,
548 1496 608 1532 15,
629 1482 673 1524 63
699 1477 865 1515 nonnulli
883 1477 973 1513 adeo
1038 1477 1173 1513 Decimo
1216 1473 1302 1510 Kal.
1344 1473 1463 1509 Esaias
1512 1471 1668 1521 VergIliae

337 1545 505 1585 enecant,
531 1542 572 1570 ut
599 1532 762 1569 favorum
790 1528 894 1579 copia
909 1526 975 1565 fibi
1038 1544 1110 1565 cum
1126 1525 1198 1575 sole
1226 1524 1534 1564 oriamur—Nonis
1556 1524 1668 1560 Maiis

344 1589 419 1626 fiat.
464 1590 560 1639 fetus
603 1592 721 1620 autem
771 1594 867 1617 nunc
911 1592 976 1630 pro
1041 1581 1079 1616 V
1076 1578 1206 1630 ergiliae
1239 1583 1432 1614 exoriuntur
1462 1574 1673 1613 mane—VI

339 1639 470 1691 apibus
495 1635 647 1675 omnino
676 1632 790 1678 dixit,
817 1641 858 1669 ut
872 1635 971 1675 fetus

338 1691 468 1730 adultos
500 1688 578 1739 sup.
613 1700 650 1723 v.
692 1687 778 1733 163,
817 1693 853 1721 et
874 1686 971 1734 setas

339 1753 442 1794 apum
473 1741 563 1791 saepe
606 1735 826 1775 Columella.
884 1749 971 1786 gra-

340 1796 453 1839 vidos,
480 1792 558 1830 scil.
589 1790 708 1832 melle,
730 1800 802 1837 quo
812 1787 889 1836 jam
907 1798 972 1821 ex-

341 1846 432 1897 pleti
459 1845 504 1883 ab
523 1842 649 1894 apibus
666 1849 703 1878 et
728 1837 873 1877 distenti
893 1836 973 1874 sunt

341 1898 435 1936 favi.
483 1895 655 1948 gravidus
684 1903 750 1941 pro
783 1889 972 1930 fecundus,

342 1951 484 2000 plenus,
509 1945 646 1997 gravis,
680 1941 815 1980 centies
841 1945 972 1991 poetae.

343 2001 422 2045 Sic,
457 2008 562 2051 puto,
589 1996 643 2033 nil
664 1992 888 2032 difficultatis
919 2004 974 2029 re-

342 2051 536 2102 linquitur.
584 2048 750 2100 gravidos
774 2047 905 2082 Cereris
912 2048 974 2094 fe-

344 2116 397 2144 tus
425 2104 471 2140 de
497 2102 679 2139 frumento
708 2110 750 2135 ac
776 2109 867 2148 pane
892 2095 973 2134 Cir.

346 2169 439 2205 230,
469 2163 510 2192 ut
540 2151 629 2190 alibi
647 2151 818 2204 gravidas
844 2154 976 2191 armas,

338 2207 508 2260 gra-vidos
540 2204 669 2243 culmos.
727 2199 831 2252 Qid
849 2198 888 2235 in
918 2199 974 2236 his

346 2259 428 2296 usui
457 2254 630 2307 loquendi
681 2260 869 2302 repugnet,
919 2250 974 2287 vi-

344 2311 456 2348 deant
473 2307 652 2345 dofflores
669 2315 704 2342 et
721 2303 918 2354 aequiore53
939 2310 975 2338 at

345 2362 421 2413 ipse
438 2360 600 2398 lubenter
623 2356 803 2393 edocebor
818 2356 909 2404 usum
928 2353 972 2390 lo-

344 2414 466 2466 quendi
480 2411 519 2449 in
546 2411 632 2454 hoc,
648 2417 688 2445 ut
703 2411 800 2459 fetus
832 2405 976 2443 dicatur

345 2479 412 2516 pro
432 2462 548 2502 mellis
577 2469 781 2512 proventu3
827 2466 863 2495 et
879 2461 978 2508 fetus

340 2518 496 2570 gravidi
512 2514 578 2551 sint
596 2512 717 2562 fruges
733 2511 870 2561 plenae3
917 2517 978 2545 aut

333 2574 465 2621 som-ere
479 2583 524 2610 os,
539 2576 704 2616 purgare.
752 2561 884 2598 Edieco
903 2561 978 2597 haec

347 2619 456 2658 ethis
473 2616 603 2656 fimilia
621 2613 767 2652 decerni
792 2626 865 2649 non
897 2611 978 2663 pos-

347 2672 441 2710 funt.
495 2672 556 2707 duo
572 2677 716 2716 tempora
743 2664 856 2712 mffs,
892 2664 979 2700 mel-

348 2722 508 2761 lationis.
563 2719 621 2755 De
652 2718 707 2755 his
736 2714 888 2754 videndi
925 2715 981 2752 A-

349 2774 463 2813 ristot.
498 2772 596 2810 Hist.
635 2769 764 2807 Anim.
794 2767 872 2810 IX,
915 2780 981 2817 40.

347 2826 499 2864 Colum.
518 2823 594 2866 IX,
613 2835 673 2869 14,
692 2835 726 2874 5.
749 2834 807 2859 11.
822 2818 898 2862 IX,
922 2832 934 2856 1
948 2833 981 2869 ς.

351 2877 425 2926 XI,
444 2892 483 2923 z,
505 2889 568 2930 50.
602 2888 665 2928 57.
704 2872 801 2915 Plin.
836 2870 981 2917 X1,16

1043 1632 1123 1668 Idus
1143 1631 1179 1667 V
1175 1628 1301 1680 irgiliae
1319 1638 1396 1664 totae
1411 1637 1586 1676 apparent.
1621 1623 1671 1661 cf.

1046 1682 1140 1719 Piin.
1174 1679 1328 1723 XVIII,
1359 1678 1422 1722 26,
1450 1678 1477 1716 s.
1512 1677 1576 1720 66,
1612 1678 1669 1725 1).

1034 1733 1182 1785 stmulac
1229 1731 1360 1774 Pleias,
1393 1729 1451 1767 seu
1497 1728 1594 1767 Plias
1625 1740 1672 1765 ex

1047 1786 1186 1828 Πλειὰς,
1232 1784 1379 1834 Taygete
1423 1782 1483 1830 (est
1527 1793 1567 1817 ea
1602 1792 1674 1817 una

1047 1837 1248 1880 Pleiadum,
1284 1847 1363 1885 quae
1380 1834 1418 1871 h.
1454 1833 1479 1870 1.
1500 1845 1569 1869 una
1589 1845 1674 1868 cum

1047 1889 1124 1940 ipsa
1151 1886 1394 1937 intelligendae
1411 1884 1524 1931 sunt),
1542 1884 1672 1935 ostendit

1047 1958 1078 1979 os
1113 1940 1287 1991 honestum,
1339 1937 1546 1988 pulchrum,
1584 1945 1674 1972 tam-

1048 2006 1154 2042 quam
1194 1990 1385 2040 Nympha,
1419 1994 1530 2029 terris,
1560 1987 1597 2024 h.
1636 1985 1674 2023 in

1048 2044 1280 2094 conspefium
1327 2039 1440 2084 venit,
1496 2048 1575 2075 orta
1614 2038 1676 2075 est.

1050 2095 1148 2133 conf.
1169 2094 1255 2131 AEn.
1289 2091 1402 2135 Vm,
1425 2103 1512 2142 590.
1551 2101 1619 2141 591
1639 2098 1677 2125 et

1050 2147 1153 2183 alibi.
1221 2157 1253 2183 et
1284 2144 1403 2195 repulit
1433 2143 1529 2192 pede,
1576 2140 1676 2190 quod

1049 2198 1202 2242 faciunt,
1235 2196 1297 2246 qui
1328 2195 1366 2232 in
1394 2194 1506 2230 altum
1534 2193 1678 2229 enitun-

1049 2260 1121 2294 tur,
1155 2250 1294 2286 elevant
1313 2246 1346 2283 se
1380 2244 1444 2294 (cf.
1479 2244 1593 2282 Ovid.
1619 2242 1679 2279 IV

1049 2304 1148 2340 Met.
1165 2314 1252 2351 710.
1274 2297 1546 2335 StatiusAchill.
1565 2296 1598 2338 I,
1618 2307 1668 2344 99

1049 2354 1209 2404 liquidum
1238 2363 1289 2388 ter
1307 2349 1463 2402 greffibus
1481 2363 1592 2399 (equor
1612 2348 1681 2383 Re-

1048 2405 1174 2456 pulit),
1187 2419 1298 2441 amnes
1315 2404 1442 2439 Oceani
1459 2398 1682 2449 (Homerico

1050 2456 1247 2498 vocabulo,
1290 2463 1330 2491 ut
1360 2451 1487 2501 Odyff.
1516 2461 1552 2494 λ,
1589 2451 1679 2498 638,

1053 2508 1169 2545 ambit
1229 2505 1327 2544 enim
1389 2513 1520 2541 terram
1568 2501 1682 2539 amnis

1054 2562 1185 2607 more),
1205 2557 1291 2608 quia
1306 2556 1417 2593 fidem
1429 2553 1586 2592 cosmiee
1606 2552 1680 2590 ori-

1053 2611 1152 2648 entia
1181 2624 1223 2647 ex
1256 2621 1391 2646 oceano
1419 2606 1594 2657 assurgere
1624 2604 1681 2640 vi-

1055 2663 1132 2700 deri
1161 2661 1317 2713 possunt,
1364 2669 1403 2695 ut
1436 2658 1510 2702 sol;
1539 2660 1683 2708 spretos,

1055 2723 1183 2751 ornatu
1200 2712 1347 2763 poetico
1364 2710 1555 2759 adjestum,
1584 2707 1685 2758 quod

1056 2765 1224 2803 convenit
1243 2761 1405 2812 alioquin
1423 2761 1480 2804 iis,
1499 2773 1577 2810 quae
1595 2759 1685 2809 pede

1056 2817 1271 2869 repellimus.
1302 2815 1360 2852 De
1373 2813 1411 2851 h.
1425 2813 1451 2849 1.
1468 2812 1516 2849 cf.
1533 2810 1622 2848 Exc.
1634 2810 1667 2847 Ι.

1111 2881 1198 2920 234,
1229 2879 1334 2919 235..
1353 2864 1402 2905 Et
1419 2863 1482 2903 sub
1501 2862 1685 2903 occasum,

1619 2912 1686 2965 qui
