<?xml version="1.0" encoding="UTF-8"?>
<!DOCTYPE html PUBLIC "-//W3C//DTD XHTML 1.0 Transitional//EN"
    "http://www.w3.org/TR/xhtml1/DTD/xhtml1-transitional.dtd">
<html xmlns="http://www.w3.org/1999/xhtml" xml:lang="en" lang="en">
 <head>
  <title>
</title>
<meta http-equiv="Content-Type" content="text/html;charset=utf-8" />
  <meta name='ocr-system' content='tesseract 3.04.00' />
  <meta name='ocr-capabilities' content='ocr_page ocr_carea ocr_par ocr_line ocrx_word'/>
</head>
<body>
  <div class='ocr_page' id='page_1' title='image "./operavarietatele01virguoft/operavarietatele01virguoft_0044.png"; bbox 0 0 1987 3361; ppageno 0'>
   <div class='ocr_carea' id='block_1_1' title="bbox 438 306 1365 365">
    <p class='ocr_par' dir='ltr' id='par_1_1' title="bbox 438 306 1365 365">
     <span class='ocr_line' id='line_1_1' title="bbox 438 306 1365 365; baseline -0.005 -1"><span class='ocrx_word' id='word_1_1' title='bbox 438 327 562 365; x_wconf 68' lang='lat' dir='ltr'>xxx</span> <span class='ocrx_word' id='word_1_2' title='bbox 810 306 1365 360; x_wconf 81' lang='lat' dir='ltr'>PRAEFATIO</span> 
     </span>
    </p>
   </div>
   <div class='ocr_carea' id='block_1_2' title="bbox 430 452 1740 606">
    <p class='ocr_par' dir='ltr' id='par_1_2' title="bbox 430 452 1740 606">
     <span class='ocr_line' id='line_1_2' title="bbox 430 452 1740 524; baseline 0.001 -18"><span class='ocrx_word' id='word_1_3' title='bbox 430 454 523 507; x_wconf 76' lang='lat' dir='ltr'>nisi</span> <span class='ocrx_word' id='word_1_4' title='bbox 554 455 908 506; x_wconf 77' lang='lat' dir='ltr'>enuntiatione</span> <span class='ocrx_word' id='word_1_5' title='bbox 936 455 986 505; x_wconf 87' lang='lat' dir='ltr'>in</span> <span class='ocrx_word' id='word_1_6' title='bbox 1017 466 1184 524; x_wconf 81' lang='lat' dir='ltr'>partes</span> <span class='ocrx_word' id='word_1_7' title='bbox 1215 453 1325 505; x_wconf 83' lang='lat' dir='ltr'>suas</span> <span class='ocrx_word' id='word_1_8' title='bbox 1352 454 1446 505; x_wconf 87' lang='lat' dir='ltr'>rite</span> <span class='ocrx_word' id='word_1_9' title='bbox 1485 452 1696 508; x_wconf 81' lang='lat' dir='ltr'>resoluta</span> <span class='ocrx_word' id='word_1_10' title='bbox 1724 477 1740 516; x_wconf 75' lang='grc' dir='ltr'><strong><em>ς</em></strong></span> 
     </span>
     <span class='ocr_line' id='line_1_3' title="bbox 430 545 1740 606; baseline -0.001 -8"><span class='ocrx_word' id='word_1_11' title='bbox 430 545 465 598; x_wconf 89' lang='lat' dir='ltr'>fi</span> <span class='ocrx_word' id='word_1_12' title='bbox 493 565 598 597; x_wconf 90' lang='lat' dir='ltr'>non</span> <span class='ocrx_word' id='word_1_13' title='bbox 625 547 841 606; x_wconf 81' lang='lat' dir='ltr'>calamo,</span> <span class='ocrx_word' id='word_1_14' title='bbox 877 545 1054 596; x_wconf 84' lang='lat' dir='ltr'>saltem</span> <span class='ocrx_word' id='word_1_15' title='bbox 1084 559 1255 596; x_wconf 87' lang='lat' dir='ltr'>mente</span> <span class='ocrx_word' id='word_1_16' title='bbox 1295 557 1343 595; x_wconf 90' lang='lat' dir='ltr'>et</span> <span class='ocrx_word' id='word_1_17' title='bbox 1381 545 1575 596; x_wconf 86' lang='lat' dir='ltr'>animo.</span> <span class='ocrx_word' id='word_1_18' title='bbox 1652 546 1740 597; x_wconf 90' lang='lat' dir='ltr'>Ad</span> 
     </span>
    </p>
   </div>
   <div class='ocr_carea' id='block_1_3' title="bbox 426 635 1741 797">
    <p class='ocr_par' dir='ltr' id='par_1_3' title="bbox 426 635 1741 797">
     <span class='ocr_line' id='line_1_4' title="bbox 428 635 1741 707; baseline 0.001 -20"><span class='ocrx_word' id='word_1_19' title='bbox 428 637 906 707; x_wconf 52' lang='lat' dir='ltr'>interpunctionem</span> <span class='ocrx_word' id='word_1_20' title='bbox 935 637 1107 706; x_wconf 83' lang='lat' dir='ltr'>itaque</span> <span class='ocrx_word' id='word_1_21' title='bbox 1129 638 1360 706; x_wconf 83' lang='lat' dir='ltr'>primurn</span> <span class='ocrx_word' id='word_1_22' title='bbox 1388 635 1439 687; x_wconf 91' lang='lat' dir='ltr'>in</span> <span class='ocrx_word' id='word_1_23' title='bbox 1463 636 1617 686; x_wconf 84' lang='lat' dir='ltr'>altera</span> <span class='ocrx_word' id='word_1_24' title='bbox 1637 637 1741 688; x_wconf 87' lang='lat' dir='ltr'>mi-</span> 
     </span>
     <span class='ocr_line' id='line_1_5' title="bbox 426 725 1738 797; baseline 0.002 -19"><span class='ocrx_word' id='word_1_25' title='bbox 426 746 548 779; x_wconf 87' lang='lat' dir='ltr'>nore</span> <span class='ocrx_word' id='word_1_26' title='bbox 601 727 824 778; x_wconf 84' lang='lat' dir='ltr'>editione</span> <span class='ocrx_word' id='word_1_27' title='bbox 876 728 1128 797; x_wconf 80' lang='lat' dir='ltr'>majorem</span> <span class='ocrx_word' id='word_1_28' title='bbox 1186 744 1361 778; x_wconf 85' lang='lat' dir='ltr'>curam</span> <span class='ocrx_word' id='word_1_29' title='bbox 1400 725 1738 781; x_wconf 84' lang='lat' dir='ltr'>adhibueram</span> 
     </span>
    </p>
   </div>
   <div class='ocr_carea' id='block_1_4' title="bbox 428 817 1807 891">
    <p class='ocr_par' dir='ltr' id='par_1_4' title="bbox 428 817 1807 891">
     <span class='ocr_line' id='line_1_6' title="bbox 428 817 1807 891; baseline 0.001 -21"><span class='ocrx_word' id='word_1_30' title='bbox 428 833 540 871; x_wconf 88' lang='lat' dir='ltr'>tum</span> <span class='ocrx_word' id='word_1_31' title='bbox 567 820 733 870; x_wconf 84' lang='lat' dir='ltr'>multo</span> <span class='ocrx_word' id='word_1_32' title='bbox 769 819 932 891; x_wconf 80' lang='lat' dir='ltr'>magis</span> <span class='ocrx_word' id='word_1_33' title='bbox 972 819 1025 870; x_wconf 89' lang='lat' dir='ltr'>in</span> <span class='ocrx_word' id='word_1_34' title='bbox 1055 817 1147 870; x_wconf 84' lang='lat' dir='ltr'>hac</span> <span class='ocrx_word' id='word_1_35' title='bbox 1187 819 1332 869; x_wconf 85' lang='lat' dir='ltr'>tertia</span> <span class='ocrx_word' id='word_1_36' title='bbox 1369 817 1607 871; x_wconf 88' lang='lat' dir='ltr'>adhibere</span> <span class='ocrx_word' id='word_1_37' title='bbox 1633 819 1739 873; x_wconf 84' lang='lat' dir='ltr'>stu·</span> <span class='ocrx_word' id='word_1_38' title='bbox 1801 861 1807 865; x_wconf 85' lang='lat'>.</span> 
     </span>
    </p>
   </div>
   <div class='ocr_carea' id='block_1_5' title="bbox 354 909 1737 2900">
    <p class='ocr_par' dir='ltr' id='par_1_5' title="bbox 424 909 534 960">
     <span class='ocr_line' id='line_1_7' title="bbox 424 909 534 960; baseline 0 0"><span class='ocrx_word' id='word_1_39' title='bbox 424 909 534 960; x_wconf 90' lang='lat' dir='ltr'>dui.</span> 
     </span>
    </p>

    <p class='ocr_par' dir='ltr' id='par_1_6' title="bbox 354 1000 1737 2900">
     <span class='ocr_line' id='line_1_8' title="bbox 499 1000 1737 1072; baseline 0.004 -22"><span class='ocrx_word' id='word_1_40' title='bbox 499 1000 560 1050; x_wconf 94' lang='lat' dir='ltr'>In</span> <span class='ocrx_word' id='word_1_41' title='bbox 598 1000 822 1051; x_wconf 65' lang='lat' dir='ltr'>leetione</span> <span class='ocrx_word' id='word_1_42' title='bbox 862 1000 1108 1052; x_wconf 83' lang='lat' dir='ltr'>mutanda</span> <span class='ocrx_word' id='word_1_43' title='bbox 1146 1000 1323 1072; x_wconf 83' lang='lat' dir='ltr'>paullo</span> <span class='ocrx_word' id='word_1_44' title='bbox 1349 1001 1468 1072; x_wconf 88' lang='lat' dir='ltr'>plus</span> <span class='ocrx_word' id='word_1_45' title='bbox 1496 1000 1629 1054; x_wconf 87' lang='lat' dir='ltr'>mihi</span> <span class='ocrx_word' id='word_1_46' title='bbox 1654 1003 1737 1055; x_wconf 82' lang='lat' dir='ltr'>in-</span> 
     </span>
     <span class='ocr_line' id='line_1_9' title="bbox 424 1089 1735 1162; baseline 0.004 -21"><span class='ocrx_word' id='word_1_47' title='bbox 424 1089 572 1150; x_wconf 85' lang='lat' dir='ltr'>dulfi,</span> <span class='ocrx_word' id='word_1_48' title='bbox 596 1109 755 1162; x_wconf 81' lang='lat' dir='ltr'>quam</span> <span class='ocrx_word' id='word_1_49' title='bbox 775 1091 826 1141; x_wconf 90' lang='lat' dir='ltr'>in</span> <span class='ocrx_word' id='word_1_50' title='bbox 848 1091 1105 1162; x_wconf 84' lang='lat' dir='ltr'>prioribus</span> <span class='ocrx_word' id='word_1_51' title='bbox 1125 1117 1140 1151; x_wconf 66' lang='grc' dir='ltr'><strong><em>ς</em></strong></span> <span class='ocrx_word' id='word_1_52' title='bbox 1171 1090 1375 1143; x_wconf 87' lang='lat' dir='ltr'>frenum</span> <span class='ocrx_word' id='word_1_53' title='bbox 1394 1105 1565 1145; x_wconf 84' lang='lat' dir='ltr'>tamen</span> <span class='ocrx_word' id='word_1_54' title='bbox 1587 1112 1633 1145; x_wconf 91' lang='lat' dir='ltr'>et</span> <span class='ocrx_word' id='word_1_55' title='bbox 1649 1093 1735 1148; x_wconf 85' lang='lat' dir='ltr'>hic</span> 
     </span>
     <span class='ocr_line' id='line_1_10' title="bbox 421 1180 1735 1253; baseline 0.007 -22"><span class='ocrx_word' id='word_1_56' title='bbox 421 1180 574 1252; x_wconf 87' lang='lat' dir='ltr'>injeci</span> <span class='ocrx_word' id='word_1_57' title='bbox 599 1181 818 1251; x_wconf 85' lang='lat' dir='ltr'>impetui</span> <span class='ocrx_word' id='word_1_58' title='bbox 852 1181 1134 1234; x_wconf 87' lang='lat' dir='ltr'>rationibus</span> <span class='ocrx_word' id='word_1_59' title='bbox 1160 1183 1309 1234; x_wconf 87' lang='lat' dir='ltr'>certis</span> <span class='ocrx_word' id='word_1_60' title='bbox 1336 1183 1473 1253; x_wconf 86' lang='lat' dir='ltr'>apud</span> <span class='ocrx_word' id='word_1_61' title='bbox 1499 1184 1735 1240; x_wconf 74' lang='lat' dir='ltr'>animUm</span> 
     </span>
     <span class='ocr_line' id='line_1_11' title="bbox 421 1270 1735 1346; baseline 0.005 -23"><span class='ocrx_word' id='word_1_62' title='bbox 421 1270 714 1343; x_wconf 82' lang='lat' dir='ltr'>propofitis.</span> <span class='ocrx_word' id='word_1_63' title='bbox 775 1271 986 1323; x_wconf 83' lang='lat' dir='ltr'>Poffunt</span> <span class='ocrx_word' id='word_1_64' title='bbox 1009 1273 1277 1324; x_wconf 87' lang='lat' dir='ltr'>innumera</span> <span class='ocrx_word' id='word_1_65' title='bbox 1302 1291 1421 1325; x_wconf 90' lang='lat' dir='ltr'>cum</span> <span class='ocrx_word' id='word_1_66' title='bbox 1450 1274 1612 1346; x_wconf 88' lang='lat' dir='ltr'>specie</span> <span class='ocrx_word' id='word_1_67' title='bbox 1638 1279 1735 1331; x_wconf 85' lang='lat' dir='ltr'>ali-</span> 
     </span>
     <span class='ocr_line' id='line_1_12' title="bbox 422 1364 1729 1438; baseline 0.008 -24"><span class='ocrx_word' id='word_1_68' title='bbox 422 1382 525 1434; x_wconf 85' lang='lat' dir='ltr'>qua</span> <span class='ocrx_word' id='word_1_69' title='bbox 552 1364 759 1423; x_wconf 79' lang='lat' dir='ltr'>mutari,</span> <span class='ocrx_word' id='word_1_70' title='bbox 802 1383 959 1434; x_wconf 82' lang='lat' dir='ltr'>pauca</span> <span class='ocrx_word' id='word_1_71' title='bbox 991 1384 1111 1415; x_wconf 86' lang='lat' dir='ltr'>cum</span> <span class='ocrx_word' id='word_1_72' title='bbox 1138 1366 1351 1425; x_wconf 86' lang='lat' dir='ltr'>ratione,</span> <span class='ocrx_word' id='word_1_73' title='bbox 1393 1387 1511 1438; x_wconf 89' lang='lat' dir='ltr'>quae</span> <span class='ocrx_word' id='word_1_74' title='bbox 1538 1371 1729 1435; x_wconf 84' lang='lat' dir='ltr'>vincat,</span> 
     </span>
     <span class='ocr_line' id='line_1_13' title="bbox 420 1452 1730 1533; baseline 0.002 -29"><span class='ocrx_word' id='word_1_75' title='bbox 420 1455 490 1505; x_wconf 82' lang='lat' dir='ltr'>ita</span> <span class='ocrx_word' id='word_1_76' title='bbox 515 1452 761 1524; x_wconf 82' lang='lat' dir='ltr'>scriptum</span> <span class='ocrx_word' id='word_1_77' title='bbox 791 1453 966 1506; x_wconf 77' lang='lat' dir='ltr'>fuiffe:</span> <span class='ocrx_word' id='word_1_78' title='bbox 1010 1475 1102 1507; x_wconf 90' lang='lat' dir='ltr'>nec</span> <span class='ocrx_word' id='word_1_79' title='bbox 1132 1469 1326 1518; x_wconf 85' lang='lat' dir='ltr'>tamen,</span> <span class='ocrx_word' id='word_1_80' title='bbox 1370 1456 1406 1508; x_wconf 88' lang='lat' dir='ltr'>fi</span> <span class='ocrx_word' id='word_1_81' title='bbox 1444 1477 1556 1511; x_wconf 89' lang='lat' dir='ltr'>acre</span> <span class='ocrx_word' id='word_1_82' title='bbox 1585 1462 1730 1533; x_wconf 77' lang='lat' dir='ltr'>judi..</span> 
     </span>
     <span class='ocr_line' id='line_1_14' title="bbox 419 1543 1734 1622; baseline 0.011 -29"><span class='ocrx_word' id='word_1_83' title='bbox 419 1544 560 1594; x_wconf 88' lang='lat' dir='ltr'>cium</span> <span class='ocrx_word' id='word_1_84' title='bbox 599 1543 858 1602; x_wconf 77' lang='lat' dir='ltr'>adhibeas,</span> <span class='ocrx_word' id='word_1_85' title='bbox 898 1546 996 1596; x_wconf 79' lang='lat' dir='ltr'>alia</span> <span class='ocrx_word' id='word_1_86' title='bbox 1024 1547 1078 1596; x_wconf 90' lang='lat' dir='ltr'>in</span> <span class='ocrx_word' id='word_1_87' title='bbox 1105 1559 1408 1599; x_wconf 85' lang='lat' dir='ltr'>contextum</span> <span class='ocrx_word' id='word_1_88' title='bbox 1435 1551 1734 1622; x_wconf 79' lang='lat' dir='ltr'>recipienda</span> 
     </span>
     <span class='ocr_line' id='line_1_15' title="bbox 418 1634 1731 1715; baseline 0.011 -29"><span class='ocrx_word' id='word_1_89' title='bbox 418 1634 512 1687; x_wconf 82' lang='lat' dir='ltr'>effe</span> <span class='ocrx_word' id='word_1_90' title='bbox 530 1634 808 1705; x_wconf 78' lang='lat' dir='ltr'>judicabis,</span> <span class='ocrx_word' id='word_1_91' title='bbox 885 1637 1118 1689; x_wconf 83' lang='lat' dir='ltr'>Plurima</span> <span class='ocrx_word' id='word_1_92' title='bbox 1141 1638 1195 1689; x_wconf 88' lang='lat' dir='ltr'>in</span> <span class='ocrx_word' id='word_1_93' title='bbox 1222 1636 1303 1690; x_wconf 86' lang='lat' dir='ltr'>his</span> <span class='ocrx_word' id='word_1_94' title='bbox 1334 1638 1468 1700; x_wconf 85' lang='lat' dir='ltr'>sunt,</span> <span class='ocrx_word' id='word_1_95' title='bbox 1510 1663 1627 1715; x_wconf 90' lang='lat' dir='ltr'>quae</span> <span class='ocrx_word' id='word_1_96' title='bbox 1665 1647 1731 1700; x_wconf 84' lang='lat' dir='ltr'>ad</span> 
     </span>
     <span class='ocr_line' id='line_1_16' title="bbox 416 1725 1729 1805; baseline 0.008 -26"><span class='ocrx_word' id='word_1_97' title='bbox 416 1727 614 1798; x_wconf 82' lang='lat' dir='ltr'>ingenii</span> <span class='ocrx_word' id='word_1_98' title='bbox 638 1725 811 1778; x_wconf 80' lang='lat' dir='ltr'>iusum</span> <span class='ocrx_word' id='word_1_99' title='bbox 836 1746 1072 1779; x_wconf 86' lang='lat' dir='ltr'>revocare</span> <span class='ocrx_word' id='word_1_100' title='bbox 1099 1727 1235 1779; x_wconf 85' lang='lat' dir='ltr'>soleo</span> <span class='ocrx_word' id='word_1_101' title='bbox 1253 1753 1270 1789; x_wconf 73' lang='grc' dir='ltr'><strong><em>ς</em></strong></span> <span class='ocrx_word' id='word_1_102' title='bbox 1310 1729 1363 1780; x_wconf 89' lang='lat' dir='ltr'>in</span> <span class='ocrx_word' id='word_1_103' title='bbox 1389 1731 1646 1805; x_wconf 85' lang='lat' dir='ltr'>plerisque</span> <span class='ocrx_word' id='word_1_104' title='bbox 1663 1756 1729 1789; x_wconf 90' lang='lat' dir='ltr'>ne</span> 
     </span>
     <span class='ocr_line' id='line_1_17' title="bbox 416 1817 1728 1889; baseline 0.011 -23"><span class='ocrx_word' id='word_1_105' title='bbox 416 1817 633 1889; x_wconf 80' lang='lat' dir='ltr'>quidem</span> <span class='ocrx_word' id='word_1_106' title='bbox 672 1817 998 1888; x_wconf 82' lang='lat' dir='ltr'>ingeniosum</span> <span class='ocrx_word' id='word_1_107' title='bbox 1044 1818 1182 1872; x_wconf 87' lang='lat' dir='ltr'>satis.</span> <span class='ocrx_word' id='word_1_108' title='bbox 1261 1820 1422 1880; x_wconf 90' lang='lat' dir='ltr'>Nam,</span> <span class='ocrx_word' id='word_1_109' title='bbox 1467 1841 1588 1877; x_wconf 88' lang='lat' dir='ltr'>cum</span> <span class='ocrx_word' id='word_1_110' title='bbox 1632 1827 1728 1882; x_wconf 87' lang='lat' dir='ltr'>fint</span> 
     </span>
     <span class='ocr_line' id='line_1_18' title="bbox 415 1910 1728 1989; baseline 0.002 -27"><span class='ocrx_word' id='word_1_111' title='bbox 415 1911 706 1970; x_wconf 83' lang='lat' dir='ltr'>innumera,</span> <span class='ocrx_word' id='word_1_112' title='bbox 735 1910 973 1981; x_wconf 84' lang='lat' dir='ltr'>inprimis</span> <span class='ocrx_word' id='word_1_113' title='bbox 1003 1911 1054 1962; x_wconf 91' lang='lat' dir='ltr'>in</span> <span class='ocrx_word' id='word_1_114' title='bbox 1083 1912 1271 1982; x_wconf 82' lang='lat' dir='ltr'>po’e&#39;tis,</span> <span class='ocrx_word' id='word_1_115' title='bbox 1311 1913 1363 1964; x_wconf 90' lang='lat' dir='ltr'>in</span> <span class='ocrx_word' id='word_1_116' title='bbox 1393 1914 1583 1986; x_wconf 89' lang='lat' dir='ltr'>quibus</span> <span class='ocrx_word' id='word_1_117' title='bbox 1609 1937 1728 1989; x_wconf 88' lang='lat' dir='ltr'>per-</span> 
     </span>
     <span class='ocr_line' id='line_1_19' title="bbox 415 1999 1728 2073; baseline 0.008 -21"><span class='ocrx_word' id='word_1_118' title='bbox 415 2014 570 2073; x_wconf 83' lang='lat' dir='ltr'>petua</span> <span class='ocrx_word' id='word_1_119' title='bbox 612 1999 708 2052; x_wconf 85' lang='lat' dir='ltr'>esse</span> <span class='ocrx_word' id='word_1_120' title='bbox 749 1999 875 2052; x_wconf 84' lang='lat' dir='ltr'>solet</span> <span class='ocrx_word' id='word_1_121' title='bbox 920 2000 1180 2072; x_wconf 85' lang='lat' dir='ltr'>scripturae</span> <span class='ocrx_word' id='word_1_122' title='bbox 1207 2003 1436 2063; x_wconf 83' lang='lat' dir='ltr'>varietas,</span> <span class='ocrx_word' id='word_1_123' title='bbox 1474 2018 1530 2057; x_wconf 88' lang='lat' dir='ltr'>ut</span> <span class='ocrx_word' id='word_1_124' title='bbox 1564 2005 1728 2064; x_wconf 83' lang='lat' dir='ltr'>sensui</span> 
     </span>
     <span class='ocr_line' id='line_1_20' title="bbox 414 2091 1724 2166; baseline 0.01 -25"><span class='ocrx_word' id='word_1_125' title='bbox 414 2104 587 2142; x_wconf 82' lang='lat' dir='ltr'>tamen</span> <span class='ocrx_word' id='word_1_126' title='bbox 627 2110 807 2161; x_wconf 83' lang='lat' dir='ltr'>parum</span> <span class='ocrx_word' id='word_1_127' title='bbox 849 2091 967 2144; x_wconf 86' lang='lat' dir='ltr'>inde</span> <span class='ocrx_word' id='word_1_128' title='bbox 1006 2092 1091 2144; x_wconf 88' lang='lat' dir='ltr'>seu</span> <span class='ocrx_word' id='word_1_129' title='bbox 1129 2092 1338 2146; x_wconf 77' lang='lat' dir='ltr'>decedat</span> <span class='ocrx_word' id='word_1_130' title='bbox 1377 2094 1462 2148; x_wconf 84' lang='lat' dir='ltr'>seu</span> <span class='ocrx_word' id='word_1_131' title='bbox 1496 2100 1724 2166; x_wconf 83' lang='lat' dir='ltr'>accedat,</span> 
     </span>
     <span class='ocr_line' id='line_1_21' title="bbox 413 2179 1724 2265; baseline 0.014 -38"><span class='ocrx_word' id='word_1_132' title='bbox 413 2197 531 2250; x_wconf 85' lang='lat' dir='ltr'>quae</span> <span class='ocrx_word' id='word_1_133' title='bbox 569 2179 777 2230; x_wconf 80' lang='lat' dir='ltr'>tandem</span> <span class='ocrx_word' id='word_1_134' title='bbox 813 2181 921 2233; x_wconf 81' lang='lat' dir='ltr'>laus</span> <span class='ocrx_word' id='word_1_135' title='bbox 961 2182 1048 2233; x_wconf 87' lang='lat' dir='ltr'>illa</span> <span class='ocrx_word' id='word_1_136' title='bbox 1087 2182 1182 2234; x_wconf 85' lang='lat' dir='ltr'>esse</span> <span class='ocrx_word' id='word_1_137' title='bbox 1211 2184 1395 2256; x_wconf 88' lang='lat' dir='ltr'>potest,</span> <span class='ocrx_word' id='word_1_138' title='bbox 1438 2199 1495 2238; x_wconf 91' lang='lat' dir='ltr'>ut</span> <span class='ocrx_word' id='word_1_139' title='bbox 1528 2190 1724 2265; x_wconf 84' lang='lat' dir='ltr'>ubique</span> 
     </span>
     <span class='ocr_line' id='line_1_22' title="bbox 409 2268 1724 2346; baseline 0.012 -27"><span class='ocrx_word' id='word_1_140' title='bbox 409 2270 557 2321; x_wconf 86' lang='lat' dir='ltr'>nullo</span> <span class='ocrx_word' id='word_1_141' title='bbox 583 2270 644 2320; x_wconf 85' lang='lat' dir='ltr'>ad</span> <span class='ocrx_word' id='word_1_142' title='bbox 672 2268 975 2342; x_wconf 79' lang='lat' dir='ltr'>scriptorem</span> <span class='ocrx_word' id='word_1_143' title='bbox 1001 2272 1175 2325; x_wconf 55' lang='lat' dir='ltr'>frufftu</span> <span class='ocrx_word' id='word_1_144' title='bbox 1198 2293 1293 2346; x_wconf 89' lang='lat' dir='ltr'>pro</span> <span class='ocrx_word' id='word_1_145' title='bbox 1317 2277 1477 2329; x_wconf 87' lang='lat' dir='ltr'>altero</span> <span class='ocrx_word' id='word_1_146' title='bbox 1501 2276 1724 2337; x_wconf 79' lang='lat' dir='ltr'>alterum</span> 
     </span>
     <span class='ocr_line' id='line_1_23' title="bbox 409 2360 1722 2440; baseline 0.011 -28"><span class='ocrx_word' id='word_1_147' title='bbox 409 2360 671 2412; x_wconf 77' lang='lat' dir='ltr'>inculces?</span> <span class='ocrx_word' id='word_1_148' title='bbox 714 2362 871 2412; x_wconf 78' lang='lat' dir='ltr'>Porro</span> <span class='ocrx_word' id='word_1_149' title='bbox 898 2363 951 2413; x_wconf 85' lang='lat' dir='ltr'>in</span> <span class='ocrx_word' id='word_1_150' title='bbox 979 2364 1145 2434; x_wconf 83' lang='lat' dir='ltr'>po&#39;e&#39;tis</span> <span class='ocrx_word' id='word_1_151' title='bbox 1174 2363 1289 2415; x_wconf 85' lang='lat' dir='ltr'>sunt</span> <span class='ocrx_word' id='word_1_152' title='bbox 1319 2380 1454 2419; x_wconf 86' lang='lat' dir='ltr'>certa</span> <span class='ocrx_word' id='word_1_153' title='bbox 1479 2368 1722 2440; x_wconf 85' lang='lat' dir='ltr'>phantas-</span> 
     </span>
     <span class='ocr_line' id='line_1_24' title="bbox 409 2451 1718 2528; baseline 0.011 -25"><span class='ocrx_word' id='word_1_154' title='bbox 409 2464 566 2513; x_wconf 84' lang='lat' dir='ltr'>mata,</span> <span class='ocrx_word' id='word_1_155' title='bbox 606 2451 759 2503; x_wconf 86' lang='lat' dir='ltr'>verba</span> <span class='ocrx_word' id='word_1_156' title='bbox 806 2451 1071 2516; x_wconf 79' lang='lat' dir='ltr'>sollennia,</span> <span class='ocrx_word' id='word_1_157' title='bbox 1127 2455 1352 2525; x_wconf 85' lang='lat' dir='ltr'>epitheta</span> <span class='ocrx_word' id='word_1_158' title='bbox 1394 2465 1718 2528; x_wconf 84' lang='lat' dir='ltr'>communia,</span> 
     </span>
     <span class='ocr_line' id='line_1_25' title="bbox 405 2542 1719 2625; baseline 0.006 -31"><span class='ocrx_word' id='word_1_159' title='bbox 405 2562 543 2615; x_wconf 87' lang='lat' dir='ltr'>quae,</span> <span class='ocrx_word' id='word_1_160' title='bbox 571 2542 605 2594; x_wconf 86' lang='lat' dir='ltr'>fi</span> <span class='ocrx_word' id='word_1_161' title='bbox 632 2545 789 2598; x_wconf 84' lang='lat' dir='ltr'>semel</span> <span class='ocrx_word' id='word_1_162' title='bbox 816 2547 1070 2598; x_wconf 84' lang='lat' dir='ltr'>memoria</span> <span class='ocrx_word' id='word_1_163' title='bbox 1096 2549 1402 2619; x_wconf 83' lang='lat' dir='ltr'>complexus</span> <span class='ocrx_word' id='word_1_164' title='bbox 1431 2551 1511 2613; x_wconf 87' lang='lat' dir='ltr'>fis,</span> <span class='ocrx_word' id='word_1_165' title='bbox 1537 2572 1719 2625; x_wconf 88' lang='lat' dir='ltr'>prom..</span> 
     </span>
     <span class='ocr_line' id='line_1_26' title="bbox 388 2632 1717 2710; baseline 0.011 -27"><span class='ocrx_word' id='word_1_166' title='bbox 388 2645 517 2710; x_wconf 25' lang='lat' dir='ltr'>‘tum</span> <span class='ocrx_word' id='word_1_167' title='bbox 543 2632 634 2694; x_wconf 87' lang='lat' dir='ltr'>est,</span> <span class='ocrx_word' id='word_1_168' title='bbox 663 2634 857 2706; x_wconf 82' lang='lat' dir='ltr'>ubique</span> <span class='ocrx_word' id='word_1_169' title='bbox 883 2634 1059 2687; x_wconf 80' lang='lat' dir='ltr'>afferre</span> <span class='ocrx_word' id='word_1_170' title='bbox 1092 2649 1140 2688; x_wconf 87' lang='lat' dir='ltr'>et</span> <span class='ocrx_word' id='word_1_171' title='bbox 1180 2636 1302 2690; x_wconf 87' lang='lat' dir='ltr'>hinc</span> <span class='ocrx_word' id='word_1_172' title='bbox 1341 2638 1428 2693; x_wconf 87' lang='lat' dir='ltr'>seu</span> <span class='ocrx_word' id='word_1_173' title='bbox 1467 2646 1717 2698; x_wconf 83' lang='lat' dir='ltr'>emenda-</span> 
     </span>
     <span class='ocr_line' id='line_1_27' title="bbox 403 2724 1716 2809; baseline 0.011 -34"><span class='ocrx_word' id='word_1_174' title='bbox 403 2725 558 2777; x_wconf 83' lang='lat' dir='ltr'>tionis</span> <span class='ocrx_word' id='word_1_175' title='bbox 595 2724 680 2778; x_wconf 86' lang='lat' dir='ltr'>seu</span> <span class='ocrx_word' id='word_1_176' title='bbox 717 2727 1049 2798; x_wconf 63' lang='lat' dir='ltr'>conjecturae,</span> <span class='ocrx_word' id='word_1_177' title='bbox 1091 2729 1353 2783; x_wconf 86' lang='lat' dir='ltr'>interdum</span> <span class='ocrx_word' id='word_1_178' title='bbox 1381 2734 1530 2787; x_wconf 89' lang='lat' dir='ltr'>valde</span> <span class='ocrx_word' id='word_1_179' title='bbox 1567 2738 1716 2809; x_wconf 86' lang='lat' dir='ltr'>inge-</span> 
     </span>
     <span class='ocr_line' id='line_1_28' title="bbox 354 2817 1716 2900; baseline 0.011 -31"><span class='ocrx_word' id='word_1_180' title='bbox 354 2839 356 2841; x_wconf 93' lang='lat'>·</span> <span class='ocrx_word' id='word_1_181' title='bbox 401 2817 578 2895; x_wconf 74' lang='lat' dir='ltr'>niosae,</span> <span class='ocrx_word' id='word_1_182' title='bbox 619 2819 885 2872; x_wconf 87' lang='lat' dir='ltr'>materiem</span> <span class='ocrx_word' id='word_1_183' title='bbox 915 2839 1160 2893; x_wconf 83' lang='lat' dir='ltr'>quaerere.</span> <span class='ocrx_word' id='word_1_184' title='bbox 1238 2825 1374 2877; x_wconf 83' lang='lat' dir='ltr'>Aliae</span> <span class='ocrx_word' id='word_1_185' title='bbox 1402 2828 1716 2900; x_wconf 62' lang='lat' dir='ltr'>conjecturae</span> 
     </span>
    </p>
   </div>
   <div class='ocr_carea' id='block_1_6' title="bbox 1437 2919 1713 2992">
    <p class='ocr_par' dir='ltr' id='par_1_7' title="bbox 1437 2919 1713 2992">
     <span class='ocr_line' id='line_1_29' title="bbox 1437 2919 1713 2992; baseline 0.011 -22"><span class='ocrx_word' id='word_1_186' title='bbox 1437 2989 1440 2992; x_wconf 10' lang='grc' dir='ltr'><strong><em>Δ</em></strong></span> <span class='ocrx_word' id='word_1_187' title='bbox 1454 2919 1713 2990; x_wconf 84' lang='lat' dir='ltr'>proficisci</span> 
     </span>
    </p>
   </div>
   <div class='ocr_carea' id='block_1_7' title="bbox 1943 339 1966 953">
    <p class='ocr_par' dir='ltr' id='par_1_8' title="bbox 1943 339 1966 953">
     <span class='ocr_line' id='line_1_30' title="bbox 1943 339 1966 953; baseline 0 0"><span class='ocrx_word' id='word_1_188' title='bbox 1943 339 1966 953; x_wconf 95' lang='lat' dir='ltr'> </span> 
     </span>
    </p>
   </div>
  </div>
 </body>
</html>
