1821 3381
376 285 476 375 'IN
543 321 1074 372 GEORGI‘CA.
1340 336 1424 370 201

128 462 354 529 perimus,
387 459 447 504 ab
477 458 568 504 illis
595 457 733 502 rectae
757 467 805 500 et
825 453 1052 518 jucundae
1084 453 1196 500 vitae
1228 453 1309 499 usu
1342 456 1438 500 im..

129 545 325 608 pertitos
349 560 430 589 nos
467 541 552 587 effe
575 540 829 592 fateamur;
868 539 957 584 hoc
998 539 1044 583 in
1068 538 1174 595 illis,
1208 555 1314 602 quae
1331 541 1436 603 jam

129 630 190 675 ab
214 630 315 674 aliis
339 627 518 689 prolata
541 636 687 680 erant,
722 623 933 669 accidere
962 622 1135 679 videas,
1168 635 1221 669 ut
1243 639 1301 668 ex
1329 623 1438 669 Vir-

127 710 235 773 gilii
269 699 461 770 ingenio
503 706 657 752 multo
694 704 874 750 felicius
909 703 1196 762 enascantur,
1246 716 1292 750 et
1327 705 1438 767 pul-

128 791 288 837 chrius
308 789 620 842 efflorescant;
656 799 723 841 ut,
757 787 790 832 fi
815 803 867 832 ea
886 803 978 833 non
1007 789 1232 846 novitate,
1266 804 1312 836 at
1328 807 1440 853 gra-

129 874 194 919 tia
224 885 398 930 tamen,
432 872 679 935 dignitate,
724 871 975 927 venustate,
1009 872 1155 917 miros
1187 873 1334 918 animi
1366 875 1440 920 af-

131 954 278 1002 feetus
316 969 551 1011 moveant,
598 970 861 1016 magnaque
896 954 1208 1000 admiratione
1244 955 1441 1016 perfun-

131 1038 261 1085 dant.
332 1038 443 1101 Qa
465 1037 513 1082 in
543 1052 592 1082 re
623 1035 742 1081 mihi
773 1036 967 1098 quidem
1000 1036 1046 1081 in
1078 1036 1202 1099 po'e‘fi
1235 1037 1439 1084 eundem

131 1121 292 1166 locum
330 1119 448 1165 tueri
487 1118 672 1166 videtur
705 1119 948 1181 Virgilius,
985 1135 1130 1181 quern
1178 1119 1347 1166 Cicero
1391 1121 1440 1166 in

131 1200 414 1263 eloquentia.
491 1200 621 1246 Nam
652 1212 697 1246 et
727 1200 865 1264 hujus
901 1201 1161 1264 ingenium,
1205 1201 1334 1264 quod
1365 1205 1442 1266 ip-

130 1282 234 1329 sum
258 1299 342 1344 per
365 1282 410 1328 se
441 1298 534 1328 non
558 1281 695 1328 facile
721 1282 940 1344 praeclari
980 1282 1158 1344 aliquid
1192 1283 1441 1345 proferret,

130 1365 181 1417 in
204 1365 423 1411 ornandis
447 1377 492 1409 et
516 1363 862 1425 amplificandis
885 1364 1085 1410 aliorum
1111 1364 1330 1422 inventiS,
1365 1367 1441 1412 in-

132 1445 307 1510 primis
340 1445 388 1490 in
426 1444 675 1491 vestiendis
708 1443 919 1492 oratione
960 1443 1130 1491 Latina
1161 1445 1439 1494 Graecorum

133 1528 286 1584 dietis,
309 1527 498 1573 eximiae
523 1525 759 1572 felicitatis
784 1537 828 1571 et
852 1525 961 1572 artis
989 1526 1094 1572 fuit.
1161 1527 1328 1589 Itaque
1351 1530 1441 1575 hoc

133 1609 183 1655 in
206 1624 376 1672 genere
399 1608 671 1670 Virgilium,
704 1608 951 1670 poetarum
978 1609 1256 1657 Ciceronem
1278 1614 1445 1675 appel-

134 1691 227 1736 lare
250 1707 590 1752 nonnunquam
621 1691 766 1736 lubet.
836 1691 922 1736 Illa
946 1703 1104 1737 autern
1128 1693 1304 1755 ingenii
1331 1694 1444 1740 Ma·-

134 1772 314 1819 roniani
339 1772 526 1833 propria
550 1771 757 1817 venustas
782 1771 828 1817 in
853 1772 983 1819 nullo
1004 1772 1099 1835 ejus
1124 1789 1266 1834 opere
1291 1777 1443 1838 magis

135 1853 447 1916 cognoscitur,
480 1870 625 1915 quam
658 1853 705 1899 in
732 1853 997 1917 Georgicis,
1031 1856 1251 1902 omnibus
1275 1874 1447 1904 nume-

136 1936 197 1981 ris
221 1935 447 1992 absoluto,
482 1936 688 1998 perfecto
711 1949 757 1981 et
791 1937 1014 1999 expolito,
1047 1938 1270 1994 carmine,
1303 1953 1370 1996 ut,
1410 1941 1445 1987 fi

135 2021 183 2067 in
208 2021 360 2067 nostra
384 2020 765 2081 interpretatione
790 2020 878 2066 hoc
903 2020 1130 2082 affequuti
1154 2021 1327 2079 sumus,
1361 2039 1444 2068 nos

136 2106 266 2152 enirn
285 2105 332 2151 id
356 2105 572 2166 sequutos
595 2102 683 2149 effe
708 2119 802 2149 non
824 2121 1067 2167 negamus,
1103 2118 1153 2151 ut
1176 2124 1267 2154 non
1301 2108 1446 2154 modo

136 2188 390 2234 verborum
434 2203 487 2239 ac
524 2186 856 2233 sententiarum
898 2188 997 2234 vim
1037 2188 1446 2247 declaraverimuS,

136 2285 303 2314 verum
326 2269 467 2315 etiarn
504 2267 723 2314 carminis
746 2268 1168 2330 pulchritudinem,
1203 2272 1447 2335 inprimis..

138 2367 230 2413 que
251 2364 468 2397 ornatum
493 2350 694 2396 sensibus
719 2363 764 2396 et
786 2351 934 2396 oculis
959 2353 1306 2402 adolescentum
1338 2356 1447 2403 sub-

131 2430 403 2492 jecerimus,
427 2448 510 2476 nos
542 2448 738 2493 operam
762 2432 967 2484 nostram
993 2449 1087 2484 non
1111 2437 1307 2485 omnino
1323 2441 1447 2486 male

139 2514 383 2560 collocasse
406 2515 674 2562 arbitraturi
692 2515 850 2570 limus,

206 2594 282 2640 Ex
302 2596 373 2652 iis,
395 2613 502 2658 quae
525 2597 679 2643 adhuc
698 2596 932 2660 disputata
948 2598 1067 2656 sunt,
1091 2617 1319 2663 nuperam
1337 2618 1450 2648 cen-

142 2675 297 2722 suram
321 2676 687 2740 Georgicorum,
722 2695 863 2742 quam
898 2679 1179 2728 Edmundus
1203 2683 1452 2741 Burtonus,

143 2758 391 2805 Britannus
416 2777 508 2806 non
532 2761 746 2808 indoffitus
770 2778 855 2809 nec
874 2763 1126 2826 inelegans,
1149 2769 1394 2830 proposuit
1413 2773 1453 2826 ³⁸⁵,

142 2841 202 2895 ab
235 2840 422 2905 judicio
466 2860 638 2907 parum
682 2845 841 2893 subtili
891 2860 938 2894 et
984 2849 1148 2896 limato
1189 2853 1450 2913 profeclmn

219 2947 243 2978 l*
261 2949 401 2988 Ant-ient
415 2951 604 2992 charaziers
621 2955 764 2994 dcduced
763 2959 860 3007 from
878 2955 1026 3005 claffical
1039 2957 1195 2998 Remaim
1216 2974 1228 2998 ι
1240 2962 1285 3013 76
1291 2975 1326 3011 3,
1347 2965 1383 2999 8.

1316 3040 1452 3093 facilc
