<?xml version="1.0" encoding="UTF-8"?>
<!DOCTYPE html PUBLIC "-//W3C//DTD XHTML 1.0 Transitional//EN"
    "http://www.w3.org/TR/xhtml1/DTD/xhtml1-transitional.dtd">
<html xmlns="http://www.w3.org/1999/xhtml" xml:lang="en" lang="en">
 <head>
  <title>
</title>
<meta http-equiv="Content-Type" content="text/html;charset=utf-8" />
  <meta name='ocr-system' content='tesseract 3.04.00' />
  <meta name='ocr-capabilities' content='ocr_page ocr_carea ocr_par ocr_line ocrx_word'/>
</head>
<body>
  <div class='ocr_page' id='page_1' title='image "./operavarietatele01virguoft_0603.png"; bbox 0 0 1821 3381; ppageno 0'>
   <div class='ocr_carea' id='block_1_1' title="bbox 0 887 34 3381">
    <p class='ocr_par' dir='ltr' id='par_1_1' title="bbox 0 887 34 3381">
     <span class='ocr_line' id='line_1_1' title="bbox 0 887 34 3381; baseline 0 0"><span class='ocrx_word' id='word_1_1' title='bbox 0 887 34 3381; x_wconf 95' lang='lat' dir='ltr'><strong> </strong></span> 
     </span>
    </p>
   </div>
   <div class='ocr_carea' id='block_1_2' title="bbox 361 304 1227 366">
    <p class='ocr_par' dir='ltr' id='par_1_2' title="bbox 361 304 1227 366">
     <span class='ocr_line' id='line_1_2' title="bbox 361 304 1227 366; baseline 0.008 -13"><span class='ocrx_word' id='word_1_2' title='bbox 361 304 896 366; x_wconf 85' lang='lat' dir='ltr'>GEORGICON,</span> <span class='ocrx_word' id='word_1_3' title='bbox 963 309 1110 358; x_wconf 87' lang='lat' dir='ltr'><strong>LlB.</strong></span> <span class='ocrx_word' id='word_1_4' title='bbox 1162 311 1227 362; x_wconf 90' lang='lat' dir='ltr'><strong>II.</strong></span> 
     </span>
    </p>
   </div>
   <div class='ocr_carea' id='block_1_3' title="bbox 1327 331 1419 382">
    <p class='ocr_par' dir='ltr' id='par_1_3' title="bbox 1327 331 1419 382">
     <span class='ocr_line' id='line_1_3' title="bbox 1327 331 1419 382; baseline 0.043 -4"><span class='ocrx_word' id='word_1_5' title='bbox 1327 332 1354 378; x_wconf 87' lang='lat'><em>3</em></span> <span class='ocrx_word' id='word_1_6' title='bbox 1363 331 1419 382; x_wconf 72' lang='lat'><strong>29</strong></span> 
     </span>
    </p>
   </div>
   <div class='ocr_carea' id='block_1_4' title="bbox 115 439 1064 506">
    <p class='ocr_par' dir='ltr' id='par_1_4' title="bbox 115 439 1064 506">
     <span class='ocr_line' id='line_1_4' title="bbox 115 439 1064 506; baseline 0.006 -18"><span class='ocrx_word' id='word_1_7' title='bbox 115 439 323 489; x_wconf 85' lang='lat' dir='ltr'><strong>Palladia</strong></span> <span class='ocrx_word' id='word_1_8' title='bbox 343 443 550 506; x_wconf 84' lang='lat' dir='ltr'>gaudent</span> <span class='ocrx_word' id='word_1_9' title='bbox 573 444 685 490; x_wconf 85' lang='lat' dir='ltr'><strong>filva</strong></span> <span class='ocrx_word' id='word_1_10' title='bbox 710 444 884 491; x_wconf 84' lang='lat' dir='ltr'><strong>vivacis</strong></span> <span class='ocrx_word' id='word_1_11' title='bbox 908 445 1064 495; x_wconf 88' lang='lat' dir='ltr'><strong>olivae.</strong></span> 
     </span>
    </p>
   </div>
   <div class='ocr_carea' id='block_1_5' title="bbox 112 529 1208 596">
    <p class='ocr_par' dir='ltr' id='par_1_5' title="bbox 112 529 1208 596">
     <span class='ocr_line' id='line_1_5' title="bbox 112 529 1208 596; baseline 0.008 -20"><span class='ocrx_word' id='word_1_12' title='bbox 112 529 303 577; x_wconf 86' lang='lat' dir='ltr'><strong>Indicio</strong></span> <span class='ocrx_word' id='word_1_13' title='bbox 323 531 402 588; x_wconf 87' lang='lat' dir='ltr'><strong>est,</strong></span> <span class='ocrx_word' id='word_1_14' title='bbox 431 532 578 579; x_wconf 67' lang='lat' dir='ltr'><strong>trae³m</strong></span> <span class='ocrx_word' id='word_1_15' title='bbox 605 532 797 596; x_wconf 78' lang='lat' dir='ltr'><strong>surgens</strong></span> <span class='ocrx_word' id='word_1_16' title='bbox 822 535 1014 583; x_wconf 84' lang='lat' dir='ltr'><strong>oleaster</strong></span> <span class='ocrx_word' id='word_1_17' title='bbox 1038 537 1208 585; x_wconf 90' lang='lat' dir='ltr'><strong>eodem</strong></span> 
     </span>
    </p>
   </div>
   <div class='ocr_carea' id='block_1_6' title="bbox 112 617 1222 693">
    <p class='ocr_par' dir='ltr' id='par_1_6' title="bbox 112 617 1222 693">
     <span class='ocr_line' id='line_1_6' title="bbox 112 617 1222 693; baseline 0.01 -28"><span class='ocrx_word' id='word_1_18' title='bbox 112 617 361 677; x_wconf 74' lang='lat' dir='ltr'><strong>PlurimUS,</strong></span> <span class='ocrx_word' id='word_1_19' title='bbox 387 632 434 667; x_wconf 87' lang='lat' dir='ltr'><strong>et</strong></span> <span class='ocrx_word' id='word_1_20' title='bbox 459 622 586 669; x_wconf 88' lang='lat' dir='ltr'>strati</span> <span class='ocrx_word' id='word_1_21' title='bbox 613 623 770 670; x_wconf 84' lang='lat' dir='ltr'>baccis</span> <span class='ocrx_word' id='word_1_22' title='bbox 796 625 1081 674; x_wconf 77' lang='lat' dir='ltr'><strong>silvestribus</strong></span> <span class='ocrx_word' id='word_1_23' title='bbox 1106 631 1222 693; x_wconf 83' lang='lat' dir='ltr'><strong>agri.</strong></span> 
     </span>
    </p>
   </div>
   <div class='ocr_carea' id='block_1_7' title="bbox 67 711 1338 785">
    <p class='ocr_par' dir='ltr' id='par_1_7' title="bbox 67 711 1338 785">
     <span class='ocr_line' id='line_1_7' title="bbox 67 711 1338 785; baseline 0.012 -28"><span class='ocrx_word' id='word_1_24' title='bbox 67 771 70 775; x_wconf 18' lang='grc' dir='ltr'><strong>Δ</strong></span> <span class='ocrx_word' id='word_1_25' title='bbox 109 711 179 758; x_wconf 79' lang='lat' dir='ltr'><strong>At</strong></span> <span class='ocrx_word' id='word_1_26' title='bbox 200 728 309 775; x_wconf 88' lang='lat' dir='ltr'><strong>quae</strong></span> <span class='ocrx_word' id='word_1_27' title='bbox 331 712 523 776; x_wconf 88' lang='lat' dir='ltr'><strong>pinguis</strong></span> <span class='ocrx_word' id='word_1_28' title='bbox 547 714 734 770; x_wconf 76' lang='lat' dir='ltr'><strong>humuS,</strong></span> <span class='ocrx_word' id='word_1_29' title='bbox 760 715 986 779; x_wconf 83' lang='lat' dir='ltr'>dulcique</span> <span class='ocrx_word' id='word_1_30' title='bbox 1010 720 1189 784; x_wconf 83' lang='lat' dir='ltr'>uligine</span> <span class='ocrx_word' id='word_1_31' title='bbox 1213 724 1338 785; x_wconf 62' lang='lat' dir='ltr'><strong>laeta,</strong></span> 
     </span>
    </p>
   </div>
   <div class='ocr_carea' id='block_1_8' title="bbox 108 802 1420 866">
    <p class='ocr_par' dir='ltr' id='par_1_8' title="bbox 108 802 1420 866">
     <span class='ocr_line' id='line_1_8' title="bbox 108 802 1420 866; baseline 0.013 -18"><span class='ocrx_word' id='word_1_32' title='bbox 108 802 301 866; x_wconf 81' lang='lat' dir='ltr'><strong>Qique</strong></span> <span class='ocrx_word' id='word_1_33' title='bbox 338 803 552 866; x_wconf 83' lang='lat' dir='ltr'><strong>frequens</strong></span> <span class='ocrx_word' id='word_1_34' title='bbox 594 804 750 852; x_wconf 86' lang='lat' dir='ltr'><strong>herbis</strong></span> <span class='ocrx_word' id='word_1_35' title='bbox 795 820 840 854; x_wconf 86' lang='lat' dir='ltr'><strong>et</strong></span> <span class='ocrx_word' id='word_1_36' title='bbox 885 808 1052 857; x_wconf 80' lang='lat' dir='ltr'><strong>fertilis</strong></span> <span class='ocrx_word' id='word_1_37' title='bbox 1089 812 1232 861; x_wconf 85' lang='lat' dir='ltr'><strong>ubere</strong></span> <span class='ocrx_word' id='word_1_38' title='bbox 1282 833 1420 865; x_wconf 86' lang='lat' dir='ltr'><strong>cam-</strong></span> 
     </span>
    </p>
   </div>
   <div class='ocr_carea' id='block_1_9' title="bbox 300 912 422 958">
    <p class='ocr_par' dir='ltr' id='par_1_9' title="bbox 300 912 422 958">
     <span class='ocr_line' id='line_1_9' title="bbox 300 912 422 958; baseline -0.008 -16"><span class='ocrx_word' id='word_1_39' title='bbox 300 912 388 958; x_wconf 79' lang='lat' dir='ltr'><strong>pus</strong></span> <span class='ocrx_word' id='word_1_40' title='bbox 410 919 422 951; x_wconf 73' lang='lat'>3</span> 
     </span>
    </p>
   </div>
   <div class='ocr_carea' id='block_1_10' title="bbox 1328 913 1412 973">
    <p class='ocr_par' dir='ltr' id='par_1_10' title="bbox 1328 913 1412 973">
     <span class='ocr_line' id='line_1_10' title="bbox 1328 913 1412 973; baseline 0.012 -18"><span class='ocrx_word' id='word_1_41' title='bbox 1328 913 1412 973; x_wconf 84' lang='lat'><strong>185</strong></span> 
     </span>
    </p>
   </div>
   <div class='ocr_carea' id='block_1_11' title="bbox 106 985 1252 1051">
    <p class='ocr_par' dir='ltr' id='par_1_11' title="bbox 106 985 1252 1051">
     <span class='ocr_line' id='line_1_11' title="bbox 106 985 1252 1051; baseline 0.013 -20"><span class='ocrx_word' id='word_1_42' title='bbox 106 985 312 1051; x_wconf 83' lang='lat' dir='ltr'><strong>Qalem</strong></span> <span class='ocrx_word' id='word_1_43' title='bbox 333 986 456 1051; x_wconf 85' lang='lat' dir='ltr'><strong>saepe</strong></span> <span class='ocrx_word' id='word_1_44' title='bbox 476 1002 590 1034; x_wconf 85' lang='lat' dir='ltr'><strong>cava</strong></span> <span class='ocrx_word' id='word_1_45' title='bbox 610 989 785 1036; x_wconf 81' lang='lat' dir='ltr'><strong>montis</strong></span> <span class='ocrx_word' id='word_1_46' title='bbox 808 993 1023 1042; x_wconf 85' lang='lat' dir='ltr'><strong>convalle</strong></span> <span class='ocrx_word' id='word_1_47' title='bbox 1051 993 1252 1046; x_wconf 89' lang='lat' dir='ltr'><strong>solemus</strong></span> 
     </span>
    </p>
   </div>
   <div class='ocr_carea' id='block_1_12' title="bbox 103 1154 674 1200">
    <p class='ocr_par' dir='ltr' id='par_1_12' title="bbox 103 1154 674 1200">
     <span class='ocr_line' id='line_1_12' title="bbox 103 1154 674 1200; baseline 0.007 -14"><span class='ocrx_word' id='word_1_48' title='bbox 103 1154 304 1197; x_wconf 65' lang='lat' dir='ltr'><strong>conjiciebat,</strong></span> <span class='ocrx_word' id='word_1_49' title='bbox 316 1158 426 1200; x_wconf 36' lang='lat' dir='ltr'><strong>dum—osis</strong></span> <span class='ocrx_word' id='word_1_50' title='bbox 441 1159 558 1188; x_wconf 76' lang='lat' dir='ltr'><strong>calculus</strong></span> <span class='ocrx_word' id='word_1_51' title='bbox 573 1162 674 1190; x_wconf 68' lang='lat' dir='ltr'><strong>amris.</strong></span> 
     </span>
    </p>
   </div>
   <div class='ocr_carea' id='block_1_13' title="bbox 717 1161 1414 1211">
    <p class='ocr_par' dir='ltr' id='par_1_13' title="bbox 717 1161 1414 1211">
     <span class='ocr_line' id='line_1_13' title="bbox 717 1161 1414 1211; baseline 0.022 -21"><span class='ocrx_word' id='word_1_52' title='bbox 717 1161 835 1192; x_wconf 80' lang='lat' dir='ltr'><strong>Ancrae</strong></span> <span class='ocrx_word' id='word_1_53' title='bbox 853 1169 883 1192; x_wconf 80' lang='lat' dir='ltr'><strong>et</strong></span> <span class='ocrx_word' id='word_1_54' title='bbox 901 1170 999 1195; x_wconf 80' lang='lat' dir='ltr'><strong>antrae</strong></span> <span class='ocrx_word' id='word_1_55' title='bbox 1016 1166 1087 1198; x_wconf 87' lang='lat' dir='ltr'><strong>sunt</strong></span> <span class='ocrx_word' id='word_1_56' title='bbox 1102 1169 1228 1206; x_wconf 67' lang='grc' dir='ltr'><strong>αὐλῶνες,</strong></span> <span class='ocrx_word' id='word_1_57' title='bbox 1245 1172 1312 1204; x_wconf 62' lang='lat' dir='ltr'><strong>qm&gt;</strong></span> <span class='ocrx_word' id='word_1_58' title='bbox 1327 1174 1414 1211; x_wconf 68' lang='grc' dir='ltr'><strong>τόποι,</strong></span> 
     </span>
    </p>
   </div>
   <div class='ocr_carea' id='block_1_14' title="bbox 100 1205 1415 1305">
    <p class='ocr_par' dir='ltr' id='par_1_14' title="bbox 100 1205 1415 1305">
     <span class='ocr_line' id='line_1_14' title="bbox 101 1205 1412 1256; baseline 0.016 -21"><span class='ocrx_word' id='word_1_59' title='bbox 101 1205 298 1247; x_wconf 82' lang='lat' dir='ltr'><strong>confragosa,</strong></span> <span class='ocrx_word' id='word_1_60' title='bbox 317 1207 463 1249; x_wconf 82' lang='lat' dir='ltr'><strong>abrupta,</strong></span> <span class='ocrx_word' id='word_1_61' title='bbox 484 1219 592 1248; x_wconf 87' lang='lat' dir='ltr'><strong>curva,</strong></span> <span class='ocrx_word' id='word_1_62' title='bbox 613 1210 732 1241; x_wconf 77' lang='lat' dir='ltr'><strong>sinuosa</strong></span> <span class='ocrx_word' id='word_1_63' title='bbox 748 1212 818 1242; x_wconf 84' lang='lat' dir='ltr'><strong>loca</strong></span> <span class='ocrx_word' id='word_1_64' title='bbox 835 1213 982 1245; x_wconf 81' lang='lat' dir='ltr'><strong>saltuum.</strong></span> <span class='ocrx_word' id='word_1_65' title='bbox 1027 1218 1171 1251; x_wconf 84' lang='lat' dir='ltr'><strong>Eandem</strong></span> <span class='ocrx_word' id='word_1_66' title='bbox 1194 1233 1304 1253; x_wconf 82' lang='lat' dir='ltr'><strong>vocem</strong></span> <span class='ocrx_word' id='word_1_67' title='bbox 1330 1225 1412 1256; x_wconf 88' lang='lat' dir='ltr'><strong>Pro-</strong></span> 
     </span>
     <span class='ocr_line' id='line_1_15' title="bbox 100 1256 1415 1305; baseline 0.016 -20"><span class='ocrx_word' id='word_1_68' title='bbox 100 1256 206 1298; x_wconf 84' lang='lat' dir='ltr'><strong>pertio</strong></span> <span class='ocrx_word' id='word_1_69' title='bbox 223 1258 248 1294; x_wconf 89' lang='grc' dir='ltr'><strong>Ι,</strong></span> <span class='ocrx_word' id='word_1_70' title='bbox 263 1268 289 1293; x_wconf 91' lang='lat'><strong>1,</strong></span> <span class='ocrx_word' id='word_1_71' title='bbox 308 1266 360 1288; x_wconf 90' lang='lat'><strong>11.</strong></span> <span class='ocrx_word' id='word_1_72' title='bbox 386 1259 412 1296; x_wconf 87' lang='lat'><strong>1,</strong></span> <span class='ocrx_word' id='word_1_73' title='bbox 426 1267 458 1296; x_wconf 83' lang='lat'><strong>2,</strong></span> <span class='ocrx_word' id='word_1_74' title='bbox 477 1269 511 1289; x_wconf 83' lang='lat'><strong>11</strong></span> <span class='ocrx_word' id='word_1_75' title='bbox 531 1259 722 1292; x_wconf 78' lang='lat' dir='ltr'><strong>obtrudebat</strong></span> <span class='ocrx_word' id='word_1_76' title='bbox 739 1262 888 1304; x_wconf 83' lang='lat' dir='ltr'><strong>Scaliger,</strong></span> <span class='ocrx_word' id='word_1_77' title='bbox 913 1275 929 1295; x_wconf 89' lang='lat' dir='ltr'><strong>e</strong></span> <span class='ocrx_word' id='word_1_78' title='bbox 947 1266 1059 1298; x_wconf 88' lang='lat' dir='ltr'><strong>Glossis</strong></span> <span class='ocrx_word' id='word_1_79' title='bbox 1076 1268 1195 1302; x_wconf 77' lang='lat' dir='ltr'><strong>Isidori.</strong></span> <span class='ocrx_word' id='word_1_80' title='bbox 1239 1273 1300 1304; x_wconf 88' lang='lat' dir='ltr'><strong>Sed</strong></span> <span class='ocrx_word' id='word_1_81' title='bbox 1311 1287 1415 1305; x_wconf 82' lang='lat' dir='ltr'><strong>arvum</strong></span> 
     </span>
    </p>
   </div>
   <div class='ocr_carea' id='block_1_15' title="bbox 101 1307 1322 1363">
    <p class='ocr_par' dir='ltr' id='par_1_15' title="bbox 101 1307 1322 1363">
     <span class='ocr_line' id='line_1_16' title="bbox 101 1307 1322 1363; baseline 0.016 -27"><span class='ocrx_word' id='word_1_82' title='bbox 101 1308 206 1349; x_wconf 74' lang='lat' dir='ltr'><strong>poe&#39;tae</strong></span> <span class='ocrx_word' id='word_1_83' title='bbox 230 1307 275 1338; x_wconf 85' lang='lat' dir='ltr'><strong>est</strong></span> <span class='ocrx_word' id='word_1_84' title='bbox 313 1318 482 1340; x_wconf 87' lang='lat' dir='ltr'><strong>commune</strong></span> <span class='ocrx_word' id='word_1_85' title='bbox 511 1311 657 1342; x_wconf 87' lang='lat' dir='ltr'><strong>omnium</strong></span> <span class='ocrx_word' id='word_1_86' title='bbox 683 1323 834 1353; x_wconf 73' lang='lat' dir='ltr'><strong>agrorum</strong></span> <span class='ocrx_word' id='word_1_87' title='bbox 859 1325 988 1347; x_wconf 86' lang='lat' dir='ltr'><strong>nomen.</strong></span> <span class='ocrx_word' id='word_1_88' title='bbox 1014 1318 1087 1350; x_wconf 88' lang='lat' dir='ltr'><strong>vide</strong></span> <span class='ocrx_word' id='word_1_89' title='bbox 1113 1321 1165 1351; x_wconf 87' lang='lat' dir='ltr'><strong>vel</strong></span> <span class='ocrx_word' id='word_1_90' title='bbox 1186 1323 1227 1360; x_wconf 91' lang='lat' dir='ltr'><strong>II,</strong></span> <span class='ocrx_word' id='word_1_91' title='bbox 1249 1333 1322 1363; x_wconf 86' lang='lat'><strong>177.</strong></span> 
     </span>
    </p>
   </div>
   <div class='ocr_carea' id='block_1_16' title="bbox 1326 1342 1410 1350">
    <p class='ocr_par' dir='ltr' id='par_1_16' title="bbox 1326 1342 1410 1350">
     <span class='ocr_line' id='line_1_17' title="bbox 1326 1342 1410 1350; baseline 0 0"><span class='ocrx_word' id='word_1_92' title='bbox 1326 1342 1410 1350; x_wconf 95' lang='lat' dir='ltr'><strong> </strong></span> 
     </span>
    </p>
   </div>
   <div class='ocr_carea' id='block_1_17' title="bbox 102 1357 1410 1413">
    <p class='ocr_par' dir='ltr' id='par_1_17' title="bbox 102 1357 1410 1413">
     <span class='ocr_line' id='line_1_18' title="bbox 102 1357 1410 1413; baseline 0.014 -24"><span class='ocrx_word' id='word_1_93' title='bbox 102 1357 175 1389; x_wconf 90' lang='lat'>181.</span> <span class='ocrx_word' id='word_1_94' title='bbox 191 1360 292 1400; x_wconf 82' lang='lat' dir='ltr'><strong>gaudet</strong></span> <span class='ocrx_word' id='word_1_95' title='bbox 308 1359 426 1391; x_wconf 85' lang='lat' dir='ltr'><strong>Medic.</strong></span> <span class='ocrx_word' id='word_1_96' title='bbox 445 1360 531 1391; x_wconf 85' lang='lat' dir='ltr'><strong>Gud.</strong></span> <span class='ocrx_word' id='word_1_97' title='bbox 557 1369 621 1392; x_wconf 84' lang='lat' dir='ltr'><strong>tres</strong></span> <span class='ocrx_word' id='word_1_98' title='bbox 636 1362 688 1393; x_wconf 81' lang='lat' dir='ltr'><strong>alii</strong></span> <span class='ocrx_word' id='word_1_99' title='bbox 706 1375 778 1395; x_wconf 84' lang='lat' dir='ltr'><strong>cum</strong></span> <span class='ocrx_word' id='word_1_100' title='bbox 796 1365 893 1396; x_wconf 93' lang='lat' dir='ltr'><strong>Goth.</strong></span> <span class='ocrx_word' id='word_1_101' title='bbox 913 1366 982 1404; x_wconf 84' lang='lat' dir='ltr'><strong>sec.‚</strong></span> <span class='ocrx_word' id='word_1_102' title='bbox 1006 1368 1126 1401; x_wconf 86' lang='lat' dir='ltr'><strong>scilicet</strong></span> <span class='ocrx_word' id='word_1_103' title='bbox 1148 1373 1222 1413; x_wconf 86' lang='lat' dir='ltr'><strong>quia</strong></span> <span class='ocrx_word' id='word_1_104' title='bbox 1241 1376 1359 1405; x_wconf 75' lang='lat' dir='ltr'><strong>calculus</strong></span> <span class='ocrx_word' id='word_1_105' title='bbox 1375 1376 1410 1407; x_wconf 85' lang='lat' dir='ltr'><strong>in</strong></span> 
     </span>
    </p>
   </div>
   <div class='ocr_carea' id='block_1_18' title="bbox 99 1408 375 1440">
    <p class='ocr_par' dir='ltr' id='par_1_18' title="bbox 99 1408 375 1440">
     <span class='ocr_line' id='line_1_19' title="bbox 99 1408 375 1440; baseline 0.004 -1"><span class='ocrx_word' id='word_1_106' title='bbox 99 1408 208 1439; x_wconf 86' lang='lat' dir='ltr'><strong>animo</strong></span> <span class='ocrx_word' id='word_1_107' title='bbox 224 1408 375 1440; x_wconf 80' lang='lat' dir='ltr'><strong>haerebat.</strong></span> 
     </span>
    </p>
   </div>
   <div class='ocr_carea' id='block_1_19' title="bbox 378 1426 463 1434">
    <p class='ocr_par' dir='ltr' id='par_1_19' title="bbox 378 1426 463 1434">
     <span class='ocr_line' id='line_1_20' title="bbox 378 1426 463 1434; baseline 0 0"><span class='ocrx_word' id='word_1_108' title='bbox 378 1426 463 1434; x_wconf 95' lang='lat' dir='ltr'><strong> </strong></span> 
     </span>
    </p>
   </div>
   <div class='ocr_carea' id='block_1_20' title="bbox 468 1410 993 1459">
    <p class='ocr_par' dir='ltr' id='par_1_20' title="bbox 468 1410 993 1459">
     <span class='ocr_line' id='line_1_21' title="bbox 468 1410 993 1459; baseline 0.013 -18"><span class='ocrx_word' id='word_1_109' title='bbox 468 1410 506 1441; x_wconf 80' lang='lat'><strong>18</strong></span> <span class='ocrx_word' id='word_1_110' title='bbox 510 1420 539 1450; x_wconf 83' lang='lat'><strong>3.</strong></span> <span class='ocrx_word' id='word_1_111' title='bbox 564 1413 649 1443; x_wconf 73' lang='lat' dir='ltr'><strong>baccis</strong></span> <span class='ocrx_word' id='word_1_112' title='bbox 655 1415 830 1457; x_wconf 66' lang='lat' dir='ltr'><strong>stridentibus</strong></span> <span class='ocrx_word' id='word_1_113' title='bbox 842 1417 934 1448; x_wconf 80' lang='lat' dir='ltr'><strong>Leid.</strong></span> <span class='ocrx_word' id='word_1_114' title='bbox 946 1429 993 1459; x_wconf 87' lang='lat' dir='ltr'><strong>pr.</strong></span> 
     </span>
    </p>
   </div>
   <div class='ocr_carea' id='block_1_21' title="bbox 998 1436 1082 1444">
    <p class='ocr_par' dir='ltr' id='par_1_21' title="bbox 998 1436 1082 1444">
     <span class='ocr_line' id='line_1_22' title="bbox 998 1436 1082 1444; baseline 0 1937"><span class='ocrx_word' id='word_1_115' title='bbox 998 1436 1082 1444; x_wconf 95' lang='lat' dir='ltr'><strong> </strong></span> 
     </span>
    </p>
   </div>
   <div class='ocr_carea' id='block_1_22' title="bbox 1087 1421 1413 1466">
    <p class='ocr_par' dir='ltr' id='par_1_22' title="bbox 1087 1421 1413 1466">
     <span class='ocr_line' id='line_1_23' title="bbox 1087 1421 1413 1466; baseline 0.018 -14"><span class='ocrx_word' id='word_1_116' title='bbox 1087 1421 1161 1459; x_wconf 78' lang='lat'><strong>184,</strong></span> <span class='ocrx_word' id='word_1_117' title='bbox 1183 1423 1222 1454; x_wconf 85' lang='lat' dir='ltr'><strong>At</strong></span> <span class='ocrx_word' id='word_1_118' title='bbox 1235 1437 1284 1466; x_wconf 80' lang='lat' dir='ltr'><strong>que</strong></span> <span class='ocrx_word' id='word_1_119' title='bbox 1295 1426 1413 1458; x_wconf 82' lang='lat' dir='ltr'><strong>Medic.</strong></span> 
     </span>
    </p>
   </div>
   <div class='ocr_carea' id='block_1_23' title="bbox 99 1461 1095 1510">
    <p class='ocr_par' dir='ltr' id='par_1_23' title="bbox 99 1461 1095 1510">
     <span class='ocr_line' id='line_1_24' title="bbox 99 1461 1095 1510; baseline 0.012 -20"><span class='ocrx_word' id='word_1_120' title='bbox 99 1470 118 1491; x_wconf 82' lang='lat' dir='ltr'><strong>a</strong></span> <span class='ocrx_word' id='word_1_121' title='bbox 133 1469 178 1491; x_wconf 90' lang='lat' dir='ltr'><strong>m.</strong></span> <span class='ocrx_word' id='word_1_122' title='bbox 195 1468 243 1502; x_wconf 86' lang='lat' dir='ltr'><strong>pr.</strong></span> <span class='ocrx_word' id='word_1_123' title='bbox 261 1467 293 1491; x_wconf 89' lang='lat' dir='ltr'><strong>et</strong></span> <span class='ocrx_word' id='word_1_124' title='bbox 311 1461 395 1492; x_wconf 86' lang='lat' dir='ltr'><strong>Gud.</strong></span> <span class='ocrx_word' id='word_1_125' title='bbox 441 1463 533 1503; x_wconf 80' lang='lat' dir='ltr'><em>Atque</em></span> <span class='ocrx_word' id='word_1_126' title='bbox 547 1470 571 1493; x_wconf 80' lang='lat' dir='ltr'><strong>et</strong></span> <span class='ocrx_word' id='word_1_127' title='bbox 587 1463 666 1495; x_wconf 81' lang='lat' dir='ltr'><strong>alter</strong></span> <span class='ocrx_word' id='word_1_128' title='bbox 682 1467 811 1509; x_wconf 85' lang='lat' dir='ltr'><strong>Menag.</strong></span> <span class='ocrx_word' id='word_1_129' title='bbox 857 1469 899 1498; x_wconf 88' lang='lat' dir='ltr'><strong>Et</strong></span> <span class='ocrx_word' id='word_1_130' title='bbox 912 1482 969 1510; x_wconf 79' lang='lat' dir='ltr'><strong>quae</strong></span> <span class='ocrx_word' id='word_1_131' title='bbox 985 1471 1095 1503; x_wconf 79' lang='lat' dir='ltr'><strong>Franc.</strong></span> 
     </span>
    </p>
   </div>
   <div class='ocr_carea' id='block_1_24' title="bbox 83 1600 723 2523">
    <p class='ocr_par' dir='ltr' id='par_1_24' title="bbox 83 1600 723 2523">
     <span class='ocr_line' id='line_1_25' title="bbox 96 1600 723 1651; baseline 0.01 -18"><span class='ocrx_word' id='word_1_132' title='bbox 96 1609 227 1646; x_wconf 69' lang='lat' dir='ltr'><strong>parcae,</strong></span> <span class='ocrx_word' id='word_1_133' title='bbox 260 1605 299 1634; x_wconf 88' lang='lat' dir='ltr'><strong>ut</strong></span> <span class='ocrx_word' id='word_1_134' title='bbox 329 1606 456 1635; x_wconf 86' lang='lat' dir='ltr'><strong>contra</strong></span> <span class='ocrx_word' id='word_1_135' title='bbox 475 1600 614 1651; x_wconf 81' lang='lat' dir='ltr'><strong>fhciles,</strong></span> <span class='ocrx_word' id='word_1_136' title='bbox 656 1601 723 1639; x_wconf 89' lang='lat' dir='ltr'><strong>fer-</strong></span> 
     </span>
     <span class='ocr_line' id='line_1_26' title="bbox 97 1647 722 1699; baseline 0.01 -15"><span class='ocrx_word' id='word_1_137' title='bbox 97 1647 195 1693; x_wconf 83' lang='lat' dir='ltr'><strong>tiles,</strong></span> <span class='ocrx_word' id='word_1_138' title='bbox 223 1649 319 1699; x_wconf 83' lang='lat' dir='ltr'><strong>quasi</strong></span> <span class='ocrx_word' id='word_1_139' title='bbox 335 1649 514 1696; x_wconf 82' lang='lat' dir='ltr'><strong>liberales,</strong></span> <span class='ocrx_word' id='word_1_140' title='bbox 533 1653 722 1690; x_wconf 85' lang='lat' dir='ltr'><strong>muniflcae.</strong></span> 
     </span>
     <span class='ocr_line' id='line_1_27' title="bbox 83 1701 719 1752; baseline 0.009 -16"><span class='ocrx_word' id='word_1_141' title='bbox 83 1704 233 1751; x_wconf 77' lang='lat' dir='ltr'><strong>frugum</strong></span> <span class='ocrx_word' id='word_1_142' title='bbox 251 1701 372 1752; x_wconf 80' lang='lat' dir='ltr'><strong>facilis</strong></span> <span class='ocrx_word' id='word_1_143' title='bbox 403 1713 494 1739; x_wconf 75' lang='lat' dir='ltr'><strong>zerra</strong></span> <span class='ocrx_word' id='word_1_144' title='bbox 526 1703 719 1742; x_wconf 85' lang='lat' dir='ltr'><strong>Claudian.</strong></span> 
     </span>
     <span class='ocr_line' id='line_1_28' title="bbox 97 1750 719 1804; baseline 0.01 -17"><span class='ocrx_word' id='word_1_145' title='bbox 97 1750 258 1797; x_wconf 85' lang='lat' dir='ltr'>XXIX,</span> <span class='ocrx_word' id='word_1_146' title='bbox 284 1765 341 1801; x_wconf 71' lang='lat'><strong>54.</strong></span> <span class='ocrx_word' id='word_1_147' title='bbox 384 1753 594 1804; x_wconf 86' lang='lat' dir='ltr'><strong>Junguntur</strong></span> <span class='ocrx_word' id='word_1_148' title='bbox 611 1755 719 1793; x_wconf 88' lang='lat' dir='ltr'><strong>etiam</strong></span> 
     </span>
     <span class='ocr_line' id='line_1_29' title="bbox 95 1803 719 1854; baseline 0.008 -14"><span class='ocrx_word' id='word_1_149' title='bbox 95 1803 189 1840; x_wconf 79' lang='lat' dir='ltr'><strong>colles</strong></span> <span class='ocrx_word' id='word_1_150' title='bbox 214 1804 359 1854; x_wconf 74' lang='lat' dir='ltr'><strong>maligni</strong></span> <span class='ocrx_word' id='word_1_151' title='bbox 394 1807 521 1842; x_wconf 87' lang='lat' dir='ltr'><strong>eodem</strong></span> <span class='ocrx_word' id='word_1_152' title='bbox 556 1805 653 1844; x_wconf 85' lang='lat' dir='ltr'><strong>sensu</strong></span> <span class='ocrx_word' id='word_1_153' title='bbox 684 1818 719 1845; x_wconf 91' lang='lat' dir='ltr'><strong>et</strong></span> 
     </span>
     <span class='ocr_line' id='line_1_30' title="bbox 93 1853 719 1905; baseline 0.01 -15"><span class='ocrx_word' id='word_1_154' title='bbox 93 1853 251 1905; x_wconf 63' lang='lat' dir='ltr'><strong>respefiu</strong></span> <span class='ocrx_word' id='word_1_155' title='bbox 290 1856 337 1892; x_wconf 88' lang='lat' dir='ltr'><strong>ad</strong></span> <span class='ocrx_word' id='word_1_156' title='bbox 365 1855 617 1894; x_wconf 84' lang='lat' dir='ltr'><strong>liberalitatem</strong></span> <span class='ocrx_word' id='word_1_157' title='bbox 654 1859 719 1896; x_wconf 90' lang='lat' dir='ltr'><strong>soli</strong></span> 
     </span>
     <span class='ocr_line' id='line_1_31' title="bbox 93 1906 717 1956; baseline 0.01 -14"><span class='ocrx_word' id='word_1_158' title='bbox 93 1918 136 1942; x_wconf 87' lang='lat' dir='ltr'><strong>ac</strong></span> <span class='ocrx_word' id='word_1_159' title='bbox 166 1906 403 1945; x_wconf 83' lang='lat' dir='ltr'><strong>fertilitatem.</strong></span> <span class='ocrx_word' id='word_1_160' title='bbox 441 1907 539 1946; x_wconf 87' lang='lat' dir='ltr'><strong>conf.</strong></span> <span class='ocrx_word' id='word_1_161' title='bbox 578 1909 717 1956; x_wconf 86' lang='lat' dir='ltr'><strong>Burm.‚</strong></span> 
     </span>
     <span class='ocr_line' id='line_1_32' title="bbox 93 1957 717 2006; baseline 0.008 -13"><span class='ocrx_word' id='word_1_162' title='bbox 93 1957 157 2006; x_wconf 90' lang='lat' dir='ltr'><strong>qui</strong></span> <span class='ocrx_word' id='word_1_163' title='bbox 175 1958 214 1995; x_wconf 92' lang='lat' dir='ltr'><strong>in</strong></span> <span class='ocrx_word' id='word_1_164' title='bbox 231 1957 377 1996; x_wconf 90' lang='lat' dir='ltr'><strong>notione</strong></span> <span class='ocrx_word' id='word_1_165' title='bbox 390 1958 717 1998; x_wconf 85' lang='lat' dir='ltr'><strong>finiendalaborare</strong></span> 
     </span>
     <span class='ocr_line' id='line_1_33' title="bbox 92 2009 714 2062; baseline 0.008 -17"><span class='ocrx_word' id='word_1_166' title='bbox 92 2009 244 2047; x_wconf 89' lang='lat' dir='ltr'><strong>videtur.</strong></span> <span class='ocrx_word' id='word_1_167' title='bbox 294 2009 512 2060; x_wconf 83' lang='lat' dir='ltr'><strong>Praeceptum</strong></span> <span class='ocrx_word' id='word_1_168' title='bbox 532 2011 649 2062; x_wconf 87' lang='lat' dir='ltr'><strong>ipsum</strong></span> <span class='ocrx_word' id='word_1_169' title='bbox 669 2013 714 2050; x_wconf 91' lang='lat' dir='ltr'><strong>il-</strong></span> 
     </span>
     <span class='ocr_line' id='line_1_34' title="bbox 92 2059 713 2112; baseline 0.01 -16"><span class='ocrx_word' id='word_1_170' title='bbox 92 2059 215 2098; x_wconf 89' lang='lat' dir='ltr'><strong>lustrat</strong></span> <span class='ocrx_word' id='word_1_171' title='bbox 234 2060 500 2112; x_wconf 87' lang='lat' dir='ltr'><strong>Theophrastus</strong></span> <span class='ocrx_word' id='word_1_172' title='bbox 525 2062 570 2099; x_wconf 91' lang='lat' dir='ltr'><strong>de</strong></span> <span class='ocrx_word' id='word_1_173' title='bbox 594 2064 713 2103; x_wconf 81' lang='lat' dir='ltr'><strong>Causs&#39;.</strong></span> 
     </span>
     <span class='ocr_line' id='line_1_35' title="bbox 92 2108 714 2159; baseline 0.01 -12"><span class='ocrx_word' id='word_1_174' title='bbox 92 2108 211 2150; x_wconf 90' lang='lat' dir='ltr'><strong>Plant.</strong></span> <span class='ocrx_word' id='word_1_175' title='bbox 233 2111 287 2155; x_wconf 86' lang='grc' dir='ltr'><strong>ΙΙ,</strong></span> <span class='ocrx_word' id='word_1_176' title='bbox 321 2126 352 2151; x_wconf 90' lang='lat'><strong>1.</strong></span> <span class='ocrx_word' id='word_1_177' title='bbox 406 2113 502 2150; x_wconf 87' lang='lat' dir='ltr'><strong>Cato</strong></span> <span class='ocrx_word' id='word_1_178' title='bbox 523 2127 555 2152; x_wconf 91' lang='lat' dir='ltr'><strong>c.</strong></span> <span class='ocrx_word' id='word_1_179' title='bbox 579 2116 623 2159; x_wconf 74' lang='lat'><strong>63</strong></span> <span class='ocrx_word' id='word_1_180' title='bbox 652 2128 714 2153; x_wconf 82' lang='lat' dir='ltr'><strong>ne-</strong></span> 
     </span>
     <span class='ocr_line' id='line_1_36' title="bbox 90 2165 711 2215; baseline 0.008 -16"><span class='ocrx_word' id='word_1_181' title='bbox 90 2175 160 2212; x_wconf 91' lang='lat' dir='ltr'><strong>que</strong></span> <span class='ocrx_word' id='word_1_182' title='bbox 203 2173 391 2215; x_wconf 84' lang='lat' dir='ltr'><strong>repugnat,</strong></span> <span class='ocrx_word' id='word_1_183' title='bbox 419 2165 517 2214; x_wconf 92' lang='lat' dir='ltr'><strong>quod</strong></span> <span class='ocrx_word' id='word_1_184' title='bbox 552 2166 711 2205; x_wconf 83' lang='lat' dir='ltr'><strong>olearum</strong></span> 
     </span>
     <span class='ocr_line' id='line_1_37' title="bbox 91 2214 713 2267; baseline 0.006 -16"><span class='ocrx_word' id='word_1_185' title='bbox 91 2214 208 2252; x_wconf 83' lang='lat' dir='ltr'><strong>cultui</strong></span> <span class='ocrx_word' id='word_1_186' title='bbox 242 2216 305 2252; x_wconf 88' lang='lat' dir='ltr'><strong>alii</strong></span> <span class='ocrx_word' id='word_1_187' title='bbox 332 2215 446 2252; x_wconf 90' lang='lat' dir='ltr'><strong>solum</strong></span> <span class='ocrx_word' id='word_1_188' title='bbox 480 2215 615 2267; x_wconf 85' lang='lat' dir='ltr'><strong>pingue</strong></span> <span class='ocrx_word' id='word_1_189' title='bbox 650 2219 713 2255; x_wconf 88' lang='lat' dir='ltr'><strong>ad-</strong></span> 
     </span>
     <span class='ocr_line' id='line_1_38' title="bbox 90 2265 712 2316; baseline 0.008 -14"><span class='ocrx_word' id='word_1_190' title='bbox 90 2265 243 2316; x_wconf 77' lang='lat' dir='ltr'><strong>signant.</strong></span> <span class='ocrx_word' id='word_1_191' title='bbox 323 2267 416 2304; x_wconf 81' lang='lat' dir='ltr'><strong>Caeli</strong></span> <span class='ocrx_word' id='word_1_192' title='bbox 462 2267 558 2305; x_wconf 89' lang='lat' dir='ltr'><strong>enim</strong></span> <span class='ocrx_word' id='word_1_193' title='bbox 612 2271 712 2307; x_wconf 87' lang='lat' dir='ltr'><strong>loco-</strong></span> 
     </span>
     <span class='ocr_line' id='line_1_39' title="bbox 88 2317 712 2368; baseline 0.005 -13"><span class='ocrx_word' id='word_1_194' title='bbox 88 2330 239 2368; x_wconf 87' lang='lat' dir='ltr'><strong>rumque</strong></span> <span class='ocrx_word' id='word_1_195' title='bbox 265 2317 403 2355; x_wconf 90' lang='lat' dir='ltr'><strong>indoles</strong></span> <span class='ocrx_word' id='word_1_196' title='bbox 437 2331 478 2355; x_wconf 87' lang='lat' dir='ltr'><strong>ac</strong></span> <span class='ocrx_word' id='word_1_197' title='bbox 510 2319 592 2357; x_wconf 81' lang='lat' dir='ltr'><strong>fitus</strong></span> <span class='ocrx_word' id='word_1_198' title='bbox 623 2321 712 2359; x_wconf 84' lang='lat' dir='ltr'><strong>alibi</strong></span> 
     </span>
     <span class='ocr_line' id='line_1_40' title="bbox 88 2368 711 2417; baseline 0.006 -12"><span class='ocrx_word' id='word_1_199' title='bbox 88 2368 190 2405; x_wconf 88' lang='lat' dir='ltr'><strong>aliud</strong></span> <span class='ocrx_word' id='word_1_200' title='bbox 224 2369 385 2407; x_wconf 87' lang='lat' dir='ltr'><strong>suadent.</strong></span> <span class='ocrx_word' id='word_1_201' title='bbox 413 2369 463 2407; x_wconf 90' lang='lat' dir='ltr'><strong>cf.</strong></span> <span class='ocrx_word' id='word_1_202' title='bbox 496 2369 586 2408; x_wconf 89' lang='lat' dir='ltr'><strong>Plin.</strong></span> <span class='ocrx_word' id='word_1_203' title='bbox 618 2372 711 2417; x_wconf 91' lang='lat' dir='ltr'><strong>XII,</strong></span> 
     </span>
     <span class='ocr_line' id='line_1_41' title="bbox 93 2420 712 2473; baseline 0.005 -15"><span class='ocrx_word' id='word_1_204' title='bbox 93 2423 155 2464; x_wconf 86' lang='lat'><strong>18,</strong></span> <span class='ocrx_word' id='word_1_205' title='bbox 183 2420 209 2458; x_wconf 85' lang='lat' dir='ltr'><strong>s.</strong></span> <span class='ocrx_word' id='word_1_206' title='bbox 242 2434 304 2469; x_wconf 86' lang='lat'><strong>30.</strong></span> <span class='ocrx_word' id='word_1_207' title='bbox 337 2435 397 2470; x_wconf 85' lang='lat'><strong>31.</strong></span> <span class='ocrx_word' id='word_1_208' title='bbox 453 2420 632 2473; x_wconf 86' lang='lat' dir='ltr'><strong>Virgilius</strong></span> <span class='ocrx_word' id='word_1_209' title='bbox 666 2425 712 2461; x_wconf 89' lang='lat' dir='ltr'><strong>de</strong></span> 
     </span>
     <span class='ocr_line' id='line_1_42' title="bbox 88 2471 710 2523; baseline 0.008 -15"><span class='ocrx_word' id='word_1_210' title='bbox 88 2471 296 2522; x_wconf 87' lang='lat' dir='ltr'><strong>regionibus</strong></span> <span class='ocrx_word' id='word_1_211' title='bbox 339 2471 607 2523; x_wconf 73' lang='lat' dir='ltr'><strong>Transpadanis</strong></span> <span class='ocrx_word' id='word_1_212' title='bbox 649 2489 710 2512; x_wconf 90' lang='lat' dir='ltr'><strong>co-</strong></span> 
     </span>
    </p>
   </div>
   <div class='ocr_carea' id='block_1_25' title="bbox 83 2523 712 2575">
    <p class='ocr_par' dir='ltr' id='par_1_25' title="bbox 12 2508 712 2575">
     <span class='ocr_line' id='line_1_43' title="bbox 83 2523 712 2575; baseline 0.006 -15.594"><span class='ocrx_word' id='word_1_213' title='bbox 83 2523 240 2573; x_wconf 78' lang='lat' dir='ltr'><strong>gitabat,</strong></span> <span class='ocrx_word' id='word_1_214' title='bbox 266 2536 437 2575; x_wconf 88' lang='lat' dir='ltr'><strong>aquarum</strong></span> <span class='ocrx_word' id='word_1_215' title='bbox 483 2525 615 2562; x_wconf 81' lang='lat' dir='ltr'><strong>eluviei</strong></span> <span class='ocrx_word' id='word_1_216' title='bbox 648 2527 712 2563; x_wconf 86' lang='lat' dir='ltr'><strong>ob-</strong></span> 
     </span>
    </p>
   </div>
   <div class='ocr_carea' id='block_1_26' title="bbox 84 2574 711 2731">
    <p class='ocr_par' dir='ltr' id='par_1_26' title="bbox 84 2574 711 2731">
     <span class='ocr_line' id='line_1_44' title="bbox 86 2574 711 2621; baseline 0.005 -9"><span class='ocrx_word' id='word_1_217' title='bbox 86 2574 232 2621; x_wconf 84' lang='lat' dir='ltr'><strong>noxiis3</strong></span> <span class='ocrx_word' id='word_1_218' title='bbox 261 2586 300 2612; x_wconf 92' lang='lat' dir='ltr'><strong>ut</strong></span> <span class='ocrx_word' id='word_1_219' title='bbox 335 2574 424 2611; x_wconf 89' lang='lat' dir='ltr'><strong>bene</strong></span> <span class='ocrx_word' id='word_1_220' title='bbox 458 2575 551 2613; x_wconf 89' lang='lat' dir='ltr'><strong>vidit</strong></span> <span class='ocrx_word' id='word_1_221' title='bbox 579 2577 711 2615; x_wconf 81' lang='lat' dir='ltr'><strong>Marti-</strong></span> 
     </span>
     <span class='ocr_line' id='line_1_45' title="bbox 85 2627 709 2678; baseline 0 -15"><span class='ocrx_word' id='word_1_222' title='bbox 85 2638 166 2664; x_wconf 81' lang='lat' dir='ltr'><strong>nus.</strong></span> <span class='ocrx_word' id='word_1_223' title='bbox 223 2627 306 2664; x_wconf 87' lang='lat'><strong>180.</strong></span> <span class='ocrx_word' id='word_1_224' title='bbox 337 2627 459 2664; x_wconf 69' lang='lat' dir='ltr'><strong>‘Tenuis</strong></span> <span class='ocrx_word' id='word_1_225' title='bbox 475 2628 605 2678; x_wconf 78' lang='lat' dir='ltr'><strong>argilla</strong></span> <span class='ocrx_word' id='word_1_226' title='bbox 628 2629 709 2667; x_wconf 73' lang='lat' dir='ltr'><strong>Ser.</strong></span> 
     </span>
     <span class='ocr_line' id='line_1_46' title="bbox 84 2677 704 2731; baseline 0.006 -17"><span class='ocrx_word' id='word_1_227' title='bbox 84 2677 146 2714; x_wconf 76' lang='lat' dir='ltr'><strong>vio</strong></span> <span class='ocrx_word' id='word_1_228' title='bbox 166 2679 245 2727; x_wconf 84' lang='lat' dir='ltr'><strong>fine</strong></span> <span class='ocrx_word' id='word_1_229' title='bbox 273 2677 420 2720; x_wconf 73' lang='lat' dir='ltr'><strong>humore,</strong></span> <span class='ocrx_word' id='word_1_230' title='bbox 461 2683 540 2729; x_wconf 78' lang='lat' dir='ltr'><strong>quia</strong></span> <span class='ocrx_word' id='word_1_231' title='bbox 572 2684 613 2731; x_wconf 71' lang='lat' dir='ltr'><em>ss</em></span> <span class='ocrx_word' id='word_1_232' title='bbox 644 2683 704 2728; x_wconf 85' lang='lat' dir='ltr'><strong>(ex</strong></span> 
     </span>
    </p>
   </div>
   <div class='ocr_carea' id='block_1_27' title="bbox 16 2729 707 2782">
    <p class='ocr_par' dir='ltr' id='par_1_27' title="bbox 16 2729 707 2782">
     <span class='ocr_line' id='line_1_47' title="bbox 16 2729 707 2782; baseline 0.007 -17"><span class='ocrx_word' id='word_1_233' title='bbox 16 2739 17 2780; x_wconf 61' lang='lat' dir='ltr'><strong>J</strong></span> <span class='ocrx_word' id='word_1_234' title='bbox 83 2729 260 2779; x_wconf 86' lang='lat' dir='ltr'><strong>oppofito,</strong></span> <span class='ocrx_word' id='word_1_235' title='bbox 278 2733 377 2778; x_wconf 83' lang='lat' dir='ltr'><strong>puta)</strong></span> <span class='ocrx_word' id='word_1_236' title='bbox 395 2740 427 2765; x_wconf 65' lang='lat' dir='ltr'><strong>et</strong></span> <span class='ocrx_word' id='word_1_237' title='bbox 436 2734 586 2782; x_wconf 76' lang='lat' dir='ltr'><strong>pinguis.</strong></span> <span class='ocrx_word' id='word_1_238' title='bbox 629 2732 707 2770; x_wconf 84' lang='lat' dir='ltr'><strong>Sci-</strong></span> 
     </span>
    </p>
   </div>
   <div class='ocr_carea' id='block_1_28' title="bbox 83 2779 708 2873">
    <p class='ocr_par' dir='ltr' id='par_1_28' title="bbox 83 2779 708 2873">
     <span class='ocr_line' id='line_1_48' title="bbox 83 2779 708 2834; baseline 0.01 -19"><span class='ocrx_word' id='word_1_239' title='bbox 83 2779 169 2816; x_wconf 87' lang='lat' dir='ltr'><strong>licet</strong></span> <span class='ocrx_word' id='word_1_240' title='bbox 185 2780 231 2817; x_wconf 88' lang='lat' dir='ltr'><strong>est</strong></span> <span class='ocrx_word' id='word_1_241' title='bbox 249 2779 368 2825; x_wconf 83' lang='lat' dir='ltr'><strong>exilis,</strong></span> <span class='ocrx_word' id='word_1_242' title='bbox 393 2781 528 2830; x_wconf 86' lang='lat' dir='ltr'><strong>jejuna,</strong></span> <span class='ocrx_word' id='word_1_243' title='bbox 547 2783 708 2834; x_wconf 83' lang='lat' dir='ltr'><strong>adeoque</strong></span> 
     </span>
     <span class='ocr_line' id='line_1_49' title="bbox 83 2829 708 2873; baseline 0.011 -7"><span class='ocrx_word' id='word_1_244' title='bbox 83 2829 155 2868; x_wconf 88' lang='lat' dir='ltr'><strong>fine</strong></span> <span class='ocrx_word' id='word_1_245' title='bbox 169 2830 288 2873; x_wconf 73' lang='lat' dir='ltr'><strong>suem,</strong></span> <span class='ocrx_word' id='word_1_246' title='bbox 301 2832 440 2870; x_wconf 74' lang='lat' dir='ltr'><strong>sterilis.</strong></span> <span class='ocrx_word' id='word_1_247' title='bbox 474 2836 708 2873; x_wconf 70' lang='lat' dir='ltr'><strong>181.vivacis</strong></span> 
     </span>
    </p>
   </div>
   <div class='ocr_carea' id='block_1_29' title="bbox 81 2881 703 2938">
    <p class='ocr_par' dir='ltr' id='par_1_29' title="bbox 81 2881 703 2938">
     <span class='ocr_line' id='line_1_50' title="bbox 81 2881 703 2938; baseline 0.014 -20"><span class='ocrx_word' id='word_1_248' title='bbox 81 2881 199 2923; x_wconf 79' lang='lat' dir='ltr'><strong>olivae.</strong></span> <span class='ocrx_word' id='word_1_249' title='bbox 240 2882 330 2921; x_wconf 86' lang='lat' dir='ltr'><strong>Plin.</strong></span> <span class='ocrx_word' id='word_1_250' title='bbox 359 2884 470 2930; x_wconf 85' lang='lat' dir='ltr'>XVI,</span> <span class='ocrx_word' id='word_1_251' title='bbox 504 2899 569 2937; x_wconf 78' lang='lat'><strong>44,</strong></span> <span class='ocrx_word' id='word_1_252' title='bbox 596 2886 625 2929; x_wconf 73' lang='lat' dir='ltr'><strong>s.</strong></span> <span class='ocrx_word' id='word_1_253' title='bbox 651 2899 703 2938; x_wconf 89' lang='lat'><strong>90</strong></span> 
     </span>
    </p>
   </div>
   <div class='ocr_carea' id='block_1_30' title="bbox 788 1604 1412 1753">
    <p class='ocr_par' dir='ltr' id='par_1_30' title="bbox 788 1604 1412 1753">
     <span class='ocr_line' id='line_1_51' title="bbox 790 1604 1412 1659; baseline 0.018 -19"><span class='ocrx_word' id='word_1_254' title='bbox 790 1604 1000 1652; x_wconf 71' lang='lat' dir='ltr'><strong>Firmffimce</strong></span> <span class='ocrx_word' id='word_1_255' title='bbox 1032 1623 1110 1659; x_wconf 79' lang='lat' dir='ltr'><strong>ergo</strong></span> <span class='ocrx_word' id='word_1_256' title='bbox 1141 1612 1193 1648; x_wconf 76' lang='lat' dir='ltr'><strong>ad</strong></span> <span class='ocrx_word' id='word_1_257' title='bbox 1221 1613 1412 1650; x_wconf 77' lang='lat' dir='ltr'><strong>vivendum</strong></span> 
     </span>
     <span class='ocr_line' id='line_1_52' title="bbox 788 1655 1411 1709; baseline 0.014 -18"><span class='ocrx_word' id='word_1_258' title='bbox 788 1655 881 1698; x_wconf 71' lang='lat' dir='ltr'><strong>oleae,</strong></span> <span class='ocrx_word' id='word_1_259' title='bbox 900 1668 937 1694; x_wconf 85' lang='lat' dir='ltr'><strong>ut</strong></span> <span class='ocrx_word' id='word_1_260' title='bbox 963 1673 1046 1709; x_wconf 74' lang='lat' dir='ltr'><strong>quas</strong></span> <span class='ocrx_word' id='word_1_261' title='bbox 1067 1661 1191 1698; x_wconf 79' lang='lat' dir='ltr'><strong>durare</strong></span> <span class='ocrx_word' id='word_1_262' title='bbox 1220 1668 1318 1701; x_wconf 82' lang='lat' dir='ltr'><strong>annis</strong></span> <span class='ocrx_word' id='word_1_263' title='bbox 1343 1664 1411 1700; x_wconf 91' lang='lat' dir='ltr'><strong>CC</strong></span> 
     </span>
     <span class='ocr_line' id='line_1_53' title="bbox 788 1711 1407 1753; baseline 0.019 -11"><span class='ocrx_word' id='word_1_264' title='bbox 788 1711 878 1743; x_wconf 68' lang='lat' dir='ltr'><strong>inter</strong></span> <span class='ocrx_word' id='word_1_265' title='bbox 917 1716 1064 1747; x_wconf 57' lang='lat' dir='ltr'><strong>staeffores</strong></span> <span class='ocrx_word' id='word_1_266' title='bbox 1123 1719 1310 1753; x_wconf 76' lang='lat' dir='ltr'><strong>conveniat.</strong></span> <span class='ocrx_word' id='word_1_267' title='bbox 1356 1715 1407 1753; x_wconf 85' lang='lat' dir='ltr'><strong>cf.</strong></span> 
     </span>
    </p>
   </div>
   <div class='ocr_carea' id='block_1_31' title="bbox 766 1758 1408 3000">
    <p class='ocr_par' dir='ltr' id='par_1_31' title="bbox 782 1758 1408 2071">
     <span class='ocr_line' id='line_1_54' title="bbox 790 1758 1408 1809; baseline 0.019 -16"><span class='ocrx_word' id='word_1_268' title='bbox 790 1758 1025 1809; x_wconf 86' lang='lat' dir='ltr'><strong>Theophrast.</strong></span> <span class='ocrx_word' id='word_1_269' title='bbox 1061 1762 1106 1799; x_wconf 90' lang='lat' dir='ltr'><strong>de</strong></span> <span class='ocrx_word' id='word_1_270' title='bbox 1139 1763 1259 1804; x_wconf 80' lang='lat' dir='ltr'><strong>Causs.</strong></span> <span class='ocrx_word' id='word_1_271' title='bbox 1293 1766 1408 1805; x_wconf 85' lang='lat' dir='ltr'><strong>Plant.</strong></span> 
     </span>
     <span class='ocr_line' id='line_1_55' title="bbox 787 1808 1407 1869; baseline 0.018 -24"><span class='ocrx_word' id='word_1_272' title='bbox 787 1808 840 1853; x_wconf 90' lang='grc' dir='ltr'><strong>ΙΙ,</strong></span> <span class='ocrx_word' id='word_1_273' title='bbox 874 1823 930 1861; x_wconf 80' lang='lat'><strong>15·</strong></span> <span class='ocrx_word' id='word_1_274' title='bbox 961 1811 1056 1850; x_wconf 90' lang='lat' dir='ltr'><strong>Hist.</strong></span> <span class='ocrx_word' id='word_1_275' title='bbox 1095 1813 1211 1853; x_wconf 87' lang='lat' dir='ltr'><strong>Plant.</strong></span> <span class='ocrx_word' id='word_1_276' title='bbox 1243 1816 1315 1861; x_wconf 89' lang='lat' dir='ltr'><strong>IV,</strong></span> <span class='ocrx_word' id='word_1_277' title='bbox 1348 1831 1407 1869; x_wconf 78' lang='grc' dir='ltr'><strong>ις.</strong></span> 
     </span>
     <span class='ocr_line' id='line_1_56' title="bbox 793 1861 1408 1915; baseline 0.018 -19"><span class='ocrx_word' id='word_1_278' title='bbox 793 1863 875 1899; x_wconf 81' lang='lat'><strong>182.</strong></span> <span class='ocrx_word' id='word_1_279' title='bbox 908 1861 1069 1912; x_wconf 63' lang='lat' dir='ltr'><strong>Oleaster,</strong></span> <span class='ocrx_word' id='word_1_280' title='bbox 1089 1865 1247 1905; x_wconf 84' lang='lat' dir='ltr'><strong>diversus</strong></span> <span class='ocrx_word' id='word_1_281' title='bbox 1274 1869 1320 1905; x_wconf 86' lang='lat' dir='ltr'><strong>ab</strong></span> <span class='ocrx_word' id='word_1_282' title='bbox 1349 1882 1408 1915; x_wconf 86' lang='lat' dir='ltr'><strong>e0‚</strong></span> 
     </span>
     <span class='ocr_line' id='line_1_57' title="bbox 786 1917 1408 1971; baseline 0.018 -23"><span class='ocrx_word' id='word_1_283' title='bbox 786 1924 892 1961; x_wconf 85' lang='lat' dir='ltr'><strong>quem</strong></span> <span class='ocrx_word' id='word_1_284' title='bbox 921 1927 984 1951; x_wconf 88' lang='lat' dir='ltr'><strong>nos</strong></span> <span class='ocrx_word' id='word_1_285' title='bbox 1004 1928 1047 1951; x_wconf 92' lang='lat' dir='ltr'><strong>eo</strong></span> <span class='ocrx_word' id='word_1_286' title='bbox 1075 1917 1222 1955; x_wconf 89' lang='lat' dir='ltr'><strong>nomine</strong></span> <span class='ocrx_word' id='word_1_287' title='bbox 1252 1923 1408 1971; x_wconf 85' lang='lat' dir='ltr'><strong>appella-</strong></span> 
     </span>
     <span class='ocr_line' id='line_1_58' title="bbox 785 1965 1408 2013; baseline 0.021 -14"><span class='ocrx_word' id='word_1_288' title='bbox 785 1976 875 2001; x_wconf 71' lang='lat' dir='ltr'><strong>muS.</strong></span> <span class='ocrx_word' id='word_1_289' title='bbox 916 1979 950 2003; x_wconf 89' lang='lat' dir='ltr'><strong>v.</strong></span> <span class='ocrx_word' id='word_1_290' title='bbox 1000 1965 1153 2006; x_wconf 81' lang='lat' dir='ltr'><strong>Martin.</strong></span> <span class='ocrx_word' id='word_1_291' title='bbox 1203 1970 1408 2013; x_wconf 81' lang='lat' dir='ltr'><strong>Plurimus:</strong></span> 
     </span>
     <span class='ocr_line' id='line_1_59' title="bbox 782 2015 1140 2071; baseline 0.02 -20"><span class='ocrx_word' id='word_1_292' title='bbox 782 2023 822 2052; x_wconf 91' lang='lat' dir='ltr'><strong>ut</strong></span> <span class='ocrx_word' id='word_1_293' title='bbox 840 2015 979 2067; x_wconf 87' lang='lat' dir='ltr'><strong>Georg.</strong></span> <span class='ocrx_word' id='word_1_294' title='bbox 999 2018 1033 2062; x_wconf 83' lang='lat' dir='ltr'><strong>I,</strong></span> <span class='ocrx_word' id='word_1_295' title='bbox 1056 2024 1140 2071; x_wconf 84' lang='lat'><strong>187.</strong></span> 
     </span>
    </p>

    <p class='ocr_par' dir='ltr' id='par_1_32' title="bbox 766 2069 1408 2946">
     <span class='ocr_line' id='line_1_60' title="bbox 839 2069 1406 2127; baseline 0.018 -23"><span class='ocrx_word' id='word_1_296' title='bbox 839 2069 1051 2118; x_wconf 75' lang='lat'><strong>184—191.</strong></span> <span class='ocrx_word' id='word_1_297' title='bbox 1079 2073 1129 2107; x_wconf 82' lang='lat' dir='ltr'><strong>At</strong></span> <span class='ocrx_word' id='word_1_298' title='bbox 1157 2071 1289 2119; x_wconf 76' lang='lat' dir='ltr'><strong>humus,</strong></span> <span class='ocrx_word' id='word_1_299' title='bbox 1331 2091 1406 2127; x_wconf 78' lang='lat' dir='ltr'><strong>quae</strong></span> 
     </span>
     <span class='ocr_line' id='line_1_61' title="bbox 774 2120 1407 2174; baseline 0.019 -20"><span class='ocrx_word' id='word_1_300' title='bbox 774 2121 913 2171; x_wconf 80' lang='lat' dir='ltr'><strong>pinguis</strong></span> <span class='ocrx_word' id='word_1_301' title='bbox 932 2130 968 2156; x_wconf 88' lang='lat' dir='ltr'><strong>et</strong></span> <span class='ocrx_word' id='word_1_302' title='bbox 989 2120 1166 2172; x_wconf 86' lang='lat' dir='ltr'><strong>uliginosa</strong></span> <span class='ocrx_word' id='word_1_303' title='bbox 1184 2126 1240 2174; x_wconf 63' lang='lat' dir='ltr'><strong>qli,</strong></span> <span class='ocrx_word' id='word_1_304' title='bbox 1273 2137 1305 2163; x_wconf 84' lang='lat' dir='ltr'><strong>et</strong></span> <span class='ocrx_word' id='word_1_305' title='bbox 1319 2143 1407 2165; x_wconf 82' lang='lat' dir='ltr'><strong>cam·</strong></span> 
     </span>
     <span class='ocr_line' id='line_1_62' title="bbox 775 2175 1408 2224; baseline 0.019 -19"><span class='ocrx_word' id='word_1_306' title='bbox 775 2179 853 2218; x_wconf 78' lang='lat' dir='ltr'><strong>pus,</strong></span> <span class='ocrx_word' id='word_1_307' title='bbox 894 2176 950 2222; x_wconf 76' lang='lat' dir='ltr'><strong>qui</strong></span> <span class='ocrx_word' id='word_1_308' title='bbox 990 2175 1096 2211; x_wconf 74' lang='lat' dir='ltr'><strong>editus</strong></span> <span class='ocrx_word' id='word_1_309' title='bbox 1139 2178 1261 2224; x_wconf 71' lang='lat' dir='ltr'><strong>alstra,</strong></span> <span class='ocrx_word' id='word_1_310' title='bbox 1287 2179 1408 2217; x_wconf 80' lang='lat' dir='ltr'><strong>versus</strong></span> 
     </span>
     <span class='ocr_line' id='line_1_63' title="bbox 780 2221 1405 2282; baseline 0.019 -26"><span class='ocrx_word' id='word_1_311' title='bbox 780 2221 949 2267; x_wconf 86' lang='lat' dir='ltr'><strong>austrum,</strong></span> <span class='ocrx_word' id='word_1_312' title='bbox 982 2226 1038 2273; x_wconf 73' lang='lat' dir='ltr'><strong>est,</strong></span> <span class='ocrx_word' id='word_1_313' title='bbox 1071 2226 1208 2264; x_wconf 83' lang='lat' dir='ltr'><strong>et—hic</strong></span> <span class='ocrx_word' id='word_1_314' title='bbox 1239 2228 1304 2266; x_wconf 75' lang='lat' dir='ltr'><strong>tibi</strong></span> <span class='ocrx_word' id='word_1_315' title='bbox 1321 2234 1405 2282; x_wconf 66' lang='lat' dir='ltr'><strong>stif-</strong></span> 
     </span>
     <span class='ocr_line' id='line_1_64' title="bbox 768 2273 1406 2328; baseline 0.019 -20"><span class='ocrx_word' id='word_1_316' title='bbox 768 2273 864 2320; x_wconf 82' lang='lat' dir='ltr'><strong>ficz&#39;et</strong></span> <span class='ocrx_word' id='word_1_317' title='bbox 888 2275 962 2311; x_wconf 82' lang='lat' dir='ltr'><strong>olim</strong></span> <span class='ocrx_word' id='word_1_318' title='bbox 992 2280 1079 2313; x_wconf 53' lang='lat' dir='ltr'><strong>‘vites</strong></span> <span class='ocrx_word' id='word_1_319' title='bbox 1092 2279 1326 2328; x_wconf 74' lang='lat' dir='ltr'><strong>praevalidas,</strong></span> <span class='ocrx_word' id='word_1_320' title='bbox 1352 2283 1406 2319; x_wconf 86' lang='lat' dir='ltr'><strong>vi-</strong></span> 
     </span>
     <span class='ocr_line' id='line_1_65' title="bbox 780 2323 1402 2372; baseline 0.019 -13"><span class='ocrx_word' id='word_1_321' title='bbox 780 2323 876 2362; x_wconf 87' lang='lat' dir='ltr'><strong>tibus</strong></span> <span class='ocrx_word' id='word_1_322' title='bbox 918 2327 1077 2364; x_wconf 88' lang='lat' dir='ltr'><strong>colendis</strong></span> <span class='ocrx_word' id='word_1_323' title='bbox 1138 2329 1291 2369; x_wconf 89' lang='lat' dir='ltr'><strong>idoneus</strong></span> <span class='ocrx_word' id='word_1_324' title='bbox 1341 2334 1402 2372; x_wconf 82' lang='lat' dir='ltr'><strong>est.</strong></span> 
     </span>
     <span class='ocr_line' id='line_1_66' title="bbox 781 2373 1405 2427; baseline 0.018 -16"><span class='ocrx_word' id='word_1_325' title='bbox 781 2373 1040 2427; x_wconf 89' lang='lat' dir='ltr'><strong>Pinguedinem</strong></span> <span class='ocrx_word' id='word_1_326' title='bbox 1074 2388 1109 2416; x_wconf 88' lang='lat' dir='ltr'><strong>et</strong></span> <span class='ocrx_word' id='word_1_327' title='bbox 1135 2381 1218 2419; x_wconf 75' lang='lat' dir='ltr'><strong>uber</strong></span> <span class='ocrx_word' id='word_1_328' title='bbox 1243 2383 1280 2421; x_wconf 93' lang='lat' dir='ltr'><strong>h.</strong></span> <span class='ocrx_word' id='word_1_329' title='bbox 1301 2383 1405 2421; x_wconf 84' lang='lat' dir='ltr'><strong>uber-</strong></span> 
     </span>
     <span class='ocr_line' id='line_1_67' title="bbox 780 2428 1402 2488; baseline 0.019 -26"><span class='ocrx_word' id='word_1_330' title='bbox 780 2435 887 2464; x_wconf 84' lang='lat' dir='ltr'><strong>tatem</strong></span> <span class='ocrx_word' id='word_1_331' title='bbox 915 2428 979 2466; x_wconf 93' lang='lat' dir='ltr'><strong>soli</strong></span> <span class='ocrx_word' id='word_1_332' title='bbox 1000 2433 1048 2477; x_wconf 86' lang='lat' dir='ltr'><strong>(v.</strong></span> <span class='ocrx_word' id='word_1_333' title='bbox 1079 2431 1125 2468; x_wconf 87' lang='lat' dir='ltr'><strong>ad</strong></span> <span class='ocrx_word' id='word_1_334' title='bbox 1149 2432 1235 2471; x_wconf 85' lang='lat' dir='ltr'><strong>AEn.</strong></span> <span class='ocrx_word' id='word_1_335' title='bbox 1258 2435 1290 2479; x_wconf 88' lang='lat' dir='ltr'><strong>I,</strong></span> <span class='ocrx_word' id='word_1_336' title='bbox 1311 2438 1402 2488; x_wconf 79' lang='lat'><strong>531}</strong></span> 
     </span>
     <span class='ocr_line' id='line_1_68' title="bbox 778 2479 1401 2529; baseline 0.016 -15"><span class='ocrx_word' id='word_1_337' title='bbox 778 2479 938 2517; x_wconf 87' lang='lat' dir='ltr'><strong>colendis</strong></span> <span class='ocrx_word' id='word_1_338' title='bbox 956 2483 1150 2520; x_wconf 87' lang='lat' dir='ltr'><strong>conuenire</strong></span> <span class='ocrx_word' id='word_1_339' title='bbox 1173 2484 1320 2529; x_wconf 79' lang='lat' dir='ltr'><strong>vitibus,</strong></span> <span class='ocrx_word' id='word_1_340' title='bbox 1334 2487 1401 2523; x_wconf 90' lang='lat' dir='ltr'><strong>do-</strong></span> 
     </span>
     <span class='ocr_line' id='line_1_69' title="bbox 777 2533 1402 2581; baseline 0.018 -16"><span class='ocrx_word' id='word_1_341' title='bbox 777 2540 835 2566; x_wconf 83' lang='lat' dir='ltr'><strong>cet</strong></span> <span class='ocrx_word' id='word_1_342' title='bbox 887 2536 1019 2581; x_wconf 71' lang='lat' dir='ltr'><strong>poeta:</strong></span> <span class='ocrx_word' id='word_1_343' title='bbox 1065 2533 1293 2574; x_wconf 89' lang='lat' dir='ltr'><strong>consentiunt</strong></span> <span class='ocrx_word' id='word_1_344' title='bbox 1349 2537 1402 2575; x_wconf 85' lang='lat' dir='ltr'><strong>rci</strong></span> 
     </span>
     <span class='ocr_line' id='line_1_70' title="bbox 778 2581 1401 2640; baseline 0.016 -24"><span class='ocrx_word' id='word_1_345' title='bbox 778 2581 913 2619; x_wconf 77' lang='lat' dir='ltr'><strong>rusticae</strong></span> <span class='ocrx_word' id='word_1_346' title='bbox 944 2583 1157 2635; x_wconf 86' lang='lat' dir='ltr'><strong>scriptores:</strong></span> <span class='ocrx_word' id='word_1_347' title='bbox 1188 2597 1227 2623; x_wconf 90' lang='lat' dir='ltr'><strong>ut</strong></span> <span class='ocrx_word' id='word_1_348' title='bbox 1255 2588 1401 2640; x_wconf 89' lang='lat' dir='ltr'><strong>copiose</strong></span> 
     </span>
     <span class='ocr_line' id='line_1_71' title="bbox 776 2633 1403 2689; baseline 0.016 -21"><span class='ocrx_word' id='word_1_349' title='bbox 776 2633 929 2670; x_wconf 86' lang='lat' dir='ltr'><strong>ostendit</strong></span> <span class='ocrx_word' id='word_1_350' title='bbox 957 2634 1091 2673; x_wconf 80' lang='lat' dir='ltr'><strong>Cerda.</strong></span> <span class='ocrx_word' id='word_1_351' title='bbox 1157 2637 1255 2676; x_wconf 87' lang='lat' dir='ltr'><strong>Vide</strong></span> <span class='ocrx_word' id='word_1_352' title='bbox 1289 2639 1403 2689; x_wconf 86' lang='lat' dir='ltr'><strong>inpri-</strong></span> 
     </span>
     <span class='ocr_line' id='line_1_72' title="bbox 777 2683 1401 2734; baseline 0.016 -15"><span class='ocrx_word' id='word_1_353' title='bbox 777 2683 846 2720; x_wconf 87' lang='lat' dir='ltr'><strong>mis</strong></span> <span class='ocrx_word' id='word_1_354' title='bbox 871 2684 1017 2724; x_wconf 88' lang='lat' dir='ltr'><strong>Colum.</strong></span> <span class='ocrx_word' id='word_1_355' title='bbox 1048 2687 1122 2730; x_wconf 81' lang='lat' dir='ltr'><strong>Ill,</strong></span> <span class='ocrx_word' id='word_1_356' title='bbox 1153 2703 1213 2734; x_wconf 76' lang='grc' dir='ltr'><strong>ιι,</strong></span> <span class='ocrx_word' id='word_1_357' title='bbox 1244 2693 1277 2727; x_wconf 89' lang='grc'><strong>8.</strong></span> <span class='ocrx_word' id='word_1_358' title='bbox 1322 2691 1401 2728; x_wconf 92' lang='lat' dir='ltr'><strong>Sci-</strong></span> 
     </span>
     <span class='ocr_line' id='line_1_73' title="bbox 774 2734 1401 2779; baseline 0.016 -9"><span class='ocrx_word' id='word_1_359' title='bbox 774 2734 860 2771; x_wconf 86' lang='lat' dir='ltr'><strong>licet</strong></span> <span class='ocrx_word' id='word_1_360' title='bbox 879 2737 1103 2776; x_wconf 82' lang='lat' dir='ltr'><strong>referendum</strong></span> <span class='ocrx_word' id='word_1_361' title='bbox 1130 2750 1165 2777; x_wconf 85' lang='lat' dir='ltr'><strong>et</strong></span> <span class='ocrx_word' id='word_1_362' title='bbox 1191 2741 1260 2779; x_wconf 91' lang='lat' dir='ltr'><strong>hoc</strong></span> <span class='ocrx_word' id='word_1_363' title='bbox 1279 2742 1325 2779; x_wconf 80' lang='lat' dir='ltr'><strong>ad</strong></span> <span class='ocrx_word' id='word_1_364' title='bbox 1343 2742 1401 2779; x_wconf 89' lang='lat' dir='ltr'><strong>di-</strong></span> 
     </span>
     <span class='ocr_line' id='line_1_74' title="bbox 775 2787 1400 2840; baseline 0.014 -18"><span class='ocrx_word' id='word_1_365' title='bbox 775 2787 873 2824; x_wconf 86' lang='lat' dir='ltr'><strong>versa</strong></span> <span class='ocrx_word' id='word_1_366' title='bbox 900 2788 1032 2826; x_wconf 89' lang='lat' dir='ltr'><strong>vitium</strong></span> <span class='ocrx_word' id='word_1_367' title='bbox 1062 2803 1192 2840; x_wconf 88' lang='lat' dir='ltr'><strong>genera</strong></span> <span class='ocrx_word' id='word_1_368' title='bbox 1220 2802 1256 2829; x_wconf 89' lang='lat' dir='ltr'><strong>et</strong></span> <span class='ocrx_word' id='word_1_369' title='bbox 1281 2793 1400 2831; x_wconf 81' lang='lat' dir='ltr'><strong>diver-</strong></span> 
     </span>
     <span class='ocr_line' id='line_1_75' title="bbox 775 2836 1399 2892; baseline 0.016 -19"><span class='ocrx_word' id='word_1_370' title='bbox 775 2836 847 2876; x_wconf 82' lang='lat' dir='ltr'><strong>sam</strong></span> <span class='ocrx_word' id='word_1_371' title='bbox 899 2839 979 2878; x_wconf 80' lang='lat' dir='ltr'><strong>caeli</strong></span> <span class='ocrx_word' id='word_1_372' title='bbox 1035 2840 1174 2892; x_wconf 88' lang='lat' dir='ltr'><strong>solique</strong></span> <span class='ocrx_word' id='word_1_373' title='bbox 1223 2854 1399 2884; x_wconf 84' lang='lat' dir='ltr'><strong>naturam.</strong></span> 
     </span>
     <span class='ocr_line' id='line_1_76' title="bbox 766 2893 1399 2946; baseline 0.016 -21"><span class='ocrx_word' id='word_1_374' title='bbox 766 2893 931 2944; x_wconf 67' lang='lat' dir='ltr'><strong>pinguis:</strong></span> <span class='ocrx_word' id='word_1_375' title='bbox 970 2904 1055 2943; x_wconf 76' lang='lat' dir='ltr'><strong>opp.</strong></span> <span class='ocrx_word' id='word_1_376' title='bbox 1109 2893 1207 2933; x_wconf 84' lang='lat' dir='ltr'><strong>tenui</strong></span> <span class='ocrx_word' id='word_1_377' title='bbox 1250 2896 1399 2946; x_wconf 69' lang='lat' dir='ltr'><strong>argillae.</strong></span> 
     </span>
    </p>

    <p class='ocr_par' dir='ltr' id='par_1_33' title="bbox 1314 2952 1397 3000">
     <span class='ocr_line' id='line_1_77' title="bbox 1314 2952 1397 3000; baseline 0.012 -14"><span class='ocrx_word' id='word_1_378' title='bbox 1314 2952 1397 3000; x_wconf 72' lang='lat'><strong>¹37·</strong></span> 
     </span>
    </p>
   </div>
  </div>
 </body>
</html>
