1821 3381
374 272 848 347 BUCOLICA‚
916 289 1212 339 EcL.11.
1390 308 1454 356 43

138 433 247 459 verna
273 419 376 464 Iolae,
402 420 550 457 nomine
577 419 768 468 Corydon,
795 418 834 455 in
855 418 990 456 Alexin
1018 419 1145 457 misere
1170 422 1362 466 exarserat,
1389 423 1456 474 qui

138 490 282 537 domini
300 490 446 528 amasius
464 499 553 529 erat.
606 489 726 534 Locus
744 498 879 534 autem,
906 488 945 525 in
973 503 1046 539 quo
1072 490 1135 527 ille
1154 491 1317 532 dolorem
1342 492 1457 530 animi

139 559 301 598 carmine
329 559 490 609 mitigat,
521 558 846 600 convenientissime
873 557 1091 594 describitur
1119 573 1155 597 v.
1185 573 1310 612 3—-53
1336 569 1459 608 amant

139 637 297 673 amantes
323 626 555 663 solitudinem
573 625 753 661 filvarum.
806 624 947 662 Siculos
974 625 1013 661 in
1044 626 1111 663 hac
1143 627 1283 679 Ecloga
1305 630 1458 680 pastores

138 695 311 733 inducere
328 696 471 733 videtur
488 695 609 744 polita,
629 707 663 731 v.
684 706 746 731 21.
776 694 880 731 Mille
899 710 982 732 meae
997 695 1115 733 Siculis
1138 687 1254 735 errant
1278 705 1315 736 ill
1341 706 1457 737 monti-

139 765 199 811 bus
222 781 341 816 agnae.
392 764 478 816 Qo
505 763 582 814 ipso
610 763 762 814 argutiae
789 764 970 815 allegoriae
996 766 1220 813 concidunt3
1248 783 1327 819 quae
1350 770 1459 820 plane

139 845 327 878 corruunt,
353 833 376 870 fi
396 834 549 884 expreffa
566 834 734 884 pleraque
750 846 795 869 ex
813 833 1017 871 Theocrito
1034 835 1186 885 cogites,
1215 837 1394 887 imprimis
1411 852 1457 876 ex

140 900 251 950 Idy-11.
280 901 352 939 XI.
387 901 530 938 XXIII
561 911 596 938 et
626 901 701 947 III,
728 915 808 952 quae
833 912 968 945 tamen,
1000 903 1025 940 fi
1057 917 1141 941 cum
1171 905 1227 941 his
1258 920 1457 956 compares,

140 969 257 1007 multo
287 970 450 1008 dulciora
479 972 560 1014 effe,
588 971 651 1009 vix
692 971 846 1008 inficiari
878 972 991 1022 possis,
1053 973 1252 1011 Transtulit
1279 976 1387 1025 poe'ta
1416 974 1456 1013 in

140 1038 376 1087 Corydonem
406 1039 593 1083 nonnulla,
621 1052 699 1089 quae
730 1038 857 1076 melius
886 1040 932 1076 de
961 1039 1183 1091 Polyphemo
1210 1042 1308 1080 dieta
1339 1052 1456 1088 erant,

140 1116 181 1142 ut
199 1105 291 1142 illud
320 1120 354 1143 v.
385 1119 446 1157 25.
476 1118 578 1156 nuper
593 1124 642 1144 me
659 1113 693 1143 in
711 1106 817 1143 littore
831 1108 919 1144 vidi.
974 1107 1118 1143 Inverso
1144 1108 1256 1144 modo
1276 1109 1456 1159 Polyphe-

141 1176 195 1212 mi
214 1187 348 1212 amores
366 1176 411 1212 ad
429 1175 637 1226 Corydonis
661 1177 866 1229 exemplum
891 1176 1071 1228 expreffit,
1089 1175 1206 1216 Ovid.
1224 1175 1320 1217 Met.
1339 1177 1457 1225 XIII,

141 1245 219 1301 776
238 1244 288 1296 sq.
311 1248 379 1283 801
402 1245 453 1298 sq.
507 1238 509 1240 ,

244 1639 708 1701 ECLOGA
790 1643 1355 1707 SECUNDA.

147 1889 463 1989 FORMOSUM
488 1925 646 1987 pastor
669 1925 892 1988 Corydon
914 1927 1107 1975 ardebat
1130 1928 1322 1991 Alexin,

146 2017 358 2067 Delicias
382 2017 566 2063 domini
585 2040 596 2070 ;
631 2033 733 2074 nec,
761 2017 876 2080 quid
899 2017 1116 2081 speraret,
1140 2019 1358 2067 habebat.

147 2109 363 2158 Tantum
386 2110 507 2155 inter
529 2107 705 2165 densas,
728 2087 949 2154 umbrosa
971 2111 1236 2168 cacumina,
1257 2111 1389 2175 fagos

149 2200 358 2259 Adfidue
381 2198 596 2247 veniebat
611 2222 623 2253 ;
654 2198 722 2245 ibi
746 2199 849 2246 haec
874 2200 1118 2247 incondita
1142 2200 1264 2248 solus

150 2290 403 2355 Montibus
430 2301 476 2352 et
497 2289 623 2352 filvis
649 2290 802 2353 studio
816 2290 1027 2356 jactabat
1050 2292 1207 2353 inani:
1426 2309 1452 2360 5

193 2427 223 2452 ι.
245 2417 418 2457 Formonsum
434 2418 532 2448 Rom.
556 2417 595 2448 de
611 2428 672 2458 qua
692 2418 845 2460 scriptura
861 2429 893 2451 ν.
916 2418 1002 2450 Pier.
1051 2419 1182 2460 Corydon,
1207 2419 1334 2464 Κοςόδων.
1370 2421 1458 2454 Male

151 2468 265 2508 Coridon
280 2476 313 2499 et
329 2469 470 2500 Choridon.
513 2471 640 2500 Alexin:
665 2469 717 2500 alii
731 2472 858 2500 Alexim.
873 2481 902 2501 v.
918 2470 1032 2501 Heins.
1056 2470 1122 2508 hic,
1144 2479 1176 2502 et
1197 2473 1322 2513 quoties
1345 2474 1458 2506 eadem

149 2519 287 2550 varietas
309 2519 403 2557 redit,
425 2530 457 2550 v.
480 2530 506 2550 c.
535 2521 680 2562 Daphnim
700 2528 733 2552 et
751 2523 897 2563 Daphnin.
949 2524 1038 2553 Tum
1062 2523 1093 2553 in
1117 2523 1188 2556 cod.
1212 2525 1308 2555 Rom.
1336 2526 1459 2567 Corydon

144 2571 239 2614 pqslor
253 2571 372 2600 ardebat.
464 2580 493 2602 2.
514 2584 559 2601 nec
570 2574 638 2612 quod
638 2573 689 2614 sp
706 2573 805 2604 edidit
816 2573 995 2605 Brunckius
1009 2574 1072 2605 fine
1088 2574 1169 2605 libro
1183 2585 1191 2605 ε
1209 2585 1246 2606 ex
1255 2575 1311 2606 usu
1329 2576 1459 2607 Cicero-

149 2622 259 2660 niano,
283 2622 368 2663 quod
381 2622 449 2663 jam
468 2622 623 2654 maluerat
639 2624 767 2655 Nodell.
778 2624 864 2656 Obff.
881 2626 962 2657 Crit.
976 2637 1007 2668 p.
1028 2635 1068 2667 39
1088 2634 1118 2657 et
1134 2627 1184 2669 J0.
1203 2626 1366 2658 Schrader.

158 2661 183 2702 ’.
205 2672 368 2703 Drakenb.
386 2673 425 2704 ad
442 2673 496 2704 Sil.
514 2673 581 2704 Ital.
598 2675 652 2712 111,
668 2684 730 2716 429
744 2675 881 2706 malebat
886 2678 956 2717 sblis
972 2677 1132 2709 Montibus.
1177 2676 1239 2708 Sed
1254 2685 1285 2708 et
1293 2678 1372 2721 solus
1383 2677 1459 2720 satis

148 2682 183 2771 ἕε
198 2730 316 2755 tuetur.
331 2734 361 2754 v.
384 2724 494 2756 Burm.
541 2725 606 2756 Pro
626 2726 663 2756 ihi
679 2726 779 2773 Gotlx7
796 2726 855 2759 see.
869 2728 915 2771 πύξ
924 2741 936 2762 ;
961 2737 1018 2758 nec
1036 2727 1131 2758 male.

202 2848 241 2885 4.
261 2848 296 2887 5.
325 2834 416 2879 Vid.
436 2835 594 2875 Theocr.
615 2835 690 2881 XI,
711 2851 773 2888 17.
821 2841 956 2892 jacere,
975 2838 1024 2877 cf.
1044 2837 1125 2876 Ecl.
1142 2837 1215 2883 VI,
1231 2838 1298 2891 62,
1322 2846 1359 2878 et
1374 2823 1472 2889 qui-⁴

152 2888 217 2944 ᾗδὲ
255 2886 436 2940 jadiabat,
464 2898 503 2928 ut
521 2888 646 2934 verba,
663 2905 772 2936 voces,
834 2891 918 2928 dem
934 2895 1021 2929 iuter
1035 2902 1153 2931 montes
1169 2891 1336 2941 astla-as.

1330 2954 1367 2992 τ.
1396 2939 1456 2982 Ex
