1821 3381
348 290 896 355 GEORGICON‚
953 291 1107 346 LIB.
1164 290 1254 347 IV.

1373 307 1463 366 '529

139 423 170 491 J
173 446 342 493 amque
356 429 555 478 domum
567 431 740 478 mirans
755 433 1024 495 genetricis,
1035 445 1080 480 et
1093 434 1286 482 humida
1299 451 1462 499 regna,

139 518 479 581 Speluncisque
501 521 630 567 lacus
654 522 850 579 clausos,
876 523 1105 586 lucosque
1131 524 1356 584 sonantis,

137 611 258 668 Ibat,
283 624 342 667 et,
368 611 549 676 ingenti
574 626 708 660 motu
733 614 1015 678 stupefactus
1038 633 1284 680 aquarum,

1360 619 1452 685 365

133 701 312 749 Omnia
336 701 420 748 sub
445 703 617 766 magna
641 704 849 751 labentia
872 705 1069 753 flumina
1096 719 1219 754 terra

604 855 678 896 363.
698 859 826 899 genstrix
849 858 947 890 Rom.

128 999 234 1035 quem
250 986 487 1037 ingredimur,
507 994 646 1032 minere,
665 989 752 1025 dum

127 1050 190 1086 per
206 1051 287 1074 eum
307 1039 504 1076 transimus.

181 1093 268 1138 363.
300 1090 406 1127 Hane
437 1090 666 1126 mirationem
686 1103 751 1127 no-

128 1154 254 1178 varum
284 1154 399 1178 rerum
434 1155 470 1177 1n
498 1154 640 1190 Juvems
671 1155 752 1178 anx-

127 1203 202 1235 mo,
246 1206 465 1243 quamquam
520 1205 622 1243 gram
666 1205 751 1230 eura

121 1244 297 1293 oppresso,
339 1244 484 1294 egregie
539 1245 748 1288 memorari,

117 1295 358 1345 unusquisque
385 1295 492 1332 facile
526 1295 749 1332 animadver-

120 1355 183 1384 tat.
220 1347 481 1384 Telemachum
504 1347 747 1384 Homericum

119 1403 237 1447 po'etse
266 1399 386 1434 nostro
406 1407 487 1435 ante
505 1399 628 1435 oculos
646 1399 749 1436 fuisse

118 1450 294 1487 versatum
315 1450 441 1499 Odyff.
458 1451 490 1492 ὃ,
517 1463 563 1499 43
584 1450 661 1500 sqq.
681 1464 746 1500 pu-

116 1501 217 1537 tabat
251 1502 384 1545 Cerda,
439 1501 634 1538 Gravioris
665 1515 743 1538 mo-

117 1552 230 1591 menti
248 1565 300 1589 res
313 1554 407 1596 css'et,
422 1552 446 1590 fi
461 1564 559 1590 certo
571 1553 745 1590 affirmare

116 1606 263 1654 possem,
292 1605 385 1642 unde
402 1618 458 1647 ea,
489 1619 569 1655 quae
587 1606 739 1655 sequun-

116 1666 188 1701 tur,
217 1656 372 1694 hauserit
397 1661 518 1707 po'e'ta.
573 1657 657 1693 Sive
686 1657 739 1692 Α-

116 1705 367 1746 lexandrinum
400 1709 468 1745 five
494 1707 737 1758 antiquiorem

112 1760 269 1810 aliquem
311 1764 454 1810 poetam
490 1769 570 1796 ante
615 1760 738 1797 oculos

114 1812 239 1861 urique
272 1812 420 1856 habuit3
455 1811 546 1848 forte
579 1810 736 1861 philoso—

111 1863 222 1913 phum
255 1863 427 1913 aliquem,
455 1863 521 1912 qui·
546 1863 590 1899 de
617 1875 733 1899 rerum

110 1914 317 1965 originibus
349 1914 525 1958 tradebat,
550 1923 586 1950 et
619 1915 736 1950 Ocea-

109 1979 195 2003 num
213 1966 376 2003 omnium
395 1967 541 2003 dearum
565 1965 733 2002 deorum-

110 2032 180 2068 que
215 2029 366 2068 patrem,
403 2028 438 2054 et
467 2031 596 2067 aquam
632 2030 731 2073 com-

108 2082 216 2107 mune
249 2069 413 2106 omnium
445 2082 562 2106 rerum
595 2068 731 2119 prlnci-

107 2121 207 2170 pium
233 2121 395 2158 canebat.
425 2121 474 2158 cf.
499 2120 566 2158 inf.
584 2134 618 2156 v.
642 2124 728 2166 381.

109 2177 195 2220 382.
254 2172 372 2221 (Bona
390 2173 435 2210 ad
453 2171 489 2210 h.
509 2172 534 2208 l.
550 2171 596 2208 est
615 2171 727 2208 Voffii

104 2224 299 2275 disputatio
316 2225 361 2261 de
373 2229 530 2261 veterum
554 2221 728 2272 opinione

105 2275 208 2326 super
234 2276 384 2313 Oceano
413 2275 556 2325 ejusque
586 2274 624 2310 in
656 2273 725 2311 vis-

104 2340 185 2365 cera
213 2338 315 2364 terrae
338 2327 545 2364 infirmantis
563 2325 597 2362 se
615 2325 724 2362 reces-

101 2380 223 2428 fibus.)
280 2380 388 2417 Certe
413 2383 523 2429 po'eta
552 2377 612 2414 hic
653 2390 725 2414 non

100 2431 240 2469 fontem
272 2430 378 2468 Penei
407 2430 467 2468 sed
496 2429 625 2466 vastam
657 2428 723 2464 ali-

101 2496 209 2532 quam
234 2495 419 2519 cavernam
447 2481 510 2518 sub
531 2492 622 2518 terra
642 2493 721 2516 nar-

99 2544 167 2579 rat,
194 2547 214 2571 e
243 2546 328 2583 qua,
366 2543 547 2582 tamquam
576 2544 596 2568 e
623 2545 722 2568 com-

101 2586 202 2623 muni
225 2586 340 2629 fonte,
367 2585 426 2622 sed
446 2584 592 2621 diverfis
609 2583 719 2633 parti-

99 2637 165 2675 bus
199 2650 239 2674 ac
272 2636 378 2679 locis,
415 2635 538 2672 omnia
572 2634 721 2672 flumina

97 2700 176 2726 orta
205 2688 350 2726 diversis
375 2688 442 2726 viis
469 2687 514 2723 ad
541 2694 640 2724 terrae
662 2685 718 2722 su-

95 2740 275 2791 perficiem
297 2750 332 2776 et
364 2740 409 2776 ad
432 2739 531 2776 suam
549 2737 718 2788 quodque

96 2792 276 2842 originem
301 2800 491 2842 properent
509 2799 543 2827 et
560 2801 605 2826 ex
623 2797 716 2828 terra

138 2844 256 2882 Tom.
275 2842 309 2882 Ι.

819 989 1006 1037 prodeant.
1076 989 1136 1028 Est
1171 999 1289 1029 tamen
1320 992 1450 1029 eadem

819 1040 881 1076 ista
919 1054 1072 1078 caverna
1106 1052 1291 1094 tamquam
1326 1044 1449 1094 aliqua

819 1091 932 1140 regia,
962 1093 999 1128 in
1030 1106 1100 1143 qua
1133 1095 1187 1131 dii
1218 1095 1336 1138 fluvii,
1364 1095 1449 1132 fon-

817 1142 981 1193 tiumque
1000 1145 1196 1194 Nymphae,
1224 1147 1285 1183 sua
1299 1147 1447 1196 palatia,

817 1194 895 1230 suos
914 1195 1085 1232 thalamos
1104 1197 1272 1242 habeant,
1291 1212 1449 1248 quorum

816 1258 927 1282 unum
955 1247 1097 1295 Cyrene
1125 1261 1206 1284 curn
1235 1249 1304 1286 suis
1323 1251 1446 1298 Nym-

815 1296 894 1345 phis
926 1299 1078 1335 tenebat.
1132 1301 1336 1338 Secundum
1364 1302 1445 1338 haee

814 1346 919 1384 facile
947 1350 1015 1386 erit
1034 1350 1232 1396 intellectu,
1261 1353 1351 1402 quid
1371 1352 1441 1389 fint

798 1400 965 1448 speluncis
984 1402 1074 1438 lacus
1092 1401 1209 1451 claust,
1238 1403 1264 1439 s.
1295 1403 1440 1448 inclufi,

809 1450 872 1499 qui
890 1451 968 1488 sunt
986 1452 1023 1489 in
1042 1453 1232 1504 speluncis,
1250 1454 1286 1492 h.
1301 1469 1441 1507 magnae

809 1500 882 1538 illze
899 1516 1058 1540 cavernae
1075 1505 1290 1555 recipiendis
1307 1508 1410 1558 aquis
1423 1525 1441 1554 3

812 1565 898 1601 quas
942 1555 1005 1604 ipfi
1050 1556 1165 1593 fontes
1208 1558 1439 1598 scaturientes

810 1604 962 1647 faciunt,
990 1617 1025 1643 et
1050 1609 1145 1645 unde
1169 1622 1261 1659 aqua
1289 1611 1437 1661 exsupe-

809 1667 888 1692 rans
905 1659 1019 1695 amnis
1035 1659 1087 1696 fit.
1132 1661 1219 1699 AEn.
1240 1660 1350 1704 VIII,
1371 1677 1438 1714 74³·

809 1721 829 1758 7
837 1722 855 1758 ς
877 1708 922 1745 de
941 1710 1142 1748 Tiberino:
1196 1713 1272 1762 ἔξω
1300 1724 1331 1749 te
1352 1729 1436 1752 cun-

805 1775 868 1810 que
896 1759 1140 1800 lacus--Fonte
1167 1775 1267 1807 tenet,
1292 1780 1435 1815 quocun-

804 1811 939 1860 quesolo
948 1814 1188 1862 pulcherrimus
1210 1820 1294 1853 exis.
1345 1817 1432 1855 lucos

789 1865 968 1909 sonantesg
997 1878 1080 1902 cum
1109 1880 1154 1904 ex
1174 1867 1247 1903 illis
1264 1870 1430 1907 cavernis

803 1923 882 1950 orta
925 1915 1072 1953 fiumina
1120 1918 1317 1968 procedant
1359 1921 1430 1958 ali-

801 1976 975 2015 quantum
994 1968 1062 2004 viae
1082 1969 1203 2006 subter
1218 1979 1326 2015 terra,
1356 1972 1427 2009 do-

801 2029 864 2053 nec
892 2018 938 2054 ad
958 2019 1096 2069 superas
1114 2034 1213 2058 auras
1232 2023 1422 2071 prodeant,

799 2066 886 2105 huic
938 2070 1007 2108 viae
1049 2071 1174 2109 littora
1215 2074 1425 2113 nemoribus

797 2118 925 2164 obsita,
959 2136 1037 2172 quae
1069 2124 1214 2174 strepitu
1247 2138 1426 2175 aquarum

797 2171 1007 2211 alluentium
1042 2174 1221 2220 resonant,
1253 2190 1326 2213 non
1361 2177 1421 2215 in·-

796 2225 988 2262 commode
1017 2227 1095 2264 dari
1121 2237 1282 2278 potuere.
1337 2228 1422 2265 Ser-

795 2273 872 2311 vius
899 2276 1028 2314 miram
1060 2279 1120 2316 hic
1140 2288 1263 2316 notam
1282 2280 1415 2318 habet:

794 2326 973 2365 Haec—ex
1002 2330 1171 2384 AEgyptiis
1198 2338 1312 2368 tracqa
1328 2336 1418 2380 sum:

780 2380 919 2424 sacris:
968 2397 1046 2418 nam
1089 2386 1184 2419 cerlis
1216 2383 1339 2427 diebus,
1376 2387 1418 2421 ile,

778 2430 889 2476 sacris
916 2430 1004 2474 Nili,
1025 2439 1136 2482 pueri,
1163 2435 1202 2470 de
1215 2435 1325 2481 sacris
1344 2445 1417 2484 pa-

791 2480 936 2518 rentibus
987 2490 1076 2528 nati,
1127 2500 1151 2520 a
1185 2485 1414 2533 sacerdotibus

791 2532 954 2582 Nymphis
997 2535 1190 2573 dabantur:
1247 2542 1301 2573 cui
1337 2552 1413 2574 cums

788 2583 1015 2635 adolevffim,
1042 2589 1167 2624 redditi
1201 2588 1409 2633 narrabant,

787 2634 870 2673 lucos
895 2640 953 2687 ff’
962 2638 1032 2687 sub
1054 2645 1148 2675 terris
1164 2649 1195 2675 et
1223 2644 1410 2691 immeqfimt

786 2701 910 2737 aquam
952 2696 1060 2727 omnia
1100 2695 1322 2734 continentem,
1362 2705 1407 2727 ex·

784 2753 849 2788 qua
881 2746 1000 2778 cum‘Ya
1026 2751 1256 2791 procreantur.
1311 2742 1408 2778 Unde

783 2790 826 2838 cst
847 2789 937 2828 illud
947 2795 1127 2842 strandum
1158 2792 1309 2830 ‘Thaleta
1333 2797 1404 2842 ilfi

834 2841 867 2878 L
894 2842 908 2879 l
1268 2857 1306 2888 v.
1329 2846 1406 2894 382.
