1821 3381
354 323 886 384 GEORGICON,
957 329 1106 377 LIB.
1165 332 1204 378 I.
1346 349 1433 397 245

124 459 229 508 Nec
252 478 344 509 non
367 475 412 511 et
435 464 521 510 lini
545 464 748 528 segetem
772 478 818 512 et
843 466 1032 515 Cereale
1054 485 1260 531 papaver

121 551 335 617 Tempus
370 554 515 601 humo
549 566 720 618 tegere,
765 568 810 602 et
838 555 1125 620 jamdudum
1160 560 1432 609 incumbere

247 645 433 692 aratris:

117 729 252 778 Dum
272 731 392 780 ficca
413 734 579 781 tellure
600 735 726 792 licet,
751 736 867 782 dum
888 737 1052 783 nubila
1075 738 1280 800 pendent
1334 757 1427 804 214

117 819 238 869 Vere
265 824 383 871 fabis
416 824 561 879 sati0;
596 836 700 872 tum
723 837 768 871 te
791 841 992 888 quoque,
1039 827 1248 888 Medica,
1270 846 1427 894 putres

159 991 234 1023 213.
257 985 352 1028 rcgstris
368 985 402 1016 in
417 986 566 1016 Romano
581 992 613 1016 et
630 985 738 1017 multis
753 997 800 1027 ap.
825 985 930 1016 Heius.
952 995 983 1018 et
1001 988 1143 1019 Pierium
1170 997 1202 1021 et
1229 991 1262 1022 in
1286 1000 1422 1035 utroque

115 1033 218 1065 Goth.
261 1036 310 1065 Sic
325 1046 451 1077 quoque
468 1043 604 1078 quatuor
619 1037 703 1078 apud
718 1037 915 1075 Martinum‚
931 1039 984 1079 qui
1001 1039 1044 1069 ita
1061 1040 1195 1080 exprimi
1211 1044 1332 1074 curavit
1349 1055 1422 1076 cum

114 1081 295 1124 Bruncki03
317 1094 349 1116 et
365 1087 487 1127 placere
503 1086 629 1128 poffunt
645 1089 740 1131 rqstri,
761 1087 836 1129 quia
851 1088 889 1118 de
904 1090 955 1118 lim¹
970 1099 1000 1120 et
1010 1094 1164 1131 papaveris
1180 1092 1298 1124 satione
1315 1095 1423 1137 agitur

110 1133 179 1175 jam
202 1135 297 1175 faeta,
323 1138 373 1168 cui
398 1138 535 1169 succedit
558 1139 705 1170 sarritio:
739 1146 771 1170 at
796 1139 895 1170 aratio
919 1140 1126 1181 praeceffemt.
1167 1143 1354 1177 Insolentius
1380 1146 1421 1178 fic

110 1186 236 1218 dietum
251 1188 350 1220 videri
366 1189 465 1231 pofl'et
481 1190 629 1220 incumbere
646 1192 764 1234 rqstris:
786 1190 894 1221 liceret
917 1199 1024 1222 tamen
1045 1193 1184 1234 cogitare
1200 1195 1238 1225 de
1255 1198 1350 1240 rqfln‘s
1365 1200 1420 1228 ini·

107 1248 161 1277 quo
169 1241 304 1279 pondere:
327 1251 359 1270 v.
379 1240 452 1278 164.
495 1241 556 1271 Sed
579 1241 685 1271 versus
709 1242 840 1283 sequens
862 1242 1001 1273 declarat
1025 1244 1107 1282 satis,
1129 1246 1258 1285 po'e‘tam
1280 1258 1420 1290 przecep-

107 1296 183 1319 tum
206 1289 245 1320 de
270 1291 411 1321 aratione
431 1291 617 1332 tempestive
633 1291 775 1322 facienda
790 1292 973 1323 summatim
989 1294 1103 1324 iterare
1119 1295 1280 1328 maluisse:
1305 1299 1418 1331 eadem

110 1348 219 1371 autem
237 1352 294 1372 nec
309 1343 414 1373 minus
429 1354 505 1385 ager
520 1342 586 1374 Iino
603 1344 811 1374 conserendus
826 1344 960 1386 indiget.
1005 1347 1091 1375 rastris
1107 1346 1240 1377 Mentel.
1263 1359 1281 1378 a
1303 1359 1347 1380 m.
1365 1361 1414 1391 pr.

107 1391 186 1422 humo
199 1393 235 1435 ψ
247 1399 332 1435 tegere
349 1394 477 1426 Zulich.
519 1402 545 1424 et
557 1397 654 1425 dudum
669 1395 754 1426 idem
770 1406 843 1425 cum
859 1396 984 1426 Morct.

1076 1406 1147 1435 215.
1160 1400 1237 1438 sztio
1251 1400 1285 1442 ψ
1300 1401 1418 1433 Seneca

107 1443 197 1486 epist.
216 1444 257 1476 86
273 1451 305 1476 et
320 1445 465 1478 Parrhas.
508 1459 567 1478 cum
581 1453 607 1477 te
621 1445 708 1477 idem
723 1453 755 1477 et
765 1445 851 1477 Tou.
895 1453 958 1477 tunc
971 1453 996 1477 te
1012 1448 1128 1479 Seneca
1143 1448 1219 1480 ibid.

105 1585 174 1621 ,nec
200 1574 320 1612 minus
336 1575 523 1613 maturior.
576 1575 635 1612 De
663 1576 728 1613 lino

108 1637 143 1662 v.
173 1638 245 1664 212
270 1626 408 1662 diversa
442 1627 538 1663 idem
572 1627 724 1671 Plinius,

102 1676 217 1720 etiam
252 1677 298 1714 de
327 1677 609 1728 Transpadanis,
653 1689 724 1714 tra-

106 1726 164 1764 dit
202 1727 355 1772 XVIII,
394 1732 456 1779 56.
530 1729 723 1767 Decembri

105 1779 225 1816 mense
242 1779 358 1818 linum
384 1781 496 1818 serere
516 1781 619 1831 jubet
646 1782 721 1818 Co-

102 1829 249 1868 lumella
275 1831 329 1876 II,
363 1845 423 1875 10,
459 1846 516 1882 17.
562 1844 725 1882 papa-ver

103 1882 258 1925 Cereale,
308 1883 394 1932 quia
436 1883 578 1920 Cereris
615 1897 720 1921 orna-

102 1943 262 1971 mentum
279 1933 518 1982 symbolicum
536 1936 602 1972 effe
619 1935 720 1980 solet,

103 1983 142 2020 in
173 1984 280 2035 fignis
297 1995 332 2022 et
350 1988 444 2035 apud
473 1991 611 2037 poetas.
666 1994 717 2024 in-

99 2036 247 2074 cumbere
286 2043 436 2074 aratris:
489 2051 571 2075 nam
609 2038 716 2075 etiam

101 2086 148 2123 ad
175 2087 243 2124 lini
270 2096 306 2124 et
332 2089 516 2140 papaveris
544 2089 716 2127 sationem

98 2147 192 2175 terra
227 2149 358 2178 aratur.
422 2140 538 2177 nubila
559 2142 718 2191 pendent,

97 2190 279 2239 eleganter
293 2205 312 2228 e
330 2201 455 2228 natura
479 2192 544 2237 rei,
562 2192 716 2229 nubibus

97 2242 262 2280 nondum
310 2243 349 2279 in
400 2243 532 2281 imbres
579 2244 716 2281 solutis.

96 2293 240 2331 Laudat
281 2294 419 2332 versum
465 2295 614 2333 Colum.
661 2295 715 2339 H,

95 2345 134 2388 8,
155 2358 190 2393 3.

149 2398 363 2446 215—218.
391 2396 488 2435 Vere
504 2398 630 2435 seritur
659 2397 713 2435 fa-

96 2445 158 2489 ba,
198 2447 225 2486 s.
261 2447 459 2498 legumina,
503 2451 645 2487 medica
677 2460 714 2486 et

94 2498 250 2536 milium.
335 2500 484 2544 Medica,
536 2500 646 2537 herba
691 2514 712 2539 a

93 2549 218 2587 Medis
234 2551 381 2587 advecta
398 2565 461 2600 per
480 2552 573 2588 bella
593 2552 711 2589 Persa-

92 2614 172 2639 rum
202 2602 342 2639 Graeeis
357 2601 471 2647 illata,
497 2603 619 2653 pabuli
648 2616 710 2654 ge-

93 2667 160 2690 nus
198 2653 478 2702 praestantiffimi.
525 2668 560 2692 v.
614 2654 708 2692 Plin.

93 2703 249 2748 XVIII,
267 2718 330 2754 43.
400 2704 530 2742 Strabo
546 2705 612 2743 lib.
633 2705 708 2750 XI,

91 2770 129 2807 p.
149 2769 222 2807 799
249 2757 295 2794 C.
309 2772 320 2800 3
362 2757 517 2793 nostrum
543 2759 708 2794 Luzerne.

91 2822 127 2846 v.
139 2808 293 2845 Miller's
303 2808 503 2844 Gardener’s
512 2809 707 2858 Dic71'onary

90 2859 128 2896 h.
148 2873 182 2897 v.
201 2869 238 2896 et
255 2860 412 2896 aufflores
429 2858 628 2902 botanices,
652 2859 708 2897 in-

89 2910 217 2974 primis
263 2910 454 2949 Hallerum
497 2909 544 2948 de
577 2911 708 2963 plantis

789 1574 994 1624 pabularib.
1019 1589 1056 1626 p.
1087 1575 1139 1620 II,
1168 1577 1217 1615 T.
1247 1578 1279 1618 Ι.
1307 1580 1411 1622 Νον.

790 1625 999 1664 Comment.
1020 1629 1104 1665 Soc.
1121 1628 1294 1680 Gotting.
1349 1633 1410 1673 Est

793 1677 889 1715 idem
921 1678 1055 1716 ὠκύῧοον
1090 1684 1286 1728 τξιπέτηλον
1314 1687 1409 1735 apud

792 1729 1012 1768 Callimach.
1044 1731 1082 1767 in
1101 1730 1212 1770 Dian.
1239 1737 1323 1785 165,
1344 1737 1408 1774 ubi

791 1780 840 1817 cf.
875 1782 1007 1830 Spanh.
1063 1781 1151 1832 Ejus
1174 1784 1250 1821 laus
1268 1796 1303 1822 et
1321 1800 1408 1825 cura

790 1844 846 1882 ap.
867 1832 1017 1872 Colum.
1038 1833 1091 1878 II,
1116 1848 1175 1878 11,
1195 1835 1226 1878 ᾇ.
1246 1852 1280 1874 z.
1335 1840 1406 1876 Fa-

788 1882 856 1927 bae,
897 1885 998 1933 cujus
1030 1885 1206 1923 diversum
1240 1900 1260 1922 a
1290 1889 1405 1928 nostra

786 1934 871 1972 faba
896 1948 1021 1985 genus,
1064 1947 1100 1973 et
1133 1938 1327 1976 rotundum
1362 1955 1407 1979 ac

785 1999 934 2036 parvum
963 1988 1129 2038 legumen
1154 1990 1335 2031 veteribus
1364 1992 1404 2030 in

786 2037 848 2074 usu
884 2047 972 2075 erat.
1002 2039 1076 2077 vid.
1103 2039 1222 2078 Indic.
1252 2040 1402 2094 Scriptt.

787 2087 834 2125 R.
856 2088 926 2135 R.;
956 2102 1028 2129 non
1048 2090 1144 2127 idem
1164 2092 1332 2130 omnibus
1350 2095 1402 2132 se-

783 2140 885 2176 rendi
904 2150 1056 2190 tempuS,
1084 2141 1250 2192 inprimis
1273 2145 1298 2181 fi
1323 2145 1400 2183 Co-

782 2191 964 2228 lumellam
983 2192 1049 2230 lib.
1070 2192 1122 2238 II,
1150 2206 1184 2231 c.
1221 2208 1283 2239 10,
1317 2195 1348 2238 6.
1373 2213 1399 2250 9

782 2254 977 2292 compares.
1057 2243 1193 2282 Verum
1236 2243 1397 2286 Plinius:

783 2294 944 2344 Virgilius
959 2310 1031 2331 eam
1043 2306 1108 2344 per
1124 2312 1191 2343 ver
1199 2297 1398 2350 ⁴st17·1'J'tcbel,

782 2346 1062 2394 Circumpadanae
1126 2348 1245 2386 Italiae
1315 2358 1397 2397 ritu,

781 2395 936 2439 XVIII,
978 2410 1037 2442 12,
1079 2411 1142 2446 30,
1186 2412 1271 2450 pag.
1309 2415 1394 2454 115.

780 2446 850 2484 Sed
884 2461 989 2497 quam
1022 2449 1130 2494 varie,
1158 2464 1265 2500 quam
1292 2455 1395 2504 copi-

775 2498 849 2543 ose,
866 2499 996 2536 extulit
1014 2500 1152 2550 singula
1168 2502 1244 2538 haec
1262 2506 1392 2548 po'e'ta!

769 2560 882 2599 putres
901 2550 1005 2594 sulci,
1031 2552 1154 2589 fractis
1181 2565 1214 2590 et
1241 2556 1393 2592 commi-

775 2601 873 2637 nutis
893 2602 1018 2638 crebra
1047 2603 1222 2648 aratione,
1263 2606 1390 2643 sterco-

774 2652 911 2688 ratione
942 2663 977 2690 et
1004 2655 1152 2704 frigoris
1178 2657 1392 2706 penetrabili

773 2703 810 2739 vi
829 2704 956 2752 glebiS.
984 2718 1017 2742 v.
1035 2705 1107 2743 Ge.
1127 2706 1177 2750 H,
1200 2721 1274 2756 204
1292 2718 1326 2744 et
1341 2710 1389 2747 al.

775 2755 922 2792 Colum.
936 2755 988 2798 H,
1012 2770 1022 2792 1
1040 2770 1071 2800 1,
1093 2770 1111 2805 3
1133 2760 1264 2802 locum,
1283 2765 1316 2794 in
1330 2776 1390 2810 quo

771 2807 941 2844 Medicam
967 2814 1115 2857 proximo
1147 2824 1229 2845 ‘vere
1246 2812 1389 2856 saturus

770 2873 817 2900 es,
853 2860 1045 2907 p7·0si·imlilo
1090 2865 1178 2896 circa
1218 2859 1390 2899 Calendas

773 2909 940 2957 Qciobrjs,
967 2921 998 2946 ct
1024 2926 1094 2960 egm
1112 2920 1179 2948 tota
1210 2910 1309 2951 hieme
1320 2922 1386 2962 jeu-

1258 2966 1392 3011 trifime
