1987 3361
504 314 682 351 Lxxxu
847 297 966 347 DE
1033 291 1477 346 VIRGILII

507 442 658 482 rumque
674 429 952 482 disputantibus.
1009 426 1225 465 Accuratius
1242 439 1351 477 quam
1370 425 1490 463 caeteri
1507 426 1552 463 de
1567 425 1611 464 iis
1624 426 1701 477 egit
1721 418 1823 463 Abb-

509 490 708 528 Baruffnldi
728 490 922 540 ιΤι’(ϋοςξντῃῖιι
944 488 1116 536 Ferramyb
1146 498 1230 536 pag.
1267 498 1313 536 14
1340 484 1392 535 sq.
1459 485 1582 522 Prima
1609 486 1657 522 est
1685 483 1828 522 Veneta

509 548 712 589 Baldarfcri
729 546 1014 585 Rutilbonensrs:

565 609 683 645 Samii
699 606 822 643 Mauri
842 603 1024 640 Honorati
1042 603 1281 640 commentaris·
1293 607 1327 638 in
1349 599 1528 653 Virgilium
1540 611 1604 652 per
1623 599 1831 652 Chrssopho-

508 679 585 704 ae-um
603 664 791 714 Raldmfir
814 664 971 712 Ratilpon
989 664 1072 713 ufi’m
1090 659 1284 710 (Venetils)
1667 659 1696 697 f.
1718 673 1834 712 ¹47¹·

567 721 645 759 Vid
666 720 853 759 Maittaire
880 721 931 757 T.
961 721 993 765 I,
1013 734 1048 770 p.
1069 731 1136 770 92,
1162 728 1198 755 et
1230 718 1427 756 Baruffaldi
1445 733 1481 771 p.
1511 733 1571 771 17.
1625 715 1766 756 Eadem
1790 717 1832 756 in

513 781 695 820 Biblioth.
725 781 854 818 Smith.
879 793 963 830 pag.
992 777 1322 830 CCCCXXXIX
1351 789 1586 823 memoratur,
1612 777 1673 815 sed
1689 777 1834 814 admix-

514 839 563 877 tis
588 838 785 884 erroribus,
824 852 913 889 quos
943 836 1141 874 Baruffaldi
1173 835 1316 874 refellit.
1383 836 1441 874 Ex
1465 837 1620 874 verfibus
1643 835 1707 874 sub
1725 836 1847 874 finem.

515 898 682 949 subjeffis
700 898 933 949 intelligitur,
962 895 1125 933 Servium
1143 908 1163 931 a
1182 897 1283 945 Bapt.
1303 896 1455 933 Guarino
1481 896 1573 933 olim
1589 895 1835 942 emendatum,

518 971 540 996 a
554 958 632 996 filio
649 966 766 995 autem
784 957 822 993 in
839 957 957 992 lucem
974 955 1115 992 editum
1139 953 1217 990 effe.
1289 953 1428 991 Eodem
1446 967 1540 991 anno
1558 953 1668 992 altera
1684 952 1837 1004 prodiit,

517 1016 677 1067 ejusdem
711 1013 908 1053 Baldarferi
935 1012 1115 1063 impenfi5‚
1159 1013 1280 1048 Servii
1302 1012 1398 1049 editio
1427 1012 1591 1050 Veneriis
1618 1029 1643 1050 a
1669 1013 1838 1051 Ludovico

521 1076 678 1114 Carbone
693 1075 880 1117 emendata,
907 1081 948 1108 ut
963 1085 1008 1109 ex
1028 1070 1180 1107 disticho
1195 1070 1336 1120 adjefto
1354 1070 1594 1122 intelligitur:
1623 1070 1700 1108 vid.
1720 1069 1839 1107 Mait-

521 1134 613 1172 taire
639 1147 675 1184 p.
706 1146 794 1182 303,
822 1142 857 1168 et
884 1131 998 1168 Tom.
1028 1128 1062 1172 I,
1088 1141 1124 1179 p.
1153 1142 1217 1177 92.
1271 1128 1427 1165 orlandi
1454 1143 1491 1180 p.
1521 1143 1584 1178 z3‚
1604 1129 1652 1166 de
1678 1128 1772 1166 Bure
1799 1143 1838 1167 n.

525 1196 643 1244 2671,
678 1200 715 1228 et
732 1191 795 1241 qui
813 1189 933 1241 primo
951 1189 1033 1225 loco
1051 1187 1302 1230 consulendus,
1331 1187 1527 1225 Baruffaldi
1545 1201 1581 1238 p.
1604 1201 1661 1238 19.
1688 1186 1691 1188 ’
1716 1188 1840 1224 Alter-

525 1260 607 1287 utra
646 1263 692 1287 ex
734 1249 790 1287 his
821 1247 974 1286 habetur
1006 1246 1043 1282 in
1075 1244 1180 1282 libris
1223 1244 1397 1282 Reviczk.
1435 1245 1546 1283 illatis
1589 1245 1627 1282 in
1665 1244 1839 1285 biblioth.

527 1309 696 1360 Spencer.

580 1367 683 1404 Male
712 1365 848 1416 paffim,
880 1363 989 1401 etiam
1018 1376 1039 1399 a
1077 1359 1264 1404 Fabricio,
1305 1361 1434 1399 Editio
1466 1361 1584 1399 Servii
1615 1361 1722 1411 hujus
1755 1360 1843 1399 anni

527 1425 795 1477 Ratisponenfis
813 1433 1042 1467 memoratur,
1058 1435 1079 1459 a
1094 1422 1334 1472 ‘sypographi
1353 1421 1470 1473 patria
1487 1435 1607 1460 errore.
1620 1432 1715 1460 orto,

588 1487 710 1524 Altera
726 1486 773 1522 est
793 1484 1024 1522 Ferrarienfis
1039 1496 1048 1519 ε

584 1549 712 1586 IUauri
741 1547 860 1583 Servii
883 1546 1052 1581 Honorati
1072 1544 1296 1580 Grammatici
1319 1544 1369 1580 ad
1393 1540 1533 1594 Virgilii
1561 1544 1678 1593 Opera
1707 1542 1848 1593 diligens

533 1609 782 1657 Interp'retalio‚
808 1618 873 1656 per
891 1604 1075 1641 Andrean]
1096 1603 1260 1641 Gallum.
1315 1602 1486 1640 Ferrariae
1682 1601 1711 1639 f.
1735 1615 1848 1653 1471.

586 1666 746 1705 Orlandi
777 1667 879 1718 Orig.
911 1663 1002 1701 della
1029 1664 1172 1714 Stampcz
1201 1677 1238 1714 p.
1267 1676 1352 1715 137.
1409 1662 1608 1701 Baruffaldi
1634 1662 1726 1702 della
1748 1660 1848 1713 Τίβο-

529 1729 649 1784 grafia
667 1728 840 1774 Ferrariss‘
856 1739 891 1776 p.
913 1737 952 1775 9.

589 1789 628 1827 T
622 1794 709 1826 ertia
722 1788 770 1824 est
788 1787 953 1822 Romana
971 1783 1144 1821 Udalrici
1165 1783 1265 1820 Han.

591 1851 720 1887 Mauri
762 1848 881 1883 Servii
921 1846 1090 1891 Honorati
1131 1845 1358 1882 Grammatici
1387 1849 1422 1882 in
1469 1851 1539 1882 tria
1582 1844 1727 1896 Virgilii
1755 1855 1854 1896 opera

539 1913 689 1962 expoſslio
726 1913 853 1958 incipit,
887 1916 919 1943 et
946 1910 1054 1957 primo
1089 1911 1125 1942 in
1163 1904 1331 1943 Bucolica.
1406 1906 1534 1944 Romae
1560 1916 1625 1957 per
1659 1906 1855 1945 Udalricum

543 1972 686 2010 Gallum
1726 1966 1753 2005 f.
1772 1967 1800 2004 s-
1818 1980 1854 2005 a.

596 2032 711 2071 Nulla
726 2033 842 2082 po'eltae
858 2028 1020 2067 carmina
1043 2026 1180 2078 adjeffia
1207 2027 1303 2071 sunt,
1330 2026 1429 2078 quod
1452 2041 1640 2080 perperam
1667 2027 1739 2066 viri
1756 2027 1858 2065 doffi

545 2093 754 2136 tradidere3
782 2091 821 2127 in
839 2103 994 2128 errorem
1014 2088 1154 2140 abrepti
1173 2101 1192 2125 a
1213 2089 1258 2126 de
1277 2089 1370 2127 Bure
1387 2102 1424 2127 n.
1446 2092 1535 2134 810,
1563 2090 1611 2127 est
1639 2088 1737 2127 'enim
1763 2089 1859 2126 liber

545 2155 587 2193 in
615 2152 792 2190 Biblioth.
829 2152 923 2203 Reg.
952 2150 1035 2187 Par.
1088 2148 1191 2185 Idem
1221 2162 1260 2186 n.
1296 2162 1398 2200 2970
1427 2162 1512 2187 curn
1548 2149 1769 2194 Maittairio‚
1795 2148 1860 2200 qui

546 2225 689 2254 tantum
711 2214 756 2250 de
774 2212 899 2251 Servio
924 2219 1099 2249 memorat
1117 2210 1167 2246 T.
1189 2210 1221 2254 Ι,
1241 2224 1278 2261 p.
1300 2223 1389 2261 292,
1414 2223 1496 2248 eum
1525 2211 1660 2248 librum
1679 2209 1778 2249 circa
1795 2223 1860 2247 an-

549 2289 638 2314 num
662 2289 758 2326 1470
776 2273 946 2310 excusum
964 2271 1029 2308 esse
1055 2271 1294 2322 conjefiabat.
1347 2270 1469 2308 Etiam
1497 2271 1711 2315 Masvicius,
1737 2270 1862 2321 quiea

549 2337 714 2376 editione
737 2335 817 2371 usus
833 2335 896 2376 est,
921 2333 1038 2370 solum
1063 2330 1226 2369 Servium
1245 2330 1387 2370 habuit.
1440 2330 1534 2369 Rem
1559 2344 1704 2368 omnem
1732 2330 1866 2368 diserte

548 2396 717 2448 exposuit
734 2393 944 2431 Audiffredi
960 2406 1042 2443 pag.
1061 2405 1124 2441 71.
1177 2393 1214 2427 A
1233 2391 1294 2441 Jo.
1316 2392 1407 2430 Ant.
1432 2392 1620 2442 Campano
1637 2404 1683 2428 an
1696 2390 1865 2428 emenda-

551 2469 631 2496 tum
648 2455 757 2493 fuerit
782 2454 978 2504 exemplar,
1006 2452 1105 2502 quod
1133 2451 1241 2489 Laire
1271 2451 1477 2496 affirmavit,
1505 2465 1578 2489 non
1604 2450 1688 2489 satis
1715 2451 1865 2488 constat.

553 2517 682 2556 Alium
702 2514 865 2553 Servium
885 2513 1074 2563 antiquum
1091 2511 1117 2551 s.
1139 2525 1172 2550 a.
1191 2513 1216 2550 l.
1234 2520 1270 2548 et
1287 2512 1514 2563 typographo
1529 2512 1651 2549 laudat
1662 2509 1868 2555 Maittaire,

552 2579 605 2617 T.
624 2577 658 2623 I,
677 2591 712 2628 p.
732 2589 820 2628 75²·

603 2640 745 2689 Quarta
761 2637 808 2674 est
823 2633 1022 2673 Baldarferi
1039 2633 1205 2685 repetita,
1229 2632 1276 2672 de
1303 2646 1373 2684 qua
1390 2632 1514 2685 paullo
1534 2641 1616 2670 ante
1630 2633 1707 2683 jam
1727 2631 1869 2670 dietum

551 2700 615 2739 est.

608 2760 652 2797 P.
675 2759 717 2795 V.
736 2757 792 2795 M.
812 2757 927 2806 Opera
947 2754 1091 2804 (Bucol.
1122 2754 1263 2805 Georg.
1287 2754 1373 2793 AEn.
1402 2766 1485 2792 cum
1505 2753 1602 2792 libro
1619 2753 1686 2792 illo
1716 2751 1816 2790 XIII
1832 2758 1871 2789 et

556 2818 763 2871 Opusculi5‚
803 2830 882 2867 quae
906 2816 1014 2854 sunt:
1044 2815 1178 2861 Culex,
1215 2815 1334 2861 Dirae,
1367 2814 1490 2867 Copa,
1525 2814 1586 2855 Est
1620 2823 1658 2852 et
1691 2813 1798 2858 Non,
1823 2812 1872 2849 de

556 2880 678 2926 Rofis,
693 2878 881 2919 Moretum
899 2886 936 2916 et
955 2876 1137 2929 Priapeia)
1149 2877 1226 2929 fine
1239 2876 1303 2916 loco
1318 2885 1348 2914 et
1365 2873 1565 2930 {ypographa
1703 2873 1734 2912 f.
1759 2884 1826 2923 147
1837 2885 1873 2910 1.

1688 2932 1876 2977 Maittair.
