1987 3361
488 270 491 273 ”
583 289 1052 342 VIRG1L1L
1331 298 1453 341 mu

467 424 986 476 EUPHORBUS
1052 423 1116 470 w

127 530 420 580 Romuleum
440 528 597 576 Sicula
618 527 702 590 qui
724 524 866 588 fingit
889 539 1081 570 carmen
1105 538 1265 578 avena,

193 613 530 675 Ruricolasque
551 611 690 658 docet
710 625 805 672 qua
825 608 1006 654 ratione
1029 605 1211 652 serant:

125 700 320 766 Qique
337 695 616 743 Latinorum
629 703 863 738 memorat
880 689 976 736 fera
985 688 1109 735 bella
1125 685 1440 751 Phrygasque,

190 783 292 830 Hic
315 779 457 828 cubat
472 801 486 833 ;
522 777 599 823 hic
624 775 798 822 meruit
823 784 1109 837 perpetuam
1130 772 1362 834 requiem.

502 888 1071 959 JULIANUSxm

121 997 222 1060 Qi
247 993 466 1058 pastorali
489 989 761 1054 peragravit
784 989 998 1036 Maenala
1022 987 1178 1043 Musa,

186 1078 426 1138 Ruraque,
449 1085 496 1120 et
516 1072 681 1118 AEneae
700 1070 915 1117 concinit
936 1086 1068 1117 arma
1089 1069 1249 1126 Maro,

117 1160 222 1216 Ille,
236 1159 404 1205 decem
419 1155 574 1202 lustris
587 1154 806 1217 geminos
817 1152 1070 1216 postquam
1080 1150 1266 1198 addidit
1275 1164 1435 1208 annos,

183 1240 418 1293 Conceffit
441 1238 547 1286 fatis
567 1257 577 1285 :
615 1250 661 1284 et
685 1237 795 1283 fitus
818 1236 910 1283 hoc
933 1234 1123 1282 tumulo
1146 1234 1229 1282 est.

482 1334 1090 1404 HILARIUs'vu.

116 1460 244 1507 Haec
267 1458 357 1505 tibi
379 1456 608 1522 Virgilius
631 1456 801 1502 domus
828 1454 892 1500 est
915 1465 1090 1501 aeterna
1111 1452 1314 1515 seputh

177 1542 275 1606 Qi
299 1541 465 1588 mortis
490 1539 705 1587 tenebras
730 1537 903 1601 effugis
927 1538 1137 1601 ingenio.

114 1623 398 1671 Maenalium
422 1638 613 1669 carmen
640 1621 722 1685 qui
744 1621 926 1683 profers
949 1637 1029 1667 ore
1055 1620 1246 1678 Latino,

177 1706 243 1753 Et
266 1705 420 1760 cultus
443 1705 671 1770 segetum,
696 1705 913 1769 bellaque
936 1705 1060 1752 saeva
1077 1706 1277 1755 ducum.

436 1832 916 1880 PALLADIUS
971 1831 1120 1879 VIII.

107 1936 295 1985 Primus
319 1950 408 1998 ego
432 1930 645 1978 Ausonio
669 1929 908 1993 pastorum
930 1928 1142 1976 carmina
1166 1928 1300 1977 versu

174 2013 452 2078 Composui‚
476 2023 523 2059 et
546 2026 642 2074 quo
663 2010 753 2057 fint
776 2027 884 2057 rura
906 2011 1105 2057 colenda
1128 2012 1306 2066 modo;

106 2100 228 2156 Post,
247 2097 418 2162 quibus
443 2094 616 2141 AEneas
643 2092 844 2140 Rutulos
863 2092 1150 2155 superaverit
1172 2095 1334 2145 armis,

172 2182 304 2234 Vatis
329 2178 548 2242 reliquias
569 2177 672 2223 haec
692 2175 771 2238 pia
789 2188 909 2222 terra
930 2175 1076 2223 fovet.

364 2294 1004 2344 ASCLEPIADIUS
1065 2296 1160 2342 IX.

105 2399 318 2448 Sicanius
338 2408 466 2443 vates
488 2393 632 2451 silvis,
652 2392 868 2440 Ascraeus
889 2392 938 2439 in
963 2393 1104 2449 arvis,

168 2479 409 2527 Maeonius
431 2476 566 2522 bellis
591 2474 689 2537 ipse
713 2472 856 2537 po'e‘ta
877 2473 963 2520 fui:

104 2565 308 2614 Mantua
327 2563 372 2609 se
394 2561 490 2609 vita
512 2559 726 2625 praeclari
747 2559 886 2621 imitat
909 2558 1108 2606 alumni.

169 2646 468 2710 Parthenope
491 2642 667 2703 famam
691 2653 845 2701 morte
869 2640 1085 2688 Maronis
1107 2639 1267 2703 haben}

859 2792 1417 2853 EUSTHENIUs
