1821 3381
324 310 415 358 166
503 309 558 357 P.
611 305 1004 355 VIRGILII
1077 303 1497 364 MARONISQ

323 441 554 486 suavitatem;
583 438 739 491 primum
761 438 797 476 iu
815 451 873 482 eo,
893 436 990 488 quod
1010 435 1147 480 omnia,
1166 435 1211 472 ad
1242 435 1413 484 majorem
1432 433 1535 471 Galli
1556 432 1639 483 dig-

325 513 491 556 nitatem,
510 524 580 548 non
601 510 709 547 modo
729 509 772 546 ad
793 509 902 546 vitam
926 507 1161 559 pastoritizun,
1180 505 1239 543 sed
1266 505 1309 541 ad
1334 514 1493 554 tempora
1523 499 1640 540 heroi-

327 596 386 627 ca,
415 581 452 618 in
480 580 608 630 quibus
627 577 783 630 permisti
804 577 1016 615 mortalibus
1033 575 1109 613 divi
1128 575 1302 618 viverent,
1323 573 1430 611 relata
1447 581 1483 610 et
1499 583 1544 609 ex
1564 570 1641 608 sen-

330 650 422 688 sibus
438 660 472 685 et
490 647 720 697 opinionibus
750 645 895 683 istorum
926 644 1136 682 saeculorum
1166 643 1378 680 adumbrata
1407 641 1510 687 sunt3
1537 651 1645 690 quare

329 718 440 756 etiam
458 716 549 753 ferre
566 715 750 756 debemm,
779 715 802 751 fi
835 728 914 764 quae
932 714 1052 764 paullo
1080 712 1209 749 altiore
1243 725 1284 749 ac
1318 710 1484 761 graviore
1516 707 1645 759 spiritu

333 786 394 822 hic
413 784 509 821 dicia
529 782 741 833 reperiamus
754 798 763 827 ;
792 781 923 819 deinde
944 794 1028 819 vero
1053 779 1224 831 quoniam
1248 778 1455 830 impotentis
1477 787 1511 814 et
1540 775 1647 828 spreti

334 853 467 892 amoris
485 853 581 890 aestus
601 852 660 890 ille
679 865 719 888 ac
740 852 856 895 furor,
884 851 922 888 in
940 863 1066 888 omnes
1086 859 1200 900 partes
1224 848 1382 885 animum
1411 847 1564 898 rapiens,
1591 844 1649 895 ip·
1682 850 1702 877 Σ

335 921 413 962 sum
442 921 592 972 legentis
625 921 785 958 animum
819 933 1046 958 commovere
1074 919 1236 962 videtur3
1269 930 1487 968 quamquam
1514 916 1580 953 hac
1611 914 1651 951 in

336 1001 437 1043 parte
455 988 648 1027 Theocriti
665 987 824 1038 vestigiis
841 987 985 1032 institit,
1013 987 1123 1036 Idyll.
1153 985 1186 1030 I,
1215 986 1326 1028 unde,
1351 999 1430 1036 quae
1451 984 1497 1022 de
1525 981 1652 1034 Daph·

340 1060 419 1097 nidi
444 1059 538 1097 dicia
555 1045 670 1102 erent,
697 1057 735 1094 in
765 1056 916 1093 Gallum
944 1054 1134 1098 transtulit,
1163 1063 1202 1091 ut
1229 1054 1342 1091 multa
1369 1063 1507 1091 tantum
1531 1050 1655 1089 latinis

340 1129 457 1168 verbis
475 1127 688 1171 reddiderit,
705 1126 740 1164 in
761 1126 840 1163 aliis
859 1137 977 1164 autem
994 1139 1077 1162 cum
1095 1138 1139 1162 eo
1158 1125 1367 1169 certaverit;
1388 1123 1548 1161 universe
1569 1134 1655 1159 vero

342 1212 363 1237 a
381 1197 609 1249 srmplicitate
626 1205 661 1233 et
687 1196 864 1233 venustate
881 1194 1058 1246 pastoritii
1081 1193 1250 1231 carminis
1267 1203 1303 1231 et
1328 1192 1548 1230 Theocritea
1577 1192 1653 1229 sua-

343 1268 454 1317 vitate
471 1267 511 1305 in
528 1266 703 1318 plerisque
723 1265 908 1303 recesserit.

396 1337 478 1386 Jam
509 1337 556 1374 de
588 1337 741 1386 Lycoride
769 1334 908 1371 addunt
934 1334 1146 1385 Interpretes
1169 1333 1293 1371 Servio
1319 1334 1432 1371 duce:
1459 1332 1562 1372 fuiffe
1583 1333 1660 1384 ejus

346 1418 467 1444 verum
487 1417 620 1442 nomen
633 1405 663 1440 C
653 1403 899 1454 ytheridem,et
914 1403 980 1440 effe
997 1415 1076 1439 earn
1093 1401 1256 1440 eamdem
1276 1415 1358 1438 cum
1373 1401 1528 1440 Antonii
1543 1402 1661 1440 amica

347 1475 425 1517 illa,
453 1473 581 1517 mima,
597 1485 644 1510 ex
664 1472 856 1510 Ciceronis
878 1470 1032 1522 Philipp.
1052 1471 1105 1513 II,
1129 1484 1190 1521 24.
1219 1484 1283 1522 25,
1309 1470 1353 1507 ad
1375 1471 1456 1508 Att.
1477 1469 1532 1515 X,
1563 1483 1607 1508 10
1625 1480 1662 1508 et

352 1545 413 1589 16,
441 1544 486 1581 ad
507 1542 598 1580 Div.
617 1542 693 1586 IX,
723 1542 783 1579 26.
809 1540 909 1578 conf.
947 1540 1130 1578 Plutarch.
1162 1538 1253 1577 Vita
1282 1539 1439 1577 Antonii
1456 1553 1493 1591 p.
1530 1555 1580 1593 74
1602 1540 1662 1579 ed.

349 1613 470 1653 Briau.
491 1611 586 1649 Plin.
604 1610 718 1656 VIII,
752 1612 796 1648 16
823 1609 966 1654 infami,
994 1613 1095 1660 cujus
1119 1623 1250 1647 nomen
1279 1620 1401 1647 verum
1426 1610 1500 1648 fuit
1532 1612 1665 1650 Volunt-

351 1692 424 1728 nia,
452 1681 623 1733 quoniam
653 1679 847 1716 Volumnii
884 1679 1069 1729 Eutrapeli
1106 1678 1234 1716 liberta
1271 1678 1367 1715 effet.
1438 1678 1550 1728 Quod
1581 1694 1665 1719 cum

351 1750 438 1788 ferri
463 1749 586 1800 poffit:
617 1747 708 1784 illud
734 1747 902 1790 alterum,
933 1745 1047 1796 qnod,
1071 1745 1116 1782 de
1146 1755 1349 1795 temporum
1374 1745 1513 1783 ratione
1536 1747 1667 1794 securi,

352 1819 576 1857 contendunt
592 1830 635 1853 ex
655 1816 779 1853 Servio
799 1815 845 1851 ad
875 1829 908 1852 v.
931 1828 964 1857 1,
992 1828 1068 1852 eam
1087 1825 1275 1864 propterea
1293 1800 1444 1853 Gallum
1461 1815 1669 1862 destituiffe,

355 1889 453 1941 quod
474 1887 678 1925 Antonium
697 1888 740 1924 ad
761 1886 903 1924 Gallias
919 1896 1064 1923 euntem
1088 1885 1233 1935 sequuta
1258 1887 1357 1930 effet,
1381 1900 1454 1936 quo
1473 1901 1507 1925 v,
1529 1900 1574 1925 22
1591 1887 1668 1939 sqq.

357 1960 408 2009 46
438 1958 512 2009 sqq.
550 1957 723 1999 referunt,
751 1956 856 1993 fidem
889 1969 961 1991 non
991 1954 1110 1992 habet.
1166 1954 1264 1992 Nam
1295 1955 1453 2006 primum
1485 1957 1672 1996 Antonius

358 2028 599 2080 Cytheridem
615 2029 689 2078 jam
711 2037 792 2063 ante
821 2039 895 2077 709
924 2025 1130 2070 dimiseram
1159 2027 1319 2077 adeoque
1345 2037 1427 2064 ante
1449 2026 1489 2064 id
1516 2035 1673 2077 tempus,

360 2113 434 2150 quo
454 2099 527 2135 haec
545 2096 620 2148 post
637 2095 791 2146 reliquas
810 2108 933 2131 ornnes
949 2094 1076 2144 ecloga
1101 2092 1210 2131 scribi
1227 2094 1367 2145 potuit3
1394 2108 1435 2132 ea
1451 2095 1548 2132 enim
1574 2096 1619 2133 de
1636 2109 1674 2134 re

357 2169 434 2219 jam
454 2165 643 2203 Ciceronis
669 2164 826 2214 Philipp.
854 2163 908 2206 H,
932 2167 995 2206 28,
1024 2162 1056 2212 ᾖ.
1086 2162 1252 2214 6910οι15
1274 2164 1334 2202 est.
1378 2164 1533 2201 Decima
1555 2176 1676 2204 autem

364 2239 440 2276 haec
466 2237 595 2286 ecloga
613 2246 695 2272 ante
715 2248 787 2286 717
814 2233 878 2270 vix
906 2232 1036 2283 scripta
1059 2233 1123 2278 est,
1150 2242 1190 2270 ut
1206 2233 1329 2284 paullo
1355 2233 1430 2284 post
1459 2233 1676 2276 videbimus.
1709 2232 1712 2235 ’

367 2305 512 2344 Deinde
542 2317 627 2341 vero
658 2302 703 2340 iis
729 2300 847 2346 anniS,
875 2300 1004 2351 quibus
1036 2300 1111 2339 haec
1146 2303 1275 2352 ecloga
1304 2301 1434 2353 scripta
1459 2302 1527 2340 effe
1550 2304 1679 2354 potest,

369 2373 552 2413 Antonius
572 2371 610 2410 in
638 2370 808 2415 Oriente,
835 2383 909 2407 non
939 2369 978 2407 in
1011 2370 1150 2415 Gallia,
1176 2371 1263 2409 fuit.
1317 2370 1411 2424 Qae
1437 2370 1559 2408 omnia
1576 2371 1682 2410 doste

369 2440 627 2482 demonstravit
661 2438 817 2477 Max-tin.
847 2439 893 2476 ad
924 2453 959 2478 v.
998 2453 1060 2478 22.
1115 2441 1246 2491 Neque
1278 2439 1366 2477 fetri
1399 2440 1512 2491 potest
1543 2441 1683 2480 dofflff.

370 2507 574 2561 Morgagni
598 2507 755 2558 (Opusc.
773 2498 922 2547 miscell.
949 2510 1000 2546 T.
1030 2509 1103 2554 HI,
1131 2509 1230 2561 epist.
1250 2509 1378 2547 AEmil.
1396 2512 1469 2559 pr.)
1496 2507 1684 2554 sententia,

371 2577 453 2630 qui,
479 2588 564 2613 cum
592 2572 758 2611 Servium
787 2575 1074 2625 amplecieretun
1101 2585 1136 2613 et
1173 2574 1330 2614 Antonii
1356 2574 1397 2613 in
1428 2574 1570 2612 Gallias
1600 2589 1684 2628 pro.

373 2647 568 2687 sectionem
587 2644 743 2696 aliquam
768 2644 1072 2696 circumspiceret,
1098 2646 1199 2684 illam
1229 2645 1398 2697 arripuit,
1425 2658 1508 2683 cum
1525 2646 1688 2702 Qaestu.

375 2730 454 2757 ram
480 2715 610 2752 Rornae
635 2712 802 2764 petiisset,
827 2722 863 2752 et
891 2714 978 2751 inde
1005 2714 1051 2752 ad
1077 2715 1271 2759 Caesarem,
1293 2714 1358 2766 qui
1381 2724 1460 2752 tum
1486 2714 1526 2752 in
1554 2716 1690 2755 Galliis

376 2785 511 2826 bellum
542 2782 707 2836 gerebat,
742 2781 890 2830 rediret,
929 2797 1009 2834 quae
1053 2797 1106 2822 res
1153 2784 1200 2823 ad
1234 2797 1368 2823 annum
1403 2797 1478 2836 702
1515 2782 1691 2837 Pompeio

1048 2875 1072 2911 5
1140 2890 1143 2891 ν
1605 2864 1700 2916 Con,
