<?xml version="1.0" encoding="UTF-8"?>
<!DOCTYPE html PUBLIC "-//W3C//DTD XHTML 1.0 Transitional//EN"
    "http://www.w3.org/TR/xhtml1/DTD/xhtml1-transitional.dtd">
<html xmlns="http://www.w3.org/1999/xhtml" xml:lang="en" lang="en">
 <head>
  <title>
</title>
<meta http-equiv="Content-Type" content="text/html;charset=utf-8" />
  <meta name='ocr-system' content='tesseract 3.04.00' />
  <meta name='ocr-capabilities' content='ocr_page ocr_carea ocr_par ocr_line ocrx_word'/>
</head>
<body>
  <div class='ocr_page' id='page_1' title='image "./operavarietatele01virguoft_0157.png"; bbox 0 0 1987 3361; ppageno 0'>
   <div class='ocr_carea' id='block_1_1' title="bbox 398 267 1389 344">
    <p class='ocr_par' dir='ltr' id='par_1_1' title="bbox 398 267 1389 344">
     <span class='ocr_line' id='line_1_1' title="bbox 398 267 1389 344; baseline -0.003 0"><span class='ocrx_word' id='word_1_1' title='bbox 398 267 1077 344; x_wconf 78' lang='lat' dir='ltr'>EDITIONIBUS.</span> <span class='ocrx_word' id='word_1_2' title='bbox 1271 306 1389 341; x_wconf 71' lang='lat' dir='ltr'>cm</span> 
     </span>
    </p>
   </div>
   <div class='ocr_carea' id='block_1_2' title="bbox 77 424 1397 775">
    <p class='ocr_par' dir='ltr' id='par_1_2' title="bbox 77 424 1397 775">
     <span class='ocr_line' id='line_1_2' title="bbox 89 424 1393 481; baseline -0.005 -11"><span class='ocrx_word' id='word_1_3' title='bbox 89 479 91 481; x_wconf 21' lang='grc' dir='ltr'>Ι</span> <span class='ocrx_word' id='word_1_4' title='bbox 133 424 400 470; x_wconf 76' lang='lat' dir='ltr'>Commentarii</span> <span class='ocrx_word' id='word_1_5' title='bbox 418 429 480 480; x_wconf 91' lang='lat' dir='ltr'><em>J0.</em></span> <span class='ocrx_word' id='word_1_6' title='bbox 508 428 605 467; x_wconf 90' lang='lat' dir='ltr'><em>Lud.</em></span> <span class='ocrx_word' id='word_1_7' title='bbox 634 428 681 465; x_wconf 86' lang='lat' dir='ltr'>de</span> <span class='ocrx_word' id='word_1_8' title='bbox 698 427 734 465; x_wconf 88' lang='lat' dir='ltr'>la</span> <span class='ocrx_word' id='word_1_9' title='bbox 751 426 873 465; x_wconf 87' lang='lat' dir='ltr'>Cerda</span> <span class='ocrx_word' id='word_1_10' title='bbox 890 426 929 464; x_wconf 89' lang='lat' dir='ltr'>in</span> <span class='ocrx_word' id='word_1_11' title='bbox 946 425 1003 464; x_wconf 90' lang='lat' dir='ltr'>VI</span> <span class='ocrx_word' id='word_1_12' title='bbox 1022 425 1156 477; x_wconf 80' lang='lat' dir='ltr'>priores</span> <span class='ocrx_word' id='word_1_13' title='bbox 1177 425 1288 464; x_wconf 82' lang='lat' dir='ltr'>libros</span> <span class='ocrx_word' id='word_1_14' title='bbox 1305 426 1393 464; x_wconf 87' lang='lat' dir='ltr'><em>AEn.</em></span> 
     </span>
     <span class='ocr_line' id='line_1_3' title="bbox 77 485 1391 529; baseline -0.004 0"><span class='ocrx_word' id='word_1_15' title='bbox 77 489 237 529; x_wconf 87' lang='lat' dir='ltr'>Madriti</span> <span class='ocrx_word' id='word_1_16' title='bbox 1224 485 1254 523; x_wconf 88' lang='lat' dir='ltr'><em>f.</em></span> <span class='ocrx_word' id='word_1_17' title='bbox 1279 486 1391 524; x_wconf 85' lang='lat'><em>1612.</em></span> 
     </span>
     <span class='ocr_line' id='line_1_4' title="bbox 132 549 390 597; baseline 0 -12"><span class='ocrx_word' id='word_1_18' title='bbox 132 549 246 597; x_wconf 78' lang='lat' dir='ltr'>(Vide</span> <span class='ocrx_word' id='word_1_19' title='bbox 265 551 390 596; x_wconf 84' lang='lat'><em>1608.)</em></span> 
     </span>
     <span class='ocr_line' id='line_1_5' title="bbox 132 601 1393 646; baseline -0.005 -2"><span class='ocrx_word' id='word_1_20' title='bbox 132 609 178 645; x_wconf 91' lang='lat' dir='ltr'>P.</span> <span class='ocrx_word' id='word_1_21' title='bbox 197 609 241 646; x_wconf 98' lang='lat' dir='ltr'><em>V.</em></span> <span class='ocrx_word' id='word_1_22' title='bbox 256 609 313 646; x_wconf 89' lang='lat' dir='ltr'>M.</span> <span class='ocrx_word' id='word_1_23' title='bbox 331 623 401 646; x_wconf 84' lang='lat' dir='ltr'>cum</span> <span class='ocrx_word' id='word_1_24' title='bbox 419 607 545 644; x_wconf 81' lang='lat' dir='ltr'><em>Comm.</em></span> <span class='ocrx_word' id='word_1_25' title='bbox 564 605 696 642; x_wconf 76' lang='lat' dir='ltr'><em>Donati</em></span> <span class='ocrx_word' id='word_1_26' title='bbox 717 612 749 640; x_wconf 85' lang='lat' dir='ltr'>et</span> <span class='ocrx_word' id='word_1_27' title='bbox 766 602 893 641; x_wconf 63' lang='lat' dir='ltr'>Servii.</span> <span class='ocrx_word' id='word_1_28' title='bbox 946 602 1024 641; x_wconf 73' lang='lat' dir='ltr'><em>Ace.</em></span> <span class='ocrx_word' id='word_1_29' title='bbox 1044 601 1149 640; x_wconf 80' lang='lat' dir='ltr'><em>Probi</em></span> <span class='ocrx_word' id='word_1_30' title='bbox 1161 601 1393 646; x_wconf 72' lang='lat' dir='ltr'>Grammatici,</span> 
     </span>
     <span class='ocr_line' id='line_1_6' title="bbox 77 659 1394 716; baseline -0.007 -12"><span class='ocrx_word' id='word_1_31' title='bbox 77 667 194 716; x_wconf 81' lang='lat' dir='ltr'><em>Pomp.</em></span> <span class='ocrx_word' id='word_1_32' title='bbox 214 666 336 705; x_wconf 79' lang='lat' dir='ltr'>Sabini</span> <span class='ocrx_word' id='word_1_33' title='bbox 352 676 412 703; x_wconf 83' lang='lat' dir='ltr'><em>etc.</em></span> <span class='ocrx_word' id='word_1_34' title='bbox 432 665 653 702; x_wconf 79' lang='lat' dir='ltr'><em>adnotationes</em></span> <span class='ocrx_word' id='word_1_35' title='bbox 672 661 797 709; x_wconf 85' lang='lat' dir='ltr'>(etiam</span> <span class='ocrx_word' id='word_1_36' title='bbox 826 660 999 698; x_wconf 83' lang='lat' dir='ltr'>Carmina</span> <span class='ocrx_word' id='word_1_37' title='bbox 1022 661 1161 698; x_wconf 84' lang='lat' dir='ltr'>minora</span> <span class='ocrx_word' id='word_1_38' title='bbox 1176 673 1260 697; x_wconf 88' lang='lat' dir='ltr'>cum</span> <span class='ocrx_word' id='word_1_39' title='bbox 1278 659 1394 696; x_wconf 89' lang='lat' dir='ltr'>Com-</span> 
     </span>
     <span class='ocr_line' id='line_1_7' title="bbox 80 717 1397 775; baseline -0.006 -13"><span class='ocrx_word' id='word_1_40' title='bbox 80 725 397 775; x_wconf 76' lang='lat' dir='ltr'>mentariis)studio</span> <span class='ocrx_word' id='word_1_41' title='bbox 413 723 501 760; x_wconf 81' lang='lat' dir='ltr'><em>Lud.</em></span> <span class='ocrx_word' id='word_1_42' title='bbox 527 723 627 759; x_wconf 76' lang='lat' dir='ltr'>Lucii</span> <span class='ocrx_word' id='word_1_43' title='bbox 645 720 755 771; x_wconf 69' lang='lat' dir='ltr'><em>Bqfil.</em></span> <span class='ocrx_word' id='word_1_44' title='bbox 786 720 893 758; x_wconf 80' lang='lat' dir='ltr'><em>Acad.</em></span> <span class='ocrx_word' id='word_1_45' title='bbox 914 721 1012 771; x_wconf 84' lang='lat' dir='ltr'><em>Prof.</em></span> <span class='ocrx_word' id='word_1_46' title='bbox 1035 720 1125 770; x_wconf 88' lang='lat' dir='ltr'>(post</span> <span class='ocrx_word' id='word_1_47' title='bbox 1143 719 1217 758; x_wconf 86' lang='lat' dir='ltr'><em>Ge.</em></span> <span class='ocrx_word' id='word_1_48' title='bbox 1236 717 1397 756; x_wconf 83' lang='lat' dir='ltr'>Fabricii</span> 
     </span>
    </p>
   </div>
   <div class='ocr_carea' id='block_1_3' title="bbox 0 777 1392 836">
    <p class='ocr_par' dir='ltr' id='par_1_3' title="bbox 0 777 1392 836">
     <span class='ocr_line' id='line_1_8' title="bbox 0 777 1392 836; baseline -0.005 -15"><span class='ocrx_word' id='word_1_49' title='bbox 0 831 2 836; x_wconf 28' lang='grc' dir='ltr'>Ι</span> <span class='ocrx_word' id='word_1_50' title='bbox 79 784 228 832; x_wconf 86' lang='lat' dir='ltr'>recens.)</span> <span class='ocrx_word' id='word_1_51' title='bbox 249 784 350 820; x_wconf 87' lang='lat' dir='ltr'>Bafil.</span> <span class='ocrx_word' id='word_1_52' title='bbox 371 795 432 833; x_wconf 86' lang='lat' dir='ltr'>per</span> <span class='ocrx_word' id='word_1_53' title='bbox 449 780 533 818; x_wconf 89' lang='lat' dir='ltr'><em>Seb.</em></span> <span class='ocrx_word' id='word_1_54' title='bbox 553 779 813 829; x_wconf 87' lang='lat' dir='ltr'>Henricopetr.</span> <span class='ocrx_word' id='word_1_55' title='bbox 1225 777 1255 815; x_wconf 88' lang='lat' dir='ltr'>f.</span> <span class='ocrx_word' id='word_1_56' title='bbox 1280 780 1392 826; x_wconf 85' lang='lat'><em>1613.</em></span> 
     </span>
    </p>
   </div>
   <div class='ocr_carea' id='block_1_4' title="bbox 80 836 1402 1662">
    <p class='ocr_par' dir='ltr' id='par_1_4' title="bbox 80 836 1398 1066">
     <span class='ocr_line' id='line_1_9' title="bbox 132 836 1395 887; baseline -0.006 -7"><span class='ocrx_word' id='word_1_57' title='bbox 132 842 249 880; x_wconf 79' lang='lat' dir='ltr'>Servii</span> <span class='ocrx_word' id='word_1_58' title='bbox 278 841 431 879; x_wconf 83' lang='lat' dir='ltr'>recenfio</span> <span class='ocrx_word' id='word_1_59' title='bbox 460 840 499 877; x_wconf 85' lang='lat' dir='ltr'>in</span> <span class='ocrx_word' id='word_1_60' title='bbox 533 839 600 876; x_wconf 84' lang='lat' dir='ltr'>hac</span> <span class='ocrx_word' id='word_1_61' title='bbox 627 838 716 876; x_wconf 86' lang='lat' dir='ltr'>edit.</span> <span class='ocrx_word' id='word_1_62' title='bbox 751 837 948 874; x_wconf 85' lang='lat' dir='ltr'>admodum</span> <span class='ocrx_word' id='word_1_63' title='bbox 984 836 1157 887; x_wconf 84' lang='lat' dir='ltr'>probatur</span> <span class='ocrx_word' id='word_1_64' title='bbox 1187 836 1395 874; x_wconf 88' lang='lat' dir='ltr'>Burmanno</span> 
     </span>
     <span class='ocr_line' id='line_1_10' title="bbox 81 895 1398 952; baseline -0.008 -12"><span class='ocrx_word' id='word_1_65' title='bbox 81 901 180 951; x_wconf 84' lang='lat' dir='ltr'><em>praef.</em></span> <span class='ocrx_word' id='word_1_66' title='bbox 211 901 257 938; x_wconf 86' lang='lat' dir='ltr'>ad</span> <span class='ocrx_word' id='word_1_67' title='bbox 276 900 414 952; x_wconf 82' lang='lat' dir='ltr'>virgil.</span> <span class='ocrx_word' id='word_1_68' title='bbox 468 899 528 935; x_wconf 89' lang='lat' dir='ltr'>Est</span> <span class='ocrx_word' id='word_1_69' title='bbox 547 907 669 935; x_wconf 89' lang='lat' dir='ltr'><strong>tamen</strong></span> <span class='ocrx_word' id='word_1_70' title='bbox 688 907 782 934; x_wconf 87' lang='lat' dir='ltr'>totus</span> <span class='ocrx_word' id='word_1_71' title='bbox 809 895 903 932; x_wconf 84' lang='lat' dir='ltr'>liber</span> <span class='ocrx_word' id='word_1_72' title='bbox 920 895 1095 946; x_wconf 78' lang='lat' dir='ltr'>express&#39;us</span> <span class='ocrx_word' id='word_1_73' title='bbox 1109 908 1155 933; x_wconf 82' lang='lat' dir='ltr'>ex</span> <span class='ocrx_word' id='word_1_74' title='bbox 1168 895 1258 933; x_wconf 84' lang='lat' dir='ltr'>edit.</span> <span class='ocrx_word' id='word_1_75' title='bbox 1285 909 1298 932; x_wconf 92' lang='lat'>1</span> <span class='ocrx_word' id='word_1_76' title='bbox 1309 907 1328 947; x_wconf 82' lang='lat'>5</span> <span class='ocrx_word' id='word_1_77' title='bbox 1334 909 1353 947; x_wconf 78' lang='grc' dir='ltr'><em>ς</em></span> <span class='ocrx_word' id='word_1_78' title='bbox 1363 908 1398 931; x_wconf 89' lang='grc'>1.</span> 
     </span>
     <span class='ocr_line' id='line_1_11' title="bbox 84 954 1396 1008; baseline -0.002 -12"><span class='ocrx_word' id='word_1_79' title='bbox 84 959 241 997; x_wconf 80' lang='lat' dir='ltr'>Fabricii</span> <span class='ocrx_word' id='word_1_80' title='bbox 268 969 360 998; x_wconf 83' lang='lat' dir='ltr'>notae</span> <span class='ocrx_word' id='word_1_81' title='bbox 377 960 422 996; x_wconf 86' lang='lat' dir='ltr'>ab</span> <span class='ocrx_word' id='word_1_82' title='bbox 441 959 500 1002; x_wconf 82' lang='lat' dir='ltr'>iis,</span> <span class='ocrx_word' id='word_1_83' title='bbox 527 971 606 1008; x_wconf 90' lang='lat' dir='ltr'>quae</span> <span class='ocrx_word' id='word_1_84' title='bbox 623 956 662 993; x_wconf 87' lang='lat' dir='ltr'>in</span> <span class='ocrx_word' id='word_1_85' title='bbox 690 955 834 1005; x_wconf 83' lang='lat' dir='ltr'>reliquis</span> <span class='ocrx_word' id='word_1_86' title='bbox 860 955 943 992; x_wconf 89' lang='lat' dir='ltr'><em>edd.</em></span> <span class='ocrx_word' id='word_1_87' title='bbox 973 955 1054 992; x_wconf 85' lang='lat' dir='ltr'>sunt</span> <span class='ocrx_word' id='word_1_88' title='bbox 1069 954 1221 999; x_wconf 84' lang='lat' dir='ltr'>excusae,</span> <span class='ocrx_word' id='word_1_89' title='bbox 1248 954 1396 993; x_wconf 86' lang='lat' dir='ltr'>diversae</span> 
     </span>
     <span class='ocr_line' id='line_1_12' title="bbox 80 1011 1058 1066; baseline -0.005 -10"><span class='ocrx_word' id='word_1_90' title='bbox 80 1021 147 1056; x_wconf 84' lang='lat' dir='ltr'>effe</span> <span class='ocrx_word' id='word_1_91' title='bbox 163 1020 325 1056; x_wconf 86' lang='lat' dir='ltr'>feru-ntur</span> <span class='ocrx_word' id='word_1_92' title='bbox 335 1035 346 1065; x_wconf 89' lang='lat'>;</span> <span class='ocrx_word' id='word_1_93' title='bbox 375 1019 454 1056; x_wconf 90' lang='lat' dir='ltr'>sunt</span> <span class='ocrx_word' id='word_1_94' title='bbox 470 1017 607 1055; x_wconf 84' lang='lat' dir='ltr'>seilicet</span> <span class='ocrx_word' id='word_1_95' title='bbox 623 1015 814 1066; x_wconf 80' lang='lat' dir='ltr'>pleniores.</span> <span class='ocrx_word' id='word_1_96' title='bbox 845 1014 902 1062; x_wconf 89' lang='grc' dir='ltr'><strong>(Β.</strong></span> <span class='ocrx_word' id='word_1_97' title='bbox 919 1013 969 1050; x_wconf 90' lang='grc' dir='ltr'><strong>Α.</strong></span> <span class='ocrx_word' id='word_1_98' title='bbox 988 1011 1058 1060; x_wconf 89' lang='lat' dir='ltr'>G.)</span> 
     </span>
    </p>

    <p class='ocr_par' dir='ltr' id='par_1_5' title="bbox 82 1071 1399 1188">
     <span class='ocr_line' id='line_1_13' title="bbox 131 1071 1399 1128; baseline -0.003 -12"><span class='ocrx_word' id='word_1_99' title='bbox 131 1080 177 1116; x_wconf 86' lang='lat' dir='ltr'><em>P.</em></span> <span class='ocrx_word' id='word_1_100' title='bbox 200 1080 241 1116; x_wconf 88' lang='lat' dir='ltr'>V.</span> <span class='ocrx_word' id='word_1_101' title='bbox 263 1079 321 1116; x_wconf 88' lang='lat' dir='ltr'>M.</span> <span class='ocrx_word' id='word_1_102' title='bbox 350 1078 464 1128; x_wconf 79' lang='lat' dir='ltr'><em>Opera</em></span> <span class='ocrx_word' id='word_1_103' title='bbox 480 1091 552 1114; x_wconf 82' lang='lat' dir='ltr'>cum</span> <span class='ocrx_word' id='word_1_104' title='bbox 570 1075 621 1111; x_wconf 88' lang='lat' dir='ltr'>N.</span> <span class='ocrx_word' id='word_1_105' title='bbox 649 1073 824 1123; x_wconf 58' lang='lat' dir='ltr'><em>Eyythraez·</em></span> <span class='ocrx_word' id='word_1_106' title='bbox 829 1071 934 1125; x_wconf 85' lang='lat' dir='ltr'><em>schol.</em></span> <span class='ocrx_word' id='word_1_107' title='bbox 949 1084 981 1112; x_wconf 84' lang='lat' dir='ltr'>et</span> <span class='ocrx_word' id='word_1_108' title='bbox 996 1074 1066 1111; x_wconf 80' lang='lat' dir='ltr'><em>ind.</em></span> <span class='ocrx_word' id='word_1_109' title='bbox 1085 1075 1248 1126; x_wconf 61' lang='lat' dir='ltr'>cqstzgata</span> <span class='ocrx_word' id='word_1_110' title='bbox 1259 1083 1323 1123; x_wconf 78' lang='lat' dir='ltr'>per</span> <span class='ocrx_word' id='word_1_111' title='bbox 1334 1073 1399 1122; x_wconf 84' lang='lat' dir='ltr'><em>Jo.</em></span> 
     </span>
     <span class='ocr_line' id='line_1_14' title="bbox 82 1131 1398 1188; baseline -0.006 -13"><span class='ocrx_word' id='word_1_112' title='bbox 82 1138 277 1188; x_wconf 81' lang='lat' dir='ltr'><em>Obsopoeum</em></span> <span class='ocrx_word' id='word_1_113' title='bbox 294 1148 325 1174; x_wconf 88' lang='lat' dir='ltr'>et</span> <span class='ocrx_word' id='word_1_114' title='bbox 344 1138 404 1175; x_wconf 86' lang='lat' dir='ltr'><em>Fr.</em></span> <span class='ocrx_word' id='word_1_115' title='bbox 425 1135 652 1186; x_wconf 73' lang='lat' dir='ltr'><em>Sylbmgium.</em></span> <span class='ocrx_word' id='word_1_116' title='bbox 683 1131 849 1170; x_wconf 82' lang='lat' dir='ltr'>Francos.</span> <span class='ocrx_word' id='word_1_117' title='bbox 1229 1137 1266 1173; x_wconf 86' lang='grc'>8.</span> <span class='ocrx_word' id='word_1_118' title='bbox 1286 1135 1350 1173; x_wconf 88' lang='lat'>161</span> <span class='ocrx_word' id='word_1_119' title='bbox 1360 1147 1398 1184; x_wconf 78' lang='lat'>3.</span> 
     </span>
    </p>

    <p class='ocr_par' dir='ltr' id='par_1_6' title="bbox 139 1191 883 1247">
     <span class='ocr_line' id='line_1_15' title="bbox 139 1191 883 1247; baseline -0.008 -12"><span class='ocrx_word' id='word_1_120' title='bbox 139 1200 203 1247; x_wconf 87' lang='lat' dir='ltr'>(ex</span> <span class='ocrx_word' id='word_1_121' title='bbox 226 1198 337 1246; x_wconf 79' lang='lat'>1603)</span> <span class='ocrx_word' id='word_1_122' title='bbox 357 1196 433 1247; x_wconf 87' lang='lat' dir='ltr'>post</span> <span class='ocrx_word' id='word_1_123' title='bbox 452 1203 506 1231; x_wconf 85' lang='lat' dir='ltr'>tot</span> <span class='ocrx_word' id='word_1_124' title='bbox 519 1193 607 1230; x_wconf 87' lang='lat' dir='ltr'>alias</span> <span class='ocrx_word' id='word_1_125' title='bbox 624 1191 883 1241; x_wconf 79' lang='lat' dir='ltr'><strong>ErythraeanaS.</strong></span> 
     </span>
    </p>

    <p class='ocr_par' dir='ltr' id='par_1_7' title="bbox 80 1252 1400 1362">
     <span class='ocr_line' id='line_1_16' title="bbox 134 1252 1400 1308; baseline -0.002 -14"><span class='ocrx_word' id='word_1_126' title='bbox 134 1258 176 1294; x_wconf 85' lang='lat' dir='ltr'>Se</span> <span class='ocrx_word' id='word_1_127' title='bbox 176 1257 262 1294; x_wconf 64' lang='lat' dir='ltr'><em>lefla</em></span> <span class='ocrx_word' id='word_1_128' title='bbox 294 1258 446 1308; x_wconf 77' lang='lat' dir='ltr'><em>quaedam</em></span> <span class='ocrx_word' id='word_1_129' title='bbox 487 1265 640 1291; x_wconf 76' lang='lat' dir='ltr'><em>veterum</em></span> <span class='ocrx_word' id='word_1_130' title='bbox 662 1252 840 1303; x_wconf 80' lang='lat' dir='ltr'><em>poe&#39;tarum</em></span> <span class='ocrx_word' id='word_1_131' title='bbox 860 1262 1080 1302; x_wconf 78' lang='lat' dir='ltr'><em>opera—cum</em></span> <span class='ocrx_word' id='word_1_132' title='bbox 1106 1252 1244 1291; x_wconf 79' lang='lat' dir='ltr'>Scholiis</span> <span class='ocrx_word' id='word_1_133' title='bbox 1272 1253 1400 1291; x_wconf 73' lang='lat' dir='ltr'><em>Franc-</em></span> 
     </span>
     <span class='ocr_line' id='line_1_17' title="bbox 80 1314 1399 1362; baseline -0.002 -8"><span class='ocrx_word' id='word_1_134' title='bbox 80 1318 216 1356; x_wconf 68' lang='lat' dir='ltr'><em>Sanffi&#39;</em></span> <span class='ocrx_word' id='word_1_135' title='bbox 189 1334 226 1355; x_wconf 80' lang='grc' dir='ltr'>ιι.</span> <span class='ocrx_word' id='word_1_136' title='bbox 280 1314 507 1354; x_wconf 79' lang='lat' dir='ltr'>Salmanticae</span> <span class='ocrx_word' id='word_1_137' title='bbox 1225 1315 1262 1352; x_wconf 87' lang='lat'>8.</span> <span class='ocrx_word' id='word_1_138' title='bbox 1285 1315 1399 1362; x_wconf 82' lang='lat'><em>1613.</em></span> 
     </span>
    </p>

    <p class='ocr_par' dir='ltr' id='par_1_8' title="bbox 133 1371 867 1427">
     <span class='ocr_line' id='line_1_18' title="bbox 133 1371 867 1427; baseline -0.008 -13"><span class='ocrx_word' id='word_1_139' title='bbox 133 1377 178 1414; x_wconf 89' lang='lat' dir='ltr'>In</span> <span class='ocrx_word' id='word_1_140' title='bbox 191 1376 246 1414; x_wconf 74' lang='lat' dir='ltr'>his</span> <span class='ocrx_word' id='word_1_141' title='bbox 264 1376 410 1427; x_wconf 84' lang='lat' dir='ltr'>Eclogae</span> <span class='ocrx_word' id='word_1_142' title='bbox 425 1372 596 1425; x_wconf 83' lang='lat' dir='ltr'>Virgilii.</span> <span class='ocrx_word' id='word_1_143' title='bbox 650 1372 708 1422; x_wconf 88' lang='lat' dir='ltr'>(B.</span> <span class='ocrx_word' id='word_1_144' title='bbox 727 1374 777 1410; x_wconf 90' lang='lat' dir='ltr'>A.</span> <span class='ocrx_word' id='word_1_145' title='bbox 797 1371 867 1419; x_wconf 84' lang='lat' dir='ltr'>G.)</span> 
     </span>
    </p>

    <p class='ocr_par' dir='ltr' id='par_1_9' title="bbox 83 1429 1402 1605">
     <span class='ocr_line' id='line_1_19' title="bbox 135 1429 1399 1483; baseline -0.004 -8"><span class='ocrx_word' id='word_1_146' title='bbox 135 1437 323 1474; x_wconf 61' lang='lat' dir='ltr'>Introduc‘zi</span> <span class='ocrx_word' id='word_1_147' title='bbox 321 1451 394 1474; x_wconf 78' lang='lat' dir='ltr'><em>ones</em></span> <span class='ocrx_word' id='word_1_148' title='bbox 417 1439 615 1473; x_wconf 79' lang='lat' dir='ltr'><em>oeconomicae</em></span> <span class='ocrx_word' id='word_1_149' title='bbox 625 1435 678 1483; x_wconf 81' lang='lat' dir='ltr'>fi⁷</span> <span class='ocrx_word' id='word_1_150' title='bbox 675 1431 772 1470; x_wconf 67' lang='lat' dir='ltr'>mdo</span> <span class='ocrx_word' id='word_1_151' title='bbox 756 1443 787 1469; x_wconf 76' lang='lat' dir='ltr'>et</span> <span class='ocrx_word' id='word_1_152' title='bbox 805 1431 912 1482; x_wconf 79' lang='lat' dir='ltr'>politi</span> <span class='ocrx_word' id='word_1_153' title='bbox 909 1429 1072 1479; x_wconf 75' lang='lat' dir='ltr'>‘se—five</span> <span class='ocrx_word' id='word_1_154' title='bbox 1092 1429 1235 1481; x_wconf 75' lang='lat' dir='ltr'>Virgilii</span> <span class='ocrx_word' id='word_1_155' title='bbox 1252 1430 1399 1470; x_wconf 67' lang='lat' dir='ltr'>bucolica</span> 
     </span>
     <span class='ocr_line' id='line_1_20' title="bbox 83 1489 1399 1548; baseline -0.005 -15"><span class='ocrx_word' id='word_1_156' title='bbox 83 1506 116 1533; x_wconf 80' lang='lat' dir='ltr'>et</span> <span class='ocrx_word' id='word_1_157' title='bbox 153 1499 309 1548; x_wconf 77' lang='lat' dir='ltr'>georgica</span> <span class='ocrx_word' id='word_1_158' title='bbox 336 1494 545 1546; x_wconf 80' lang='lat' dir='ltr'><em>paraphrasi</em></span> <span class='ocrx_word' id='word_1_159' title='bbox 578 1502 741 1543; x_wconf 61' lang='lat' dir='ltr'>peypetua</span> <span class='ocrx_word' id='word_1_160' title='bbox 776 1491 944 1542; x_wconf 61' lang='lat' dir='ltr'>illtgstrata</span> <span class='ocrx_word' id='word_1_161' title='bbox 977 1505 1001 1526; x_wconf 86' lang='lat' dir='ltr'><em>a</em></span> <span class='ocrx_word' id='word_1_162' title='bbox 1036 1489 1153 1528; x_wconf 80' lang='lat' dir='ltr'><em>Nicod.</em></span> <span class='ocrx_word' id='word_1_163' title='bbox 1200 1491 1233 1527; x_wconf 91' lang='lat' dir='ltr'><em>F</em></span> <span class='ocrx_word' id='word_1_164' title='bbox 1234 1490 1399 1540; x_wconf 76' lang='lat' dir='ltr'><em>rischlt&#39;no.</em></span> 
     </span>
     <span class='ocr_line' id='line_1_21' title="bbox 86 1549 1402 1605; baseline -0.003 -13"><span class='ocrx_word' id='word_1_165' title='bbox 86 1553 255 1593; x_wconf 82' lang='lat' dir='ltr'>Francos.</span> <span class='ocrx_word' id='word_1_166' title='bbox 269 1568 330 1605; x_wconf 86' lang='lat' dir='ltr'>per</span> <span class='ocrx_word' id='word_1_167' title='bbox 344 1554 392 1591; x_wconf 88' lang='lat' dir='ltr'>Is.</span> <span class='ocrx_word' id='word_1_168' title='bbox 410 1553 572 1590; x_wconf 77' lang='lat' dir='ltr'>Porfium</span> <span class='ocrx_word' id='word_1_169' title='bbox 1228 1551 1264 1588; x_wconf 88' lang='lat'>8.</span> <span class='ocrx_word' id='word_1_170' title='bbox 1289 1549 1402 1600; x_wconf 82' lang='lat'><em>1614.</em></span> 
     </span>
    </p>

    <p class='ocr_par' dir='ltr' id='par_1_10' title="bbox 139 1613 400 1662">
     <span class='ocr_line' id='line_1_22' title="bbox 139 1613 400 1662; baseline 0.008 -13"><span class='ocrx_word' id='word_1_171' title='bbox 139 1613 255 1662; x_wconf 85' lang='lat' dir='ltr'>(Vide</span> <span class='ocrx_word' id='word_1_172' title='bbox 277 1614 400 1660; x_wconf 86' lang='lat'><em>1602.)</em></span> 
     </span>
    </p>
   </div>
   <div class='ocr_carea' id='block_1_5' title="bbox 138 1663 1431 1722">
    <p class='ocr_par' dir='ltr' id='par_1_11' title="bbox 138 1663 1431 1722">
     <span class='ocr_line' id='line_1_23' title="bbox 138 1663 1431 1722; baseline -0.004 -11"><span class='ocrx_word' id='word_1_173' title='bbox 138 1674 184 1710; x_wconf 87' lang='lat' dir='ltr'><em>P.</em></span> <span class='ocrx_word' id='word_1_174' title='bbox 213 1675 256 1710; x_wconf 87' lang='lat' dir='ltr'>V.</span> <span class='ocrx_word' id='word_1_175' title='bbox 280 1674 335 1710; x_wconf 90' lang='lat' dir='ltr'>M.</span> <span class='ocrx_word' id='word_1_176' title='bbox 363 1673 476 1722; x_wconf 82' lang='lat' dir='ltr'><em>Opera</em></span> <span class='ocrx_word' id='word_1_177' title='bbox 501 1686 572 1709; x_wconf 84' lang='lat' dir='ltr'>cum</span> <span class='ocrx_word' id='word_1_178' title='bbox 576 1669 713 1720; x_wconf 73' lang='lat' dir='ltr'>scholiis</span> <span class='ocrx_word' id='word_1_179' title='bbox 729 1669 793 1720; x_wconf 86' lang='lat' dir='ltr'><em>Jo.</em></span> <span class='ocrx_word' id='word_1_180' title='bbox 819 1684 844 1707; x_wconf 80' lang='grc' dir='ltr'><em>α</em></span> <span class='ocrx_word' id='word_1_181' title='bbox 867 1667 1001 1719; x_wconf 64' lang='lat' dir='ltr'>Iifftyen.</span> <span class='ocrx_word' id='word_1_182' title='bbox 1030 1663 1199 1704; x_wconf 82' lang='lat' dir='ltr'>Francos.</span> <span class='ocrx_word' id='word_1_183' title='bbox 1219 1678 1276 1717; x_wconf 88' lang='lat' dir='ltr'>ap.</span> <span class='ocrx_word' id='word_1_184' title='bbox 1307 1665 1401 1706; x_wconf 87' lang='lat' dir='ltr'>Nic.</span> <span class='ocrx_word' id='word_1_185' title='bbox 1429 1685 1431 1694; x_wconf 62' lang='lat'>¹</span> 
     </span>
    </p>
   </div>
   <div class='ocr_carea' id='block_1_6' title="bbox 85 1725 1406 2912">
    <p class='ocr_par' dir='ltr' id='par_1_12' title="bbox 87 1725 1399 1770">
     <span class='ocr_line' id='line_1_24' title="bbox 87 1725 1399 1770; baseline -0.002 -2"><span class='ocrx_word' id='word_1_186' title='bbox 87 1731 340 1770; x_wconf 79' lang='lat' dir='ltr'>Hofmannum</span> <span class='ocrx_word' id='word_1_187' title='bbox 1227 1725 1399 1767; x_wconf 85' lang='lat'><em>8.1616.</em></span> 
     </span>
    </p>

    <p class='ocr_par' dir='ltr' id='par_1_13' title="bbox 140 1788 615 1842">
     <span class='ocr_line' id='line_1_25' title="bbox 140 1788 615 1842; baseline -0.002 -14"><span class='ocrx_word' id='word_1_188' title='bbox 140 1790 307 1842; x_wconf 83' lang='lat' dir='ltr'>Repetita</span> <span class='ocrx_word' id='word_1_189' title='bbox 323 1791 419 1828; x_wconf 84' lang='lat' dir='ltr'>forte</span> <span class='ocrx_word' id='word_1_190' title='bbox 436 1801 481 1826; x_wconf 84' lang='lat' dir='ltr'>ex</span> <span class='ocrx_word' id='word_1_191' title='bbox 505 1788 615 1827; x_wconf 84' lang='lat'><em>1610.</em></span> 
     </span>
    </p>

    <p class='ocr_par' dir='ltr' id='par_1_14' title="bbox 85 1841 1402 1956">
     <span class='ocr_line' id='line_1_26' title="bbox 138 1841 1402 1899; baseline -0.002 -13"><span class='ocrx_word' id='word_1_192' title='bbox 138 1850 198 1888; x_wconf 84' lang='lat' dir='ltr'>Est</span> <span class='ocrx_word' id='word_1_193' title='bbox 227 1850 338 1887; x_wconf 84' lang='lat' dir='ltr'>etiarn</span> <span class='ocrx_word' id='word_1_194' title='bbox 365 1849 470 1899; x_wconf 84' lang='lat' dir='ltr'>hujus</span> <span class='ocrx_word' id='word_1_195' title='bbox 492 1848 578 1884; x_wconf 81' lang='lat' dir='ltr'>anni</span> <span class='ocrx_word' id='word_1_196' title='bbox 602 1845 902 1888; x_wconf 83' lang='lat' dir='ltr'>Bersmanniana3</span> <span class='ocrx_word' id='word_1_197' title='bbox 929 1850 965 1881; x_wconf 89' lang='lat' dir='ltr'>et</span> <span class='ocrx_word' id='word_1_198' title='bbox 992 1855 1013 1880; x_wconf 88' lang='lat' dir='ltr'>e</span> <span class='ocrx_word' id='word_1_199' title='bbox 1041 1841 1232 1881; x_wconf 88' lang='lat' dir='ltr'>Pulmanni</span> <span class='ocrx_word' id='word_1_200' title='bbox 1257 1857 1402 1885; x_wconf 84' lang='lat' dir='ltr'>correc-</span> 
     </span>
     <span class='ocr_line' id='line_1_27' title="bbox 85 1907 392 1956; baseline 0 -10"><span class='ocrx_word' id='word_1_201' title='bbox 85 1907 185 1946; x_wconf 82' lang='lat' dir='ltr'>tione</span> <span class='ocrx_word' id='word_1_202' title='bbox 203 1908 313 1946; x_wconf 84' lang='lat' dir='ltr'>Paris.</span> <span class='ocrx_word' id='word_1_203' title='bbox 330 1922 392 1956; x_wconf 86' lang='lat'>²4</span> 
     </span>
    </p>

    <p class='ocr_par' dir='ltr' id='par_1_15' title="bbox 88 1962 1404 2138">
     <span class='ocr_line' id='line_1_28' title="bbox 139 1962 1404 2018; baseline -0.004 -13"><span class='ocrx_word' id='word_1_204' title='bbox 139 1969 312 2006; x_wconf 63' lang='lat' dir='ltr'>Catalechi</span> <span class='ocrx_word' id='word_1_205' title='bbox 339 1966 475 2018; x_wconf 81' lang='lat' dir='ltr'>Virgilii</span> <span class='ocrx_word' id='word_1_206' title='bbox 498 1977 529 2003; x_wconf 86' lang='lat' dir='ltr'>et</span> <span class='ocrx_word' id='word_1_207' title='bbox 551 1965 649 2003; x_wconf 72' lang='lat' dir='ltr'><em>aliar.</em></span> <span class='ocrx_word' id='word_1_208' title='bbox 676 1965 814 2002; x_wconf 73' lang='grc' dir='ltr'><strong>Ροέίαν.</strong></span> <span class='ocrx_word' id='word_1_209' title='bbox 838 1963 994 2000; x_wconf 79' lang='lat' dir='ltr'><em>Latinor.</em></span> <span class='ocrx_word' id='word_1_210' title='bbox 1018 1972 1092 1999; x_wconf 81' lang='lat' dir='ltr'><em>vet.</em></span> <span class='ocrx_word' id='word_1_211' title='bbox 1125 1962 1301 2000; x_wconf 61' lang='lat' dir='ltr'>Pok&#39;matm</span> <span class='ocrx_word' id='word_1_212' title='bbox 1329 1977 1404 2000; x_wconf 80' lang='lat' dir='ltr'><em>cum.</em></span> 
     </span>
     <span class='ocr_line' id='line_1_29' title="bbox 89 2021 1401 2078; baseline -0.003 -14"><span class='ocrx_word' id='word_1_213' title='bbox 89 2029 268 2066; x_wconf 82' lang='lat' dir='ltr'><em>Comment.</em></span> <span class='ocrx_word' id='word_1_214' title='bbox 294 2029 368 2077; x_wconf 85' lang='lat' dir='ltr'><em>Jos.</em></span> <span class='ocrx_word' id='word_1_215' title='bbox 397 2027 563 2078; x_wconf 66' lang='lat' dir='ltr'><em>Scalzgeri</em></span> <span class='ocrx_word' id='word_1_216' title='bbox 583 2026 705 2077; x_wconf 85' lang='lat' dir='ltr'>(item,</span> <span class='ocrx_word' id='word_1_217' title='bbox 729 2025 825 2062; x_wconf 88' lang='lat' dir='ltr'>notis</span> <span class='ocrx_word' id='word_1_218' title='bbox 844 2022 948 2061; x_wconf 87' lang='lat' dir='ltr'>Frid.</span> <span class='ocrx_word' id='word_1_219' title='bbox 981 2021 1256 2070; x_wconf 83' lang='lat' dir='ltr'>Lindenbruch)</span> <span class='ocrx_word' id='word_1_220' title='bbox 1278 2023 1327 2062; x_wconf 91' lang='lat' dir='ltr'>L.</span> <span class='ocrx_word' id='word_1_221' title='bbox 1357 2023 1401 2061; x_wconf 89' lang='lat' dir='ltr'><em>B.</em></span> 
     </span>
     <span class='ocr_line' id='line_1_30' title="bbox 88 2085 1401 2138; baseline -0.001 -14"><span class='ocrx_word' id='word_1_222' title='bbox 88 2087 299 2138; x_wconf 78' lang='lat' dir='ltr'><strong>Rapheleng</strong></span> <span class='ocrx_word' id='word_1_223' title='bbox 1229 2085 1263 2120; x_wconf 90' lang='lat'>8.</span> <span class='ocrx_word' id='word_1_224' title='bbox 1288 2085 1401 2134; x_wconf 86' lang='lat'><em>1617.</em></span> 
     </span>
    </p>

    <p class='ocr_par' dir='ltr' id='par_1_16' title="bbox 147 2133 1081 2197">
     <span class='ocr_line' id='line_1_31' title="bbox 147 2133 1081 2197; baseline -0.002 -15"><span class='ocrx_word' id='word_1_225' title='bbox 147 2147 257 2197; x_wconf 82' lang='lat' dir='ltr'><strong>(Rec.</strong></span> <span class='ocrx_word' id='word_1_226' title='bbox 277 2146 386 2183; x_wconf 85' lang='lat' dir='ltr'>titulo</span> <span class='ocrx_word' id='word_1_227' title='bbox 409 2148 534 2197; x_wconf 72' lang='lat'><em>1595.)</em></span> <span class='ocrx_word' id='word_1_228' title='bbox 1072 2133 1081 2144; x_wconf 50' lang='lat'>⁵</span> 
     </span>
    </p>

    <p class='ocr_par' dir='ltr' id='par_1_17' title="bbox 90 2199 1405 2313">
     <span class='ocr_line' id='line_1_32' title="bbox 141 2199 1401 2255; baseline -0.002 -12"><span class='ocrx_word' id='word_1_229' title='bbox 141 2207 201 2255; x_wconf 82' lang='lat' dir='ltr'><em>Jo.</em></span> <span class='ocrx_word' id='word_1_230' title='bbox 233 2207 321 2243; x_wconf 84' lang='lat' dir='ltr'><em>Lud.</em></span> <span class='ocrx_word' id='word_1_231' title='bbox 353 2207 392 2242; x_wconf 83' lang='lat' dir='ltr'>de</span> <span class='ocrx_word' id='word_1_232' title='bbox 408 2205 445 2242; x_wconf 79' lang='lat' dir='ltr'>la</span> <span class='ocrx_word' id='word_1_233' title='bbox 477 2206 591 2242; x_wconf 62' lang='lat' dir='ltr'><em>Cet-da</em></span> <span class='ocrx_word' id='word_1_234' title='bbox 614 2205 795 2242; x_wconf 63' lang='lat' dir='ltr'><em>Cam-nent.</em></span> <span class='ocrx_word' id='word_1_235' title='bbox 824 2207 860 2240; x_wconf 81' lang='lat' dir='ltr'>in</span> <span class='ocrx_word' id='word_1_236' title='bbox 893 2202 948 2239; x_wconf 92' lang='lat' dir='ltr'>VI</span> <span class='ocrx_word' id='word_1_237' title='bbox 965 2203 1149 2252; x_wconf 68' lang='lat' dir='ltr'><em>pqsteriores</em></span> <span class='ocrx_word' id='word_1_238' title='bbox 1171 2201 1257 2238; x_wconf 86' lang='lat' dir='ltr'><em>AEn.</em></span> <span class='ocrx_word' id='word_1_239' title='bbox 1284 2199 1401 2240; x_wconf 80' lang='lat' dir='ltr'><em>libros.</em></span> 
     </span>
     <span class='ocr_line' id='line_1_33' title="bbox 90 2261 1405 2313; baseline -0.004 -10"><span class='ocrx_word' id='word_1_240' title='bbox 90 2264 245 2303; x_wconf 80' lang='lat' dir='ltr'>Madriti</span> <span class='ocrx_word' id='word_1_241' title='bbox 378 2264 492 2313; x_wconf 78' lang='lat' dir='ltr'>(Vide</span> <span class='ocrx_word' id='word_1_242' title='bbox 514 2265 622 2302; x_wconf 83' lang='lat'><em>1608.</em></span> <span class='ocrx_word' id='word_1_243' title='bbox 649 2265 773 2313; x_wconf 80' lang='lat'><em>1612.)</em></span> <span class='ocrx_word' id='word_1_244' title='bbox 1240 2261 1269 2299; x_wconf 87' lang='lat' dir='ltr'>f.</span> <span class='ocrx_word' id='word_1_245' title='bbox 1293 2262 1405 2313; x_wconf 90' lang='lat'><em>1617.</em></span> 
     </span>
    </p>

    <p class='ocr_par' dir='ltr' id='par_1_18' title="bbox 92 2321 1404 2492">
     <span class='ocr_line' id='line_1_34' title="bbox 144 2321 1402 2375; baseline -0.004 -12"><span class='ocrx_word' id='word_1_246' title='bbox 144 2327 188 2363; x_wconf 88' lang='lat' dir='ltr'>P.</span> <span class='ocrx_word' id='word_1_247' title='bbox 211 2327 247 2362; x_wconf 93' lang='lat' dir='ltr'><em>V</em></span> <span class='ocrx_word' id='word_1_248' title='bbox 243 2353 253 2362; x_wconf 88' lang='lat'><em>.</em></span> <span class='ocrx_word' id='word_1_249' title='bbox 273 2326 329 2363; x_wconf 88' lang='lat' dir='ltr'><em>M.</em></span> <span class='ocrx_word' id='word_1_250' title='bbox 363 2327 447 2363; x_wconf 75' lang='lat' dir='ltr'>Bm.</span> <span class='ocrx_word' id='word_1_251' title='bbox 467 2325 530 2362; x_wconf 79' lang='lat' dir='ltr'>Ge.</span> <span class='ocrx_word' id='word_1_252' title='bbox 559 2335 591 2361; x_wconf 84' lang='lat' dir='ltr'>et</span> <span class='ocrx_word' id='word_1_253' title='bbox 609 2325 763 2362; x_wconf 67' lang='lat' dir='ltr'>AEtzeidos</span> <span class='ocrx_word' id='word_1_254' title='bbox 777 2323 861 2361; x_wconf 84' lang='lat' dir='ltr'>libri</span> <span class='ocrx_word' id='word_1_255' title='bbox 874 2327 1091 2375; x_wconf 79' lang='lat' dir='ltr'>argumentis,</span> <span class='ocrx_word' id='word_1_256' title='bbox 1116 2321 1402 2372; x_wconf 75' lang='lat' dir='ltr'>explicationibus,</span> 
     </span>
     <span class='ocr_line' id='line_1_35' title="bbox 92 2380 1404 2435; baseline -0.005 -12"><span class='ocrx_word' id='word_1_257' title='bbox 92 2393 170 2423; x_wconf 75' lang='lat' dir='ltr'>nasis</span> <span class='ocrx_word' id='word_1_258' title='bbox 189 2383 345 2435; x_wconf 76' lang='lat' dir='ltr'>illustrati</span> <span class='ocrx_word' id='word_1_259' title='bbox 359 2401 382 2422; x_wconf 76' lang='lat' dir='ltr'><em>a</em></span> <span class='ocrx_word' id='word_1_260' title='bbox 401 2385 462 2433; x_wconf 86' lang='lat' dir='ltr'><em>Jo.</em></span> <span class='ocrx_word' id='word_1_261' title='bbox 498 2385 587 2421; x_wconf 62' lang='lat' dir='ltr'><em>Luci.</em></span> <span class='ocrx_word' id='word_1_262' title='bbox 621 2386 659 2421; x_wconf 78' lang='lat' dir='ltr'>de</span> <span class='ocrx_word' id='word_1_263' title='bbox 685 2384 722 2422; x_wconf 86' lang='lat' dir='ltr'>la</span> <span class='ocrx_word' id='word_1_264' title='bbox 752 2384 866 2421; x_wconf 79' lang='lat' dir='ltr'><em>Cerda</em></span> <span class='ocrx_word' id='word_1_265' title='bbox 893 2383 930 2421; x_wconf 88' lang='lat' dir='ltr'><em>S.</em></span> <span class='ocrx_word' id='word_1_266' title='bbox 952 2384 997 2432; x_wconf 85' lang='lat' dir='ltr'><em>J.</em></span> <span class='ocrx_word' id='word_1_267' title='bbox 1025 2380 1200 2431; x_wconf 86' lang='lat' dir='ltr'>Lugduni</span> <span class='ocrx_word' id='word_1_268' title='bbox 1227 2380 1404 2418; x_wconf 76' lang='lat' dir='ltr'>sumtibus</span> 
     </span>
     <span class='ocr_line' id='line_1_36' title="bbox 97 2440 1404 2492; baseline -0.002 -11"><span class='ocrx_word' id='word_1_269' title='bbox 97 2444 244 2482; x_wconf 82' lang='lat' dir='ltr'>Horatii</span> <span class='ocrx_word' id='word_1_270' title='bbox 261 2443 424 2482; x_wconf 80' lang='lat' dir='ltr'>cardon.</span> <span class='ocrx_word' id='word_1_271' title='bbox 441 2443 499 2479; x_wconf 88' lang='grc' dir='ltr'>ΙΠ</span> <span class='ocrx_word' id='word_1_272' title='bbox 516 2442 619 2480; x_wconf 80' lang='lat' dir='ltr'>Voll.</span> <span class='ocrx_word' id='word_1_273' title='bbox 1243 2440 1271 2478; x_wconf 89' lang='lat' dir='ltr'><em>f.</em></span> <span class='ocrx_word' id='word_1_274' title='bbox 1293 2443 1404 2492; x_wconf 86' lang='lat'><em>1617.</em></span> 
     </span>
    </p>

    <p class='ocr_par' dir='ltr' id='par_1_19' title="bbox 94 2498 1404 2602">
     <span class='ocr_line' id='line_1_37' title="bbox 146 2498 1404 2553; baseline -0.003 -13"><span class='ocrx_word' id='word_1_275' title='bbox 146 2503 258 2540; x_wconf 87' lang='lat' dir='ltr'>Nunc</span> <span class='ocrx_word' id='word_1_276' title='bbox 289 2503 435 2541; x_wconf 85' lang='lat' dir='ltr'>demum</span> <span class='ocrx_word' id='word_1_277' title='bbox 457 2503 612 2552; x_wconf 64' lang='lat' dir='ltr'>junf&#39;tim</span> <span class='ocrx_word' id='word_1_278' title='bbox 631 2501 724 2539; x_wconf 89' lang='lat' dir='ltr'>editi</span> <span class='ocrx_word' id='word_1_279' title='bbox 754 2502 794 2539; x_wconf 89' lang='lat' dir='ltr'>in</span> <span class='ocrx_word' id='word_1_280' title='bbox 824 2500 1035 2553; x_wconf 84' lang='lat' dir='ltr'>Virgiliana</span> <span class='ocrx_word' id='word_1_281' title='bbox 1063 2498 1221 2538; x_wconf 80' lang='lat' dir='ltr'>earmina</span> <span class='ocrx_word' id='word_1_282' title='bbox 1246 2499 1404 2551; x_wconf 88' lang='lat' dir='ltr'>diligen-</span> 
     </span>
     <span class='ocr_line' id='line_1_38' title="bbox 94 2563 493 2602; baseline -0.005 0"><span class='ocrx_word' id='word_1_283' title='bbox 94 2563 213 2602; x_wconf 83' lang='lat' dir='ltr'>tiffirni</span> <span class='ocrx_word' id='word_1_284' title='bbox 230 2563 493 2601; x_wconf 83' lang='lat' dir='ltr'>commentarii.</span> 
     </span>
    </p>

    <p class='ocr_par' dir='ltr' id='par_1_20' title="bbox 95 2619 1405 2792">
     <span class='ocr_line' id='line_1_39' title="bbox 144 2619 1404 2673; baseline -0.002 -13"><span class='ocrx_word' id='word_1_285' title='bbox 144 2624 188 2661; x_wconf 88' lang='lat' dir='ltr'><em>P.</em></span> <span class='ocrx_word' id='word_1_286' title='bbox 220 2624 263 2660; x_wconf 84' lang='lat' dir='ltr'><em>V.</em></span> <span class='ocrx_word' id='word_1_287' title='bbox 287 2624 346 2660; x_wconf 90' lang='lat' dir='ltr'><em>M.</em></span> <span class='ocrx_word' id='word_1_288' title='bbox 381 2624 496 2673; x_wconf 81' lang='lat' dir='ltr'><em>Opera</em></span> <span class='ocrx_word' id='word_1_289' title='bbox 513 2627 618 2659; x_wconf 80' lang='lat' dir='ltr'><em>omnia</em></span> <span class='ocrx_word' id='word_1_290' title='bbox 641 2623 681 2659; x_wconf 85' lang='lat' dir='ltr'><em>B.</em></span> <span class='ocrx_word' id='word_1_291' title='bbox 699 2622 745 2659; x_wconf 90' lang='lat' dir='ltr'><em>G.</em></span> <span class='ocrx_word' id='word_1_292' title='bbox 772 2631 803 2658; x_wconf 85' lang='lat' dir='ltr'>et</span> <span class='ocrx_word' id='word_1_293' title='bbox 820 2621 867 2658; x_wconf 91' lang='lat' dir='ltr'><em>A.</em></span> <span class='ocrx_word' id='word_1_294' title='bbox 897 2622 989 2658; x_wconf 80' lang='lat' dir='ltr'>Ciris</span> <span class='ocrx_word' id='word_1_295' title='bbox 1012 2631 1044 2658; x_wconf 80' lang='lat' dir='ltr'>et</span> <span class='ocrx_word' id='word_1_296' title='bbox 1068 2619 1180 2657; x_wconf 76' lang='lat' dir='ltr'><em>Culex</em></span> <span class='ocrx_word' id='word_1_297' title='bbox 1203 2633 1275 2656; x_wconf 83' lang='lat' dir='ltr'>cum</span> <span class='ocrx_word' id='word_1_298' title='bbox 1291 2635 1404 2658; x_wconf 83' lang='lat' dir='ltr'><em>comm.</em></span> 
     </span>
     <span class='ocr_line' id='line_1_40' title="bbox 95 2677 1405 2731; baseline -0.004 -10"><span class='ocrx_word' id='word_1_299' title='bbox 95 2683 155 2721; x_wconf 85' lang='lat' dir='ltr'>Fr.</span> <span class='ocrx_word' id='word_1_300' title='bbox 182 2682 430 2726; x_wconf 79' lang='lat' dir='ltr'>Taubmanni,</span> <span class='ocrx_word' id='word_1_301' title='bbox 457 2695 592 2720; x_wconf 66' lang='lat' dir='ltr'><em>curante</em></span> <span class='ocrx_word' id='word_1_302' title='bbox 604 2691 636 2718; x_wconf 82' lang='lat' dir='ltr'>et</span> <span class='ocrx_word' id='word_1_303' title='bbox 652 2682 762 2718; x_wconf 84' lang='lat' dir='ltr'><em>edente</em></span> <span class='ocrx_word' id='word_1_304' title='bbox 788 2681 978 2731; x_wconf 68' lang='lat' dir='ltr'>Chrgstiam</span> <span class='ocrx_word' id='word_1_305' title='bbox 1004 2677 1224 2717; x_wconf 74' lang='lat' dir='ltr'><em>Taubmanno</em></span> <span class='ocrx_word' id='word_1_306' title='bbox 1249 2678 1345 2716; x_wconf 89' lang='lat' dir='ltr'><em>Frid.</em></span> <span class='ocrx_word' id='word_1_307' title='bbox 1361 2682 1405 2728; x_wconf 79' lang='lat' dir='ltr'>f·</span> 
     </span>
     <span class='ocr_line' id='line_1_41' title="bbox 97 2739 1404 2792; baseline -0.004 -12"><span class='ocrx_word' id='word_1_308' title='bbox 97 2742 280 2792; x_wconf 85' lang='lat' dir='ltr'>(Witteb.)</span> <span class='ocrx_word' id='word_1_309' title='bbox 302 2741 419 2779; x_wconf 77' lang='lat' dir='ltr'>Zach.</span> <span class='ocrx_word' id='word_1_310' title='bbox 440 2741 592 2778; x_wconf 81' lang='lat' dir='ltr'>Schurer</span> <span class='ocrx_word' id='word_1_311' title='bbox 1232 2752 1269 2787; x_wconf 82' lang='lat'><em>4.</em></span> <span class='ocrx_word' id='word_1_312' title='bbox 1293 2739 1404 2777; x_wconf 84' lang='lat'><em>1618.</em></span> 
     </span>
    </p>

    <p class='ocr_par' dir='ltr' id='par_1_21' title="bbox 96 2798 1406 2912">
     <span class='ocr_line' id='line_1_42' title="bbox 147 2798 1405 2853; baseline -0.005 -14"><span class='ocrx_word' id='word_1_313' title='bbox 147 2803 256 2840; x_wconf 76' lang='lat' dir='ltr'>Editio</span> <span class='ocrx_word' id='word_1_314' title='bbox 273 2803 380 2838; x_wconf 82' lang='lat' dir='ltr'><em>Henr.</em></span> <span class='ocrx_word' id='word_1_315' title='bbox 410 2801 574 2850; x_wconf 74' lang='lat' dir='ltr'>Stephani</span> <span class='ocrx_word' id='word_1_316' title='bbox 577 2803 709 2851; x_wconf 75' lang='lat' dir='ltr'><em>stmper</em></span> <span class='ocrx_word' id='word_1_317' title='bbox 710 2805 792 2853; x_wconf 76' lang='lat' dir='ltr'>ftre</span> <span class='ocrx_word' id='word_1_318' title='bbox 813 2811 871 2851; x_wconf 80' lang='lat' dir='ltr'>pro</span> <span class='ocrx_word' id='word_1_319' title='bbox 895 2799 1010 2853; x_wconf 83' lang='lat' dir='ltr'><em>regula</em></span> <span class='ocrx_word' id='word_1_320' title='bbox 1015 2803 1095 2851; x_wconf 86' lang='lat' dir='ltr'>suit</span> <span class='ocrx_word' id='word_1_321' title='bbox 1111 2798 1175 2836; x_wconf 91' lang='lat' dir='ltr'>sub</span> <span class='ocrx_word' id='word_1_322' title='bbox 1193 2799 1297 2837; x_wconf 85' lang='lat' dir='ltr'><strong>finem</strong></span> <span class='ocrx_word' id='word_1_323' title='bbox 1315 2811 1405 2848; x_wconf 71' lang='lat' dir='ltr'>prs:-</span> 
     </span>
     <span class='ocr_line' id='line_1_43' title="bbox 96 2857 1406 2912; baseline -0.005 -13"><span class='ocrx_word' id='word_1_324' title='bbox 96 2862 243 2902; x_wconf 79' lang='lat' dir='ltr'><em>sat.-—“</em></span> <span class='ocrx_word' id='word_1_325' title='bbox 264 2860 363 2900; x_wconf 70' lang='lat' dir='ltr'>Ciris</span> <span class='ocrx_word' id='word_1_326' title='bbox 389 2871 516 2899; x_wconf 75' lang='lat' dir='ltr'><em>textum</em></span> <span class='ocrx_word' id='word_1_327' title='bbox 534 2875 577 2901; x_wconf 80' lang='lat' dir='ltr'>ex</span> <span class='ocrx_word' id='word_1_328' title='bbox 601 2860 780 2912; x_wconf 80' lang='lat' dir='ltr'>Scaligeri,</span> <span class='ocrx_word' id='word_1_329' title='bbox 808 2860 965 2904; x_wconf 76' lang='lat' dir='ltr'>Barthii,</span> <span class='ocrx_word' id='word_1_330' title='bbox 991 2869 1023 2897; x_wconf 85' lang='lat' dir='ltr'>et</span> <span class='ocrx_word' id='word_1_331' title='bbox 1046 2864 1196 2912; x_wconf 77' lang='lat' dir='ltr'>parentis</span> <span class='ocrx_word' id='word_1_332' title='bbox 1216 2857 1406 2896; x_wconf 70' lang='lat' dir='ltr'>leHionibus</span> 
     </span>
    </p>
   </div>
   <div class='ocr_carea' id='block_1_7' title="bbox 666 2919 1403 2969">
    <p class='ocr_par' dir='ltr' id='par_1_22' title="bbox 666 2919 1403 2969">
     <span class='ocr_line' id='line_1_44' title="bbox 666 2919 1403 2969; baseline -0.007 -12"><span class='ocrx_word' id='word_1_333' title='bbox 666 2932 686 2969; x_wconf 88' lang='lat'>3</span> <span class='ocrx_word' id='word_1_334' title='bbox 1266 2919 1403 2967; x_wconf 59' lang='lat' dir='ltr'>restitui.</span> 
     </span>
    </p>
   </div>
   <div class='ocr_carea' id='block_1_8' title="bbox 1949 0 1987 453">
    <p class='ocr_par' dir='ltr' id='par_1_23' title="bbox 1949 0 1987 453">
     <span class='ocr_line' id='line_1_45' title="bbox 1949 0 1987 453; baseline 0 2908"><span class='ocrx_word' id='word_1_335' title='bbox 1949 0 1987 453; x_wconf 95' lang='lat' dir='ltr'> </span> 
     </span>
    </p>
   </div>
  </div>
 </body>
</html>
