1821 3381
335 264 796 321 BUCOLICA‚
860 262 1038 314 ECL.
1088 260 1147 312 V.
1307 277 1393 327 105

88 397 364 446 Cantabunt
388 396 510 443 mihi
533 395 780 443 Damoetas
805 406 851 440 et
875 393 1066 457 Lyctius
1089 391 1282 456 AEgon;

82 488 315 534 §altantis
336 487 524 548 Satyros
547 486 814 532 imitabitur
834 483 1185 548 Alphesiboeus,

93 575 221 624 Haec
246 576 335 623 tibi
357 576 539 639 semper
559 588 711 633 erunt,
744 588 790 622 et
812 591 962 638 quum
985 574 1228 621 sollemnia
1252 584 1364 620 vota

93 663 369 711 Reddemus
393 663 649 726 Nymphis,
671 676 718 710 et
740 680 891 726 quum
911 664 1209 711 lustrabimus
1230 677 1385 727 agros-

78 751 357 816 .Dumjuga
379 754 554 800 montis
577 769 702 816 aper,
720 752 890 799 fluvios
910 750 1028 798 dum
1050 751 1191 814 piscis
1208 751 1407 809 amabit,

29 835 31 838 ¹
97 844 326 907 Dumque
341 846 508 906 thymo
521 844 771 908 pascentur
792 859 918 907 apeS‚
935 843 1053 891 dum
1072 858 1177 889 rore
1196 843 1375 890 cicadae
1393 859 1408 890 t

94 935 295 998 Semper
327 937 476 982 honos
510 953 780 1000 nomenque
825 949 962 985 tuum
1005 934 1258 998 laudesque
1304 950 1411 981 ma-

226 1026 422 1073 nebunt.

98 1116 172 1163 Ut
195 1116 382 1163 Baccho
407 1115 676 1178 Cererique,
709 1117 800 1163 tibi
824 1116 888 1163 fic
910 1127 1018 1159 vota
1039 1126 1157 1175 quot
1180 1117 1313 1162 annis

97 1203 341 1268 Agricolae
366 1201 539 1248 facient
554 1224 569 1255 ;
605 1200 852 1247 damnabis
878 1212 926 1247 tu
946 1215 1136 1264 quoque
1159 1205 1296 1252 votis.
1352 1210 1413 1254 80

644 1308 852 1341 MOPSUS.

99 1383 226 1449 Qae
251 1384 357 1441 tibi,
379 1400 487 1446 quae
508 1382 590 1430 tali
615 1383 811 1430 reddam
834 1400 922 1447 pro
943 1384 1156 1432 carmine
1178 1386 1329 1433 dona!

145 1519 199 1551 74.
222 1515 290 1544 dona
305 1513 448 1545 Parrhas.
474 1520 506 1544 et
529 1523 588 1555 pro
612 1524 681 1544 var.
709 1512 782 1543 lest.
804 1523 886 1545 unus
909 1515 1000 1546 Leid.
1093 1524 1143 1556 75.
1167 1522 1192 1546 et
1206 1516 1417 1559 collzsstrabimus

99 1568 178 1594 tres.
220 1565 435 1608 conlzstrabimas
450 1574 531 1595 unus
546 1564 655 1594 Burni.
746 1562 796 1603 76.
820 1568 929 1595 amavit
945 1566 1033 1596 Gud.
1051 1576 1069 1596 a
1084 1577 1127 1596 m.
1142 1577 1189 1608 pr.
1282 1575 1332 1606 77.
1347 1568 1417 1609 qu-

99 1621 198 1645 tantur
221 1615 319 1653 Gud.,
341 1616 427 1656 quod
457 1622 565 1646 tuetur
597 1615 686 1646 Cort.
713 1615 753 1645 ad
778 1614 862 1646 Plin.
889 1618 916 1646 11
942 1619 1022 1659 Epp.
1052 1627 1084 1658 9,
1107 1617 1270 1659 f.——-79.
1292 1620 1416 1659 tibifha

101 1666 224 1696 Moreti
261 1674 402 1708 quartus.
889 1667 1037 1699 Placebat
1069 1667 1197 1698 Heius-io
1227 1671 1293 1700 voti.
1354 1668 1416 1701 Sed

100 1724 274 1760 utrumque
289 1716 526 1750 redicem-81.
540 1724 598 1760 pro
613 1730 720 1747 munere
742 1716 839 1750 Leid.
865 1718 921 1750 alt.
965 1721 1048 1761 digna
1074 1719 1220 1750 Pan-has.
1245 1727 1311 1751 vota
1335 1730 1418 1752 unus

102 1769 199 1802 Leid.

493 1666 542 1697 80.
567 1667 831 1697 damnabis—votis.

96 1865 164 1903 «zio
174 1864 310 1915 Opusc.
328 1877 366 1914 p.
386 1865 488 1922 ²87}
507 1864 653 1902 defendi
669 1854 735 1901 ra·-

789 1866 924 1904 sereno.
941 1880 977 1904 v.
994 1865 1134 1918 Georg.
1154 1867 1187 1911 Ι,
1208 1880 1297 1917 340,
1318 1876 1354 1905 et
1370 1867 1417 1904 ad

104 1930 187 1954 men
205 1915 329 1966 potest,
357 1928 441 1952 cum
467 1925 562 1953 mter
587 1916 725 1954 Chium

102 1978 140 2006 et
150 1967 312 2004 Siciliam
322 1967 539 2005 commercia
548 1967 627 2005 satis
636 1968 726 2004 mul-

104 2029 143 2056 ta
160 2018 307 2061 fuerint,
335 2031 489 2068 cumque
507 2018 545 2056 in
570 2019 729 2056 carmine

103 2069 253 2120 majoris
270 2069 416 2119 spiritus
436 2070 591 2107 versetur
608 2075 731 2121 poeta.

104 2137 228 2161 novum
245 2127 384 2167 nebim,-
413 2121 484 2158 fuit
508 2121 645 2159 seilicet
670 2121 725 2159 vi-

106 2187 193 2211 num
210 2173 329 2209 dulce.
383 2171 550 2210 Calathus
567 2173 603 2212 h.
622 2174 646 2221 l.
667 2187 725 2211 va-

106 2227 149 2263 fis
174 2234 210 2262 et
235 2222 359 2260 calicis
382 2237 508 2274 genus.
563 2238 582 2275 7
590 2238 624 2273 3..
649 2224 727 2262 Sal-

104 2286 213 2317 tanles
237 2277 373 2323 Satyros
393 2275 603 2313 imitabitur:
645 2275 728 2314 fim-

107 2327 252 2379 pliciter
273 2339 338 2376 pro
364 2325 532 2363 saltabit:
561 2326 640 2364 sci-l.
664 2326 726 2364 Sa-

107 2389 272 2427 tyrorum
298 2389 409 2415 more.
465 2377 567 2414 Male
595 2378 729 2430 accipit

108 2430 253 2468 Baxter.
271 2430 316 2465 ad
336 2427 469 2476 Horat.
489 2428 601 2479 Epist.
621 2429 674 2474 II,
692 2443 731 2474 z,

114 2496 128 2520 1
139 2495 202 2534 ις,
221 2490 260 2517 ut
277 2479 334 2523 fit,
351 2478 520 2529 Satyrum
539 2480 694 2519 saltabit.

163 2546 226 2584 74.
252 2545 312 2582 75.
342 2530 409 2575 Ea,
432 2544 510 2580 quae
530 2542 632 2568 antea
654 2545 732 2570 om-

109 2584 216 2621 nibus
236 2582 363 2619 diebus
383 2582 476 2619 festis
496 2582 529 2618 se
555 2582 732 2621 faciurum

109 2635 175 2672 effe
193 2635 349 2677 dixerat,
383 2646 476 2669 nunc
496 2634 542 2670 ad
566 2634 639 2671 duo
664 2634 733 2672 sol-

109 2686 228 2724 lennia
245 2685 437 2735 insigniora
457 2696 611 2724 revocat,
651 2687 734 2736 Lus-

109 2741 209 2776 tratis
224 2753 394 2788 agrorum,
420 2736 488 2773 five
502 2736 736 2782 ambarvalia,

114 2788 273 2825 moribus
300 2787 447 2837 quidem
477 2787 650 2824 Romanis
675 2789 735 2826 fie-

112 2840 201 2882 bant·
210 2839 273 2879 sub
284 2839 404 2878 casum
416 2839 558 2884 hiemis,
568 2839 644 2891 jam
656 2852 737 2879 vere

791 1918 1006 1961 Tibu11.II,
1039 1933 1051 1956 1
1074 1932 1147 1969 pn,
1176 1928 1215 1955 ut
1240 1919 1335 1956 forte
1361 1919 1414 1957 vs.

793 1971 1022 2023 70fiftigus
1046 1977 1109 2007 erit
1134 1970 1219 2007 hinc
1241 1969 1418 2008 illustran-

795 2021 882 2058 dum
899 2022 964 2058 effe
980 2032 1103 2072 putare
1119 2022 1233 2071 possis,
1290 2020 1418 2058 Faten-

794 2072 884 2109 dum
902 2083 1035 2118 tamen,
1049 2072 1094 2109 ad
1110 2073 1251 2110 Siculos
1265 2073 1338 2110 haec
1354 2086 1420 2123 po-

791 2123 863 2161 tius
886 2123 972 2161 ritus
997 2125 1268 2161 accommodata
1293 2124 1416 2161 haberi

790 2175 944 2219 debere3
1009 2175 1131 2226 itaque
1180 2175 1419 2227 cogitandum

791 2226 1003 2277 {impliciter
1028 2227 1074 2264 de
1108 2227 1196 2264 festo
1224 2227 1419 2277 Nympha-

792 2291 887 2322 rum,
904 2277 1047 2329 alioque
1065 2278 1151 2316 festo
1170 2291 1338 2329 agrorum
1363 2279 1420 2317 lu-

791 2329 1026 2367 strandorum.

849 2383 1026 2432 76-78,
1065 2380 1275 2419 Fastiditum
1323 2394 1419 2419 nunc

796 2432 883 2475 hoc,
901 2432 999 2482 quod
1013 2432 1188 2470 delec‘iare
1212 2431 1337 2469 debuit
1355 2447 1419 2469 no·

797 2497 882 2520 vum
901 2483 1040 2520 dietum
1059 2483 1097 2520 in
1118 2495 1236 2535 poeta.
1255 2485 1332 2522 dum
1353 2499 1422 2522 rore

795 2536 942 2579 cicadae,·
970 2534 1117 2585 antiqua
1146 2535 1287 2587 opinio·
1341 2536 1420 2574 vid.

800 2585 952 2624 Heliod.
968 2588 1026 2623 Sc.
1051 2586 1163 2626 Herc.
1186 2600 1273 2638 395.
1298 2587 1423 2625 Theo-

798 2650 851 2674 cr.
878 2637 989 2687 Idyll.
1026 2638 1101 2680 IV,
1135 2640 1192 2676 16.
1221 2638 1272 2675 cf.
1300 2638 1422 2678 Ursin.

798 2689 932 2727 Cerda.
973 2701 1034 2739 79.
1055 2692 1115 2727 80.
1135 2689 1278 2740 Ingenii
1297 2689 1423 2726 luden-

799 2739 845 2776 tis
890 2740 1037 2790 vestigia
1062 2740 1198 2790 ubique
1238 2740 1424 2791 agnoscas,

800 2805 894 2829 nunc
913 2790 950 2827 in
965 2791 1033 2828 hoc
1048 2804 1205 2841 quoque,
1232 2792 1330 2841 quod
1350 2793 1423 2842 pri-

800 2854 861 2883 mo
894 2855 978 2881 cum
1013 2839 1193 2895 'Apolline
1235 2842 1425 2895 Daphnidi

1356 2906 1425 2934 artu
