1821 3381
254 275 357 330 DE
402 273 766 328 CARMINE
796 275 1226 340 Bucotico.
1344 292 1398 339 17

92 424 388 476 quamquam
421 429 479 460 ne
524 413 557 459 ii
592 412 787 473 quidem
822 409 925 473 ipfi,
959 411 1041 472 qui
1085 410 1401 456 Theocritum

97 493 234 558 hujus
257 495 479 540 carminis
504 510 667 540 verum
697 493 976 556 magistrum
1000 492 1089 538 effe
1123 493 1402 556 largiuntur,

87 576 263 641 judicii
287 578 594 625 subtilitatem
631 589 676 623 et
713 584 913 622 acumen
949 576 1134 639 semper
1156 575 1262 623 satis
1286 593 1402 640 pro-

95 658 225 716 bent,
259 659 336 706 scd
358 659 452 706 fere
477 659 671 705 minutis
695 657 851 703 nescio
874 657 1044 719 quibus
1082 671 1127 704 et
1157 675 1403 722 gramma-

94 742 203 788 'ticis
239 758 339 789 rem
370 741 628 788 rationibus
666 740 904 786 decidant.
976 740 1151 800 Wrgilio
1185 742 1404 803 elegantia?

94 823 272 880 laudem,
306 824 526 884 dignitatis
546 832 588 868 et
614 824 820 868 >doram-‘nce
849 834 992 867 nemo
1024 821 1287 876 invidebit;
1323 821 1402 868 sed

79 905 361 966 fimplicitate
382 913 424 950 et
446 902 637 949 naturali
654 902 799 962 aliqua
821 903 1034 961 venustate
1047 919 1266 966 remumque
1289 906 1405 965 copia

92 1002 146 1032 nc
165 986 382 1031 varietczle
402 1001 477 1030 non
500 987 635 1030 minus
669 985 778 1030 cedit
814 983 1047 1038 Theocrito,
1082 1000 1204 1044 quam
1227 1000 1301 1030 ars
1324 1002 1404 1031 na-

93 1076 219 1125 rum,
251 1085 396 1132 quam
434 1069 620 1114 vincere
657 1067 854 1130 quidem
891 1066 971 1112 illa
1002 1065 1196 1127 operose
1230 1067 1279 1112 in
1311 1068 1405 1113 fin..

93 1151 247 1214 gulari
269 1150 425 1213 aliqua
448 1166 495 1196 re
522 1150 690 1212 potest,
723 1148 800 1194 scd
832 1148 881 1194 in
910 1147 1095 1193 summa
1117 1148 1182 1193 rei
1213 1149 1332 1195 iners
1357 1162 1404 1196 et

97 1251 215 1281 vana
237 1233 451 1280 habenda
482 1232 562 1278 est.
620 1232 816 1288 Verum,
841 1229 1021 1276 etiamst
1047 1247 1131 1292 par
1161 1230 1258 1276 laus
1282 1231 1404 1278 utri-

94 1336 187 1383 que
226 1320 273 1366 in
310 1319 365 1364 iis
406 1317 514 1380 ipsis
547 1317 699 1372 rebus,
734 1329 841 1377 quae
879 1313 1104 1360 maximae
1128 1312 1246 1369 sunt,
1280 1313 1404 1371 esset,

96 1402 378 1449 Theocritus
403 1412 562 1447 tamen
589 1399 634 1445 in
669 1415 724 1445 eo
760 1397 935 1461 primas
975 1408 1146 1453 tuetur,
1181 1395 1311 1458 quod
1350 1412 1402 1443 ea

96 1486 292 1541 invenit,
326 1486 374 1531 in
412 1485 583 1547 quibus
622 1481 923 1530 retractandis
948 1480 1064 1526 alter
1097 1491 1144 1526 et
1167 1479 1402 1542 poliendis

95 1570 141 1617 se
174 1567 440 1620 continuit;
476 1566 604 1629 quod
638 1565 854 1628 quamvis
902 1580 1079 1627 magno
1118 1564 1402 1627 plerumque

94 1654 287 1718 ingenio
310 1651 487 1698 factum
506 1666 645 1696 nemo
669 1661 824 1712 neget,
852 1648 1093 1695 interdum
1116 1660 1276 1694 tamen
1301 1660 1401 1694 tam

95 1734 296 1782 sollicite
332 1732 580 1779 Theocriti
612 1732 806 1794 vestigia
839 1731 1030 1793 premit,
1064 1743 1115 1776 ut
1159 1730 1403 1793 sublegere

92 1821 252 1882 potius
271 1818 339 1865 illi
362 1817 453 1873 sua,
471 1828 516 1862 et
532 1814 684 1862 versus
700 1815 909 1876 undique
932 1814 1216 1876 conquifitos
1234 1814 1403 1861 Latine

92 1910 379 1957 convertere,
412 1916 556 1963 quam
593 1898 674 1944 suo
708 1898 899 1960 ingenio
923 1899 989 1944 uti
1015 1896 1241 1943 videatur.
1311 1895 1404 1942 Sed

92 1985 153 2032 dc
190 1985 261 2031 his
298 1985 361 2030 ita
398 1982 608 2045 quisque,
641 1981 712 2027 uti
746 1980 938 2027 libitum
977 1979 1055 2035 est,
1091 1979 1271 2026 sentiat.
1351 1980 1402 2026 Si

93 2080 253 2114 tamen
290 2067 446 2128 aliqua
475 2063 664 2125 Virgilii
707 2079 759 2109 ea
800 2063 848 2109 in
883 2079 933 2108 re
977 2062 1116 2124 culpa
1159 2061 1238 2118 est,
1272 2061 1402 2124 quod

94 2150 398 2198 Theocriteas
443 2146 633 2193 lacinias
677 2143 1033 2200 consarcinavit,
1083 2142 1187 2190 satis
1233 2161 1400 2207 graves

91 2251 257 2301 poenas
296 2231 443 2286 dedit,
477 2245 589 2275 cum
627 2227 729 2290 post
770 2243 880 2272 eum
921 2226 1001 2273 vix
1037 2225 1286 2288 quisquam
1319 2240 1401 2273 aut

91 2316 408 2366 recentiorum
428 2312 668 2358 bucolicos
693 2307 845 2355 versus
881 2307 1162 2364 condiderit,
1196 2309 1309 2372 quin
1342 2327 1399 2357 ex

93 2399 298 2463 Virgilio
348 2411 521 2442 novam
560 2392 861 2456 rhapsodiam
915 2390 1246 2436 bucolicorum
1290 2407 1399 2438 ver..

90 2486 226 2533 suum
257 2492 303 2526 et
331 2477 663 2525 sententiarum
703 2475 964 2520 adornaret.
1035 2472 1255 2519 Facilitas
1293 2473 1398 2523 haec

90 2568 141 2614 in
164 2562 401 2612 nonnullis
432 2561 542 2606 vitae
571 2558 752 2606 rusticae
787 2556 970 2604 tabellis
1009 2568 1252 2617 tamquam
1288 2575 1399 2606 mu..

92 2649 190 2695 sivo
226 2661 366 2708 opere
405 2641 792 2706 coagmentandis
848 2638 1070 2685 inducere
1114 2639 1397 2702 plerumque

92 2731 207 2779 solet
249 2729 457 2788 nqssentes
497 2723 675 2788 poetas,
716 2736 768 2770 ut
817 2722 864 2767 in
915 2720 1091 2783 idylliis
1137 2721 1396 2768 condendis

108 2800 111 2804 ’
153 2814 290 2862 Toxi.
318 2828 354 2859 1.
810 2807 847 2853 Β
1217 2803 1394 2867 ingenii
