1821 3381
282 260 796 327 BUCOLICA,
863 269 1207 320 ECL.111.
1344 274 1403 336 63

619 420 906 450 DAMOETAS.

93 495 170 542 Ab
189 494 306 555 Jove
323 494 616 558 principium
636 493 814 540 Musae:
833 495 966 555 Jovis
983 496 1146 542 omnia
1162 496 1317 559 plena.
1343 498 1408 544 60

91 586 179 632 Ille
204 586 318 650 colit
340 598 512 639 terras;
547 585 618 631 illi
644 601 750 631 mea
770 584 983 631 carmina
1004 601 1149 635 curae.

616 691 895 721 MENALCAS.

24 837 27 842 4
90 765 155 813 Et
170 783 248 813 me
266 766 476 814 Phoebus
494 777 646 813 amat:
675 765 861 812 Phoebo
884 765 962 812 sua
982 765 1168 830 semper
1183 766 1308 830 apud
1328 783 1406 815 me

90 857 295 905 Munera
318 856 438 915 sunt,
464 858 601 914 lauri,
624 867 672 902 et
695 855 832 902 suave
853 858 1026 903 rubens
1050 858 1351 920 hyacinthus.

610 961 898 993 DAMOETAS.

90 1036 225 1083 Malo
251 1053 327 1083 me
353 1036 549 1084 Galatea
571 1037 706 1098 petit,
730 1035 901 1083 lasciva
924 1038 1110 1100 puella;

87 1124 154 1171 Et
178 1123 299 1187 fugit
323 1122 381 1169 ad
405 1122 580 1180 salleeS,
608 1135 654 1170 et
679 1123 725 1170 se
747 1126 882 1188 cupit
906 1139 1015 1173 ante
1039 1127 1205 1175 videri.
1340 1132 1399 1194 65

129 1279 182 1311 60.
204 1280 231 1310 A
250 1281 328 1323 Jove
344 1280 414 1313 alii:
438 1280 491 1312 sed
506 1280 639 1312 sollenni
665 1283 833 1324 poetarum
855 1283 911 1315 usu
933 1283 1071 1315 alterum
1088 1285 1214 1317 dicitur.
1238 1298 1268 1317 v.
1295 1288 1406 1319 Burm.

177 1332 228 1365 62.
253 1335 289 1363 At
304 1347 344 1363 me
360 1341 423 1364 tres
435 1333 547 1364 Heins.
560 1341 595 1364 ut
613 1333 665 1364 66.
710 1336 752 1364 Et
769 1335 992 1376 RIenagsscum
1005 1336 1104 1367 Goth.
1123 1348 1170 1379 pr.

1261 1338 1312 1378 65.
1326 1341 1406 1370 Bur-

87 1395 222 1415 mannus
238 1385 276 1414 ad
300 1384 433 1415 Anthol.
455 1385 509 1415 lat.
532 1395 562 1426 p.
588 1393 627 1424 37
650 1385 767 1416 reffitius
798 1385 861 1427 legi
877 1387 1028 1429 putabat:
1042 1390 1136 1431 sedfi
1153 1393 1269 1433 cupita,
1315 1392 1406 1423 Idem

85 1436 223 1467 malebat
239 1436 403 1468 Drakenb.
422 1437 462 1468 ad
474 1437 549 1468 Liv.
565 1437 651 1479 Epit.
667 1437 688 1468 l.
704 1438 857 1469 XLVIII.
1276 1460 1279 1463 -

84 1578 282 1624 ἀμοιβαίων,
314 1577 477 1616 TheOCI‘.
511 1577 623 1622 X7IIL
652 1581 715 1617 61.

83 1643 201 1667 amant
228 1629 361 1666 alterna
382 1631 565 1673 Camenae‚·
586 1642 711 1667 notum

86 1681 244 1719 Homeri
265 1681 370 1718 Iliad.
391 1700 429 1725 α,
450 1680 537 1731 604'.
564 1685 712 1719 dewv

83 1732 133 1778 Ξ),
169 1736 204 1771 ἂι
251 1733 351 1770 ἄειδον
391 1736 605 1780 ἀμειβόμεναι
656 1734 714 1772 ὄπτ’

82 1790 171 1826 xxxii
177 1815 186 1824 .

137 1828 199 1876 6‘0.
243 1835 321 1873 Effe
353 1837 448 1874 hune
485 1836 626 1874 versum
666 1849 733 1875 ex⁷

80 1887 266 1939 principio
288 1888 604 1925 Phaenomenorum
620 1889 710 1925 Ara-

83 1941 113 1977 ti
134 1940 357 1984 transsatum,
371 1940 445 1989 jam
475 1940 617 1977 Servius
636 1954 712 1978 mo·

83 1992 176 2029 nuit.
196 1991 248 2029 cf.
268 1991 321 2027 La
345 1992 480 2035 cerda,
502 1991 652 2029 Urfinus
675 2002 711 2029 et

81 2044 128 2081 al.
176 2056 391 2094 quamquam
450 2044 608 2080 colorem
665 2057 710 2081 ex

84 2094 244 2133 Theocr.
276 2094 329 2138 V,
351 2097 497 2143 80—83
529 2106 710 2132 mutuatus

80 2147 161 2190 effe,
187 2157 223 2184 et
242 2146 359 2196 quoad
378 2145 493 2196 prima
521 2147 627 2184 verba
656 2160 707 2186 re-

82 2198 226 2248 spexiffe
244 2198 289 2234 ad
314 2198 424 2247 Idyll.
451 2197 584 2240 XVII,
618 2212 630 2235 1
655 2199 709 2236 vi-

81 2249 158 2286 deri
177 2251 287 2300 potest
303 2266 313 2295 3
342 2259 377 2287 et
390 2263 410 2285 a
427 2249 593 2287 laudibus
606 2249 709 2298 Jovis

79 2301 282 2338 carminum
317 2300 463 2338 initium
494 2300 613 2337 facere
639 2302 708 2339 sol-

79 2353 185 2390 lenne
203 2352 482 2403 antiquioribus.
502 2366 536 2390 v,
560 2352 705 2391 Pindar.

83 2402 194 2441 Nem.
224 2405 300 2442 Od.
335 2419 355 2442 2
380 2405 496 2454 princ.
553 2404 707 2443 Dixerat

80 2467 165 2493 vero
185 2457 331 2497 Aratus,
360 2456 465 2502 Jovis
483 2461 590 2492 omnia
602 2456 708 2505 plena

79 2510 150 2557 ff,
177 2521 221 2544 ex
242 2508 448 2545 Stoicorum
467 2515 601 2550 mente,
617 2507 705 2545 dum

81 2559 237 2597 animam
301 2559 428 2596 mundi
471 2557 704 2609 intelligeret,

79 2624 158 2660 quae
176 2611 379 2648 universum
404 2610 472 2647 hoc
495 2620 704 2660 permearet,

80 2663 129 2701 cf.
149 2663 291 2712 Georg.
324 2662 397 2706 IV,
429 2674 532 2704 2203
560 2662 705 2699 audive-

81 2724 135 2752 rat
168 2713 263 2751 enim
296 2714 448 2756 Stoicos,
491 2712 704 2762 Dionysium

82 2765 350 2808 Heracleotam‚
379 2774 414 2802 ct
449 2764 619 2801 Persaeum
638 2765 704 2801 Ci-

78 2817 204 2856 tieum.
234 2819 406 2854 Attamen
422 2816 459 2853 in
477 2815 614 2852 indoffi
629 2816 706 2866 pas-

79 2869 165 2908 toris
182 2882 243 2907 ore
255 2868 421 2909 videntur
435 2868 509 2907 haec
522 2867 628 2905 nimis
640 2868 706 2906 effe

780 1578 938 1617 subtilia.
995 1580 1159 1619 Omnino
1184 1581 1275 1620 illud
1290 1585 1407 1623 ‹mim-a

782 1630 857 1669 &siv
876 1634 983 1682 πλήρη
1002 1633 1079 1670 eluza
1109 1634 1205 1670 varia
1235 1634 1407 1675 sententia

780 1684 916 1721 distum
944 1686 1116 1729 occurrit,
1159 1685 1279 1723 saltem
1314 1687 1410 1728 inter

779 1735 1030 1787 philosophos:
1050 1737 1100 1774 ef.
1122 1736 1247 1774 Davis.
1260 1739 1305 1776 ad
1323 1741 1408 1781 Cic.

780 1787 826 1823 de
846 1786 924 1824 LL.
946 1787 998 1831 II,
1023 1802 1035 1825 1
1050 1802 1081 1826 1.
1121 1789 1272 1828 Gesner.
1293 1791 1406 1830 Com-

780 1847 892 1875 ment.
913 1840 994 1876 Soc.
1016 1839 1125 1877 Gott.
1146 1840 1218 1878 To.
1240 1841 1273 1884 J,
1287 1857 1323 1893 p.
1343 1846 1405 1888 87,

781 1900 819 1926 ut
832 1889 980 1928 difficile
994 1891 1034 1928 fit
1045 1890 1206 1936 definire,
1221 1907 1293 1943 quo
1306 1885 1407 1933 senlu

778 1954 798 1977 a
817 1943 921 1992 poeta
946 1942 1095 1992 pastoris
1117 1955 1179 1980 ore
1197 1944 1334 1984 dierum
1351 1947 1407 1987 fit.

781 1993 896 2031 Colere
927 2005 1037 2032 terras
1070 1994 1167 2030 idern
1196 1996 1332 2035 dicitur
1364 1999 1404 2038 h.

777 2058 917 2089 curare,
935 2045 1008 2090 seu,
1021 2059 1104 2083 cum
1120 2045 1257 2092 Servio,
1272 2062 1405 2097 amare,

777 2096 1002 2147 frequentare
1019 2107 1054 2134 et
1081 2097 1170 2148 saepe
1194 2098 1234 2135 in
1257 2100 1303 2138 iis
1325 2115 1404 2140 ver-

777 2148 860 2192 sari,
889 2159 928 2186 ut
943 2148 1027 2185 AEn.
1047 2148 1080 2191 Ι,
1106 2162 1162 2197 ις.
1218 2150 1300 2189 Nifi
1324 2154 1405 2204 phi-

774 2200 1001 2250 losophicum
1020 2200 1110 2237 illud
1128 2197 1166 2236 in
1192 2203 1313 2241 animo
1340 2205 1404 2243 ha·

774 2252 857 2289 buit
874 2256 1004 2302 poe'ta:
1033 2252 1190 2302 Jupiter,
1208 2254 1234 2292 s.
1255 2269 1350 2294 mens
1368 2267 1406 2296 et

775 2304 897 2341 anima
913 2303 1055 2348 mundi,
1070 2316 1192 2341 omnes
1217 2315 1325 2345 terras
1342 2322 1402 2360 pe-

774 2364 915 2399 netrat3
945 2369 1006 2406 per
1022 2368 1078 2391 eas
1097 2354 1245 2394 diffusus
1263 2360 1322 2397 est.
1351 2361 1403 2400 cf.

774 2408 858 2445 AEn.
879 2407 950 2450 VI,
971 2408 1058 2458 726.
1114 2407 1223 2447 Curae
1241 2423 1325 2449 vero
1349 2413 1409 2451 illi

772 2464 939 2502 carmina,
968 2468 1007 2495 ut
1036 2458 1195 2497 Theocr,
1216 2460 1309 2507 VII,
1337 2477 1402 2515 92,

773 2523 838 2560 93,
866 2520 901 2546 et
920 2510 972 2555 V,
991 2514 1038 2549 80
1054 2509 1148 2560 seqq.
1203 2512 1279 2565 Qi
1295 2514 1336 2552 fit
1351 2517 1399 2566 53

772 2562 980 2612 hyacinthus,
1008 2576 1044 2600 v.
1070 2562 1116 2598 ad
1143 2561 1225 2602 Ecl.
1257 2564 1309 2611 II,
1344 2570 1401 2607 18.

771 2614 887 2652 laums
904 2613 956 2652 ib.
983 2613 1028 2650 ad
1050 2627 1120 2664 543
1149 2624 1337 2667 utramque
1364 2619 1401 2656 in

773 2664 832 2722 dei
849 2666 1004 2716 gratiam
1022 2674 1057 2703 et
1086 2666 1260 2704 honorem
1285 2671 1403 2708 colere

775 2725 840 2753 alt.

825 2770 888 2816 64.
918 2770 979 2818 65.
1001 2767 1057 2805 Ex
1085 2767 1243 2808 Theocr.
1272 2770 1324 2812 V,
1355 2774 1401 2809 88

773 2818 823 2868 sq.
847 2819 907 2856 ubi
923 2824 1003 2856 λεῖος
1024 2823 1172 2859 ὑπαντῶν
1183 2834 1225 2858 εκ
1241 2822 1309 2859 hoc
1326 2823 1402 2874 ipso

775 2870 930 2924 Virgilii
974 2871 1058 2911 loco
1093 2873 1301 2912 defenditur
1317 2890 1326 2919 3
1368 2885 1403 2911 et

1333 2925 1369 2962 V
1373 2925 1406 2971 Ι,
