1821 3381
391 311 510 363 AD
588 313 1105 366 BUCOLICA.
1322 323 1409 385 189

92 455 207 489 commi
230 466 252 488 a
281 448 429 502 luporum
455 450 667 503 ambiguum
695 451 757 496 est,
790 460 911 488 utrum
938 452 1002 489 fit:
1030 452 1170 504 pistrix,
1198 467 1278 505 quae
1306 468 1408 494 com.

94 509 210 546 missas
241 509 349 547 habet
368 509 553 560 delphinum
581 513 703 548 caudas
733 521 822 547 utero
850 510 1013 559 luporum,
1038 525 1083 548 an
1109 511 1255 562 luporum
1285 517 1409 552 caudas

92 566 283 618 delphinum
315 580 415 606 utero.
485 567 664 606 Neutram
700 569 854 620 speciem
891 569 998 607 facile
1030 571 1143 621 fingat
1177 570 1243 608 fibi
1277 573 1409 623 aliquis

93 627 241 665 animo:
270 627 436 678 inprimis
467 627 492 664 fi
520 628 703 678 vulgarem
734 629 863 678 Scyllae
891 628 1046 667 formam
1071 630 1110 667 in
1135 630 1259 680 priscis
1277 645 1408 670 monu-

92 686 223 724 mentis
257 695 409 736 reputet‚
449 685 488 722 in
522 687 651 736 quibus
691 700 732 725 ea
768 687 806 724 in
840 687 1050 738 delphinum
1098 690 1228 727 caudas
1262 691 1409 737 desinit,

90 744 240 782 canibus
271 758 315 781 ex
340 755 441 781 utero
470 743 591 782 subtus
620 745 894 796 prodeuntibus.
945 746 1072 796 Itaque
1089 748 1229 785 tertiam
1246 750 1407 800 aliquam

30 834 33 838 .
89 803 266 840 rationem
284 803 452 854 ingressus
469 802 544 839 sum
563 804 602 841 in
621 805 732 842 Notis
759 805 804 842 ad
823 818 855 843 e.
875 805 917 849 1.,
945 815 984 842 ut
1003 806 1044 843 fit
1061 819 1069 843 ε
1099 811 1261 859 comm-iffa
1281 810 1407 846 caudas

87 862 289 913 delphinum,
330 863 463 900 habens
498 864 627 901 caudas
669 864 882 915 delphinum
915 866 1137 911 commiffas,
1177 869 1407 918 conjune‘ias,

89 934 173 958 cum
193 931 282 958 utero
302 922 462 971 luporum,
490 921 657 972 luporum
676 923 906 974 corporibus.
961 923 1074 961 Rec‘ie
1090 925 1166 962 haec
1195 925 1228 962 se
1255 925 1404 972 habent,

89 981 200 1019 modo
219 995 263 1019 ex
279 981 442 1033 pluribus
460 982 588 1032 Scyllae
606 982 733 1021 formis
759 996 838 1021 eam
856 993 989 1028 teneas,
1008 998 1088 1035 quae
1106 984 1262 1037 Virgilii
1281 987 1404 1027 animo

84 1040 274 1080 insederat.

137 1101 181 1138 In
217 1101 374 1151 antiquae
405 1100 544 1139 scilicet
576 1102 661 1139 artis
691 1103 859 1153 operibus
900 1117 975 1141 non
1018 1117 1090 1142 una
1124 1104 1254 1155 Scyllae
1287 1107 1403 1146 forma

85 1161 268 1206 occurrit3
297 1161 407 1198 modo
434 1174 475 1198 ea
508 1161 548 1198 in
583 1162 795 1212 delphinum
825 1162 927 1201 binas
960 1165 1092 1202 caudas
1128 1166 1279 1213 definit3
1308 1167 1403 1208 nihil

85 1220 243 1271 amplius
255 1235 266 1265 3
294 1220 406 1257 modo
440 1220 642 1258 intertextae
676 1232 737 1259 aut
775 1221 995 1261 intermixtae
1038 1224 1120 1262 sunt
1151 1239 1282 1264 canum
1319 1241 1403 1278 pro-

86 1288 222 1323 tomae3
264 1289 300 1316 et
343 1279 419 1317 haec
454 1279 603 1330 quidem
649 1282 696 1318 est
725 1281 891 1319 sollennis
926 1283 1057 1328 forma,
1101 1292 1141 1321 ut
1177 1284 1216 1322 in
1252 1286 1402 1326 denario

88 1339 172 1376 Sex.
194 1338 370 1390 Pompeii,
399 1354 431 1376 v.
451 1352 486 1378 c.
502 1338 612 1377 Thes.
631 1340 779 1379 Morell,
812 1334 973 1394 Pompei.
1004 1353 1031 1381 t.
1051 1343 1104 1388 II,
1137 1358 1168 1382 1.
1188 1345 1237 1382 cf.
1266 1346 1401 1398 Spanh.

84 1397 132 1435 de
151 1398 202 1435 U.
221 1408 257 1436 et
276 1398 314 1435 P.
336 1398 389 1436 N.
419 1399 470 1436 T.
490 1398 522 1443 I,
551 1412 635 1449 pag.
667 1403 768 1445 2623
797 1401 844 1437 est
874 1411 993 1439 tamen
1022 1403 1127 1440 tertia
1154 1403 1303 1455 species,
1330 1421 1402 1457 qua

84 1457 168 1494 alvo
195 1458 373 1507 adjunc'tae
407 1457 486 1494 sunt
520 1458 688 1508 utrinque
722 1459 803 1496 duae
838 1473 968 1498 canum
1002 1470 1177 1512 protomae
1217 1463 1257 1501 in
1290 1479 1400 1506 unam

83 1518 267 1568 delphinis
299 1517 453 1554 caudam
496 1521 678 1554 coeuntes.
751 1517 808 1554 Ita
851 1531 943 1557 utero
974 1520 1120 1570 luporum
1166 1527 1325 1575 commiffiz
1358 1530 1404 1578 ss

83 1579 192 1616 cauda
215 1576 415 1627 delphinum.
472 1576 580 1613 Hanc
606 1577 759 1628 speeiem
791 1579 898 1617 habet
927 1580 1105 1617 numisma
1130 1582 1401 1633 Agrigentino-

82 1650 163 1674 rum
199 1651 220 1674 a
257 1637 424 1687 Principe
455 1636 703 1674 Torremuzza
743 1640 838 1689 (Opu
854 1654 880 1677 c.
921 1641 958 1676 di
984 1640 1106 1678 Autori
1136 1641 1292 1680 Siciliam·
1323 1645 1398 1684 To.

83 1696 200 1742 XIV,
228 1697 301 1734 tab.
320 1697 411 1739 VH,
431 1695 508 1745 IV)
547 1696 702 1741 editum,
728 1698 821 1735 etin
846 1698 981 1736 Siciliae
1011 1709 1083 1737 vet.
1115 1699 1232 1739 Num.
1264 1703 1338 1742 tab.
1360 1704 1398 1741 V

82 1757 290 1808 repetitum,
317 1756 382 1793 ubi
408 1756 559 1793 alterum
584 1756 682 1793 canis
713 1758 863 1797 alterum
892 1758 1017 1807 hydrae
1045 1760 1108 1805 est,
1135 1771 1171 1797 et
1193 1762 1270 1811 jam
1301 1774 1398 1808 ante,

80 1831 209 1868 parurn
244 1817 391 1861 affabre,
430 1817 680 1853 adumbratum
716 1831 736 1854 a
784 1818 973 1856 Pancratio
1006 1820 1206 1866 (Antichita
1241 1823 1399 1862 Siciliane

82 1881 196 1918 Tom.
228 1879 261 1922 I,
288 1893 327 1930 p.
355 1879 420 1928 4),
450 1891 515 1915 nec
544 1878 698 1915 multum
729 1878 873 1916 abludit
899 1892 962 1916 ara
991 1880 1031 1917 in
1053 1879 1268 1921 Winckelm.
1297 1884 1397 1924 Mon.

77 1942 164 1978 ined.
184 1953 244 1976 no.
266 1952 326 1989 37.

133 2000 171 2036 A
208 1998 326 2049 po'etis
361 1998 436 2036 fere
468 2010 574 2035 canes
620 2006 878 2041 memorantur,
917 2011 1039 2047 eaeque
1070 2012 1162 2037 verae
1195 2014 1237 2039 ac
1271 2005 1396 2042 terres-

80 2068 162 2098 tres.
217 2056 391 2095 Dubitari
421 2065 541 2093 tamen
579 2055 642 2092 vix
674 2056 802 2106 potest,
845 2069 920 2101 eos,
966 2057 1028 2106 qui
1076 2058 1187 2109 primi
1234 2060 1395 2103 fabulam

79 2118 279 2158 commenti
313 2118 407 2161 sunt,
451 2130 534 2153 cum
570 2116 615 2152 de
648 2116 804 2154 monstro
839 2116 982 2154 marino
1018 2129 1215 2164 narrarent,
1259 2120 1397 2162 belluas

79 2192 225 2231 quoque
260 2178 414 2216 marinas
459 2177 493 2214 ei
536 2177 746 2226 adjunxisse.
815 2177 937 2215 Etiam
971 2177 1157 2217 Homerus
1185 2181 1211 2219 Ι.
1242 2182 1286 2226 l.,
1332 2184 1397 2223 ubi

81 2240 240 2290 Scyllam
268 2238 399 2275 exertis
433 2236 609 2287 capitibus
639 2237 793 2287 praedari
829 2237 880 2274 ait
906 2237 1003 2275 circa
1037 2238 1225 2290 scopulum
1256 2244 1397 2293 aquati-

79 2299 145 2345 lia,
173 2300 335 2347 Δελφῖνοίς
369 2315 405 2334 τε
440 2306 560 2333 narrat
596 2297 690 2333 >tr-'¹⁹25
726 2313 762 2334 τε
796 2297 855 2335 uxi
873 2296 979 2335 εἴποὲι
1009 2296 1115 2347 μεῖζον
1146 2303 1240 2352 ἕλῃσι
1272 2308 1398 2345 Κῆτος,

82 2359 275 2396 Probabile
305 2358 427 2407 itaque
458 2355 497 2392 fit
531 2356 576 2392 de
610 2356 726 2406 phoca
761 2369 844 2395 eum
877 2357 1069 2408 cogitasse:
1098 2373 1208 2409 quam
1239 2362 1396 2403 vitulum

80 2418 260 2456 marinum
284 2418 359 2468 jam
394 2426 528 2453 veteres
561 2416 800 2466 appellarunt,
827 2416 891 2467 qui
924 2415 1022 2454 idem
1050 2417 1248 2456 etiamnum
1284 2421 1397 2460 modo

79 2479 179 2516 canis
205 2479 317 2516 modo
346 2475 422 2527 lupi
450 2475 578 2514 marini
608 2476 754 2514 nomine
786 2476 909 2523 venit3
931 2477 1070 2528 phocam
1092 2478 1250 2528 prfillam
1281 2480 1395 2522 Linn.

78 2551 157 2577 eam
176 2537 300 2575 haberi
328 2536 451 2573 audio.
503 2535 650 2573 Iconem
681 2546 717 2573 et
740 2536 1016 2588 descriptionem
1041 2537 1147 2574 vituli
1176 2538 1307 2576 marini
1341 2541 1395 2578 vi-

79 2598 163 2637 deas
180 2610 239 2648 ap.
260 2595 519 2634 Rondelctium
538 2596 583 2633 de
605 2595 766 2634 Piscibus
784 2596 934 2634 marinis
953 2596 1018 2635 lib.
1039 2596 1153 2642 XVI,
1182 2611 1215 2636 c.
1237 2600 1272 2637 6.
1307 2599 1395 2638 Ma-

75 2658 192 2707 jorem
227 2657 356 2694 horum
391 2654 660 2706 amphibiorum
695 2655 783 2693 olim
832 2657 871 2694 in
904 2655 1165 2694 mediterraneo
1194 2657 1288 2694 mari
1324 2659 1395 2696 fre-

78 2716 262 2767 quentiam
281 2715 380 2753 fuiffe
397 2715 533 2753 constat
548 2731 558 2759 3
587 2716 630 2752 ad
662 2716 747 2753 fines
778 2716 930 2768 AEgypti
958 2716 1114 2754 desertos
1140 2727 1242 2754 notas
1268 2730 1393 2756 eorum

77 2773 175 2815 sedes
192 2775 360 2814 novimus
376 2788 420 2812 ex
439 2773 517 2811 Od.
537 2774 569 2818 δ,
590 2774 654 2811 ubi
671 2775 717 2812 de
736 2773 869 2812 Proteo
889 2774 1024 2826 agitur.
1079 2776 1242 2814 Narrant
1271 2778 1395 2821 nostris

77 2847 220 2889 quoque
263 2834 486 2887 temporibus
532 2846 662 2872 canum
704 2834 924 2873 marinorum
959 2834 1058 2873 circa
1103 2836 1395 2887 promontorium

1201 2895 1393 2944 Scyllaeum
