1821 3381
330 273 866 335 GEORGICON,
921 277 1072 326 LIB.
1122 276 1209 326 IV.

1341 293 1432 342 495

125 411 530 476 Praetere0,atque
549 412 650 460 aliis
675 413 778 476 post
792 430 870 461 me
890 413 1195 461 memoranda
1208 414 1437 478 relinquo.

191 506 338 553 Nunc
361 521 464 570 age,
497 517 683 553 naturas
705 507 871 570 apibus
887 524 1000 571 quas
1024 509 1246 572 Juppiter
1270 509 1367 573 ipse

124 593 346 651 Addidit,
367 594 634 658 expediam,
668 611 755 658 pro
772 613 864 660 qua
881 598 1114 656 mercede,
1136 614 1329 645 canoros
1351 612 1442 661 150

127 688 357 737 Curetum
380 690 556 738 sonitus
579 691 952 754 crepitantiaque
973 710 1067 742 aera
1087 691 1285 754 secutae,

125 779 317 826 Dic‘laeo
340 780 455 827 coeli
478 780 662 844 Regem
685 799 856 845 pavere
877 783 961 830 sub
984 796 1135 832 antro.

169 909 243 948 148.
259 912 319 955 pest
334 924 375 942 mc
385 913 556 942 memoranda
572 913 712 955 Nauger.
732 925 804 945 cum
817 914 940 956 Steph„
963 915 1050 957 quod
1063 916 1227 949 deseruere
1238 918 1291 950 alii
1305 930 1313 951 τ
1336 920 1445 963 itaque
1462 958 1465 963 ι

128 963 293 993 revocavit
311 963 419 994 Heius.
437 974 453 994 e
470 972 559 1005 parte
577 964 752 1003 librorum;
778 973 812 997 ut
831 967 928 998 Goth.
946 967 1005 998 sec.
1029 969 1111 1010 Reg.
1133 976 1165 999 et
1191 971 1366 1014 Cantabrig
1395 985 1451 1004 ex·-

125 1012 257 1052 hibent3
282 1021 315 1045 et
331 1014 512 1045 confirmari
530 1015 562 1046 id
588 1016 690 1057 potest
710 1027 727 1047 e
745 1017 871 1048 Colum.
890 1018 1024 1059 Xpraef.
1041 1029 1058 1058 3
1085 1027 1116 1051 et
1133 1022 1180 1059 X,
1198 1031 1232 1060 5,
1254 1034 1317 1065 quo
1343 1028 1447 1068 major

127 1075 202 1107 pars
217 1065 330 1097 alludit
347 1076 420 1096 cum
437 1066 588 1098 Mediceo
599 1075 631 1098 et
647 1078 711 1099 uno
727 1069 884 1102 Arundel.
905 1071 964 1113 post
979 1075 1162 1111 memoranda,
1189 1074 1245 1112 ita,
1277 1084 1312 1107 ut
1339 1078 1448 1111 similis

126 1115 247 1158 syllaba
265 1117 440 1156 exciderit3
464 1128 561 1159 quam
586 1119 770 1160 supplevere
796 1121 861 1159 alii,
882 1129 918 1152 ut
946 1122 978 1152 in
1004 1123 1158 1155 Pieria-nis
1180 1125 1302 1168 aliquot
1329 1137 1359 1161 et
1382 1142 1446 1163 uno

127 1168 320 1199 Meadiano:
338 1169 398 1211 pqst
412 1170 471 1199 haec
491 1172 673 1207 memoranda,
694 1177 761 1208 aut,
784 1179 819 1202 ut
846 1171 944 1213 vulgo
970 1172 1147 1216 legebatur,
1170 1183 1201 1206 et
1226 1185 1260 1208 ut
1287 1179 1319 1210 in
1346 1181 1448 1215 tribus

125 1219 331 1251 Martinianis
345 1219 484 1262 legitur:
503 1221 562 1264 pest
577 1225 816 1254 commemoranda.
862 1218 926 1255 a'liis
937 1227 1030 1266 primo
1041 1230 1212 1258 memoranda
1228 1230 1284 1262 Ed.
1303 1233 1385 1263 Ven-

125 1315 244 1365 gusto,
261 1313 357 1351 intra
374 1314 472 1365 quod
491 1317 635 1354 cursum
649 1317 752 1355 suum

125 1377 247 1403 tenere
278 1367 437 1417 cogitur.
504 1368 665 1419 Respicit
697 1370 752 1406 lo-

126 1431 211 1455 cum
231 1417 368 1455 Plinius
394 1431 538 1469 quoque
568 1420 635 1457 lib.
655 1420 754 1457 XIV

124 1482 183 1520 pr.
242 1471 325 1518 148.
343 1470 487 1508 Servius
500 1470 544 1507 ad
556 1471 594 1508 h.
611 1485 643 1508 v.
661 1473 754 1510 Gar-

121 1521 244 1572 gilium
257 1521 457 1559 Martialem
471 1522 662 1572 fignificari
673 1537 757 1572 pro-

127 1572 201 1617 dit;
235 1571 374 1623 scripfit
406 1573 488 1611 sane
518 1573 548 1610 is
565 1575 611 1611 de
628 1575 753 1613 horto-

126 1636 208 1661 rum
226 1636 325 1667 cura,
356 1624 417 1662 sed
433 1626 480 1662 est
498 1625 610 1663 serior
636 1636 752 1671 aetate,

127 1686 165 1713 et
194 1688 269 1713 non
303 1676 369 1713 nisi
403 1676 564 1714 Palladio
595 1677 754 1728 primum

126 1727 306 1765 laudatus.

185 1791 256 1828 149
283 1777 334 1829 sq.
380 1778 437 1817 De
470 1792 509 1816 re
541 1780 680 1832 privata
711 1794 754 1820 ac

127 1829 277 1880 publica
308 1844 415 1881 apum
459 1844 565 1881 agere
598 1833 755 1878 orditur,

125 1883 298 1920 πολιτείαν
328 1882 386 1920 καὶ
419 1884 487 1924 βίον
517 1883 614 1921 dixit
645 1884 755 1922 Arist.

128 1935 184 1972 H,
205 1934 254 1973 A.
273 1933 349 1979 IX,
384 1948 449 1982 40,
479 1944 514 1971 et
532 1935 618 1973 inde
637 1935 758 1985 Didy-

129 1999 208 2024 mus
228 1986 350 2036 Geop.
366 1985 460 2031 XV,
475 2000 512 2035 3,
532 2001 564 2025 1.
619 1985 754 2024 Fabula

129 2047 219 2074 nota
237 2038 352 2074 velex
377 2037 607 2075 Callimacho
635 2039 689 2075 H.
717 2039 755 2075 in

129 2087 214 2137 Jov.
229 2101 278 2137 49
294 2088 345 2139 sq.
401 2088 513 2126 Fuere
526 2099 646 2126 tamen
663 2090 755 2127 mul-

131 2150 184 2185 ta,
209 2140 339 2191 quibus
366 2139 525 2178 fabulam
545 2151 756 2180 ornaverant

131 2196 270 2243 po’etae:
299 2191 338 2228 in
351 2191 408 2228 his
422 2206 458 2230 v.
474 2205 506 2231 e.
521 2191 630 2238 illud,
655 2193 755 2244 quod

132 2242 361 2281 Ambrosiam
389 2243 475 2292 Jovi
500 2257 612 2294 puero
631 2257 758 2296 appot-

134 2294 259 2332 tabant
274 2294 452 2333 columbae
480 2294 575 2332 inter
598 2295 759 2334 Planetas

133 2346 363 2383 advolantes:
394 2346 520 2397 Odyff.
535 2366 579 2393 μ,
599 2347 642 2384 61
667 2347 757 2398 sqq..

128 2397 193 2434 ubi
208 2398 257 2435 cf.
270 2396 431 2434 Eustath.
485 2398 632 2436 Servata
644 2399 690 2436 ad
704 2399 758 2437 in-

127 2447 259 2486 feriora
304 2449 414 2498 usque
461 2458 623 2500 tempora
662 2450 757 2488 antri

130 2499 265 2537 Dic‘taei
295 2500 426 2550 religio
472 2510 508 2538 et
533 2514 641 2552 apum
659 2503 757 2540 ineo

128 2552 296 2589 examina
325 2561 498 2602 certoque
532 2562 691 2603 ternpore
719 2567 755 2590 e-

128 2603 325 2652 rumpentis
343 2602 440 2652 ignis
455 2603 558 2654 prodi
589 2603 681 2642 ium.
719 2619 754 2643 V.

128 2653 313 2692 Antonin.
334 2653 420 2693 Lib.
445 2667 502 2704 19.
595 2655 756 2693 bscurio-

130 2719 168 2742 ra
203 2715 323 2742 tamen
358 2705 439 2743 sunt
469 2705 550 2749 illa,
597 2707 644 2743 ad
676 2721 756 2757 quae

129 2756 240 2794 Maro
258 2757 293 2794 h.
324 2756 352 2795 l.
370 2757 549 2807 respexit3
584 2757 756 2809 interpre-

128 2807 221 2844 tatio
247 2821 320 2845 non
346 2808 429 2845 satis
457 2817 547 2846 tuta.
599 2820 755 2853 naturas,

129 2858 295 2911 ingenia,
325 2872 454 2905 moreS,
484 2875 565 2911 quas
595 2861 759 2913 Jupptler

816 1320 961 1364 addidit,
991 1320 1142 1368 indidit,
1176 1325 1292 1372 dedit,
1321 1338 1360 1365 ut
1385 1329 1447 1367 sae-

818 1384 878 1422 pe,
899 1383 960 1423 pro
977 1389 1042 1424 qua
1059 1378 1213 1421 mercede,
1243 1378 1282 1415 in
1312 1393 1447 1418 merce-

819 1424 917 1466 dem,
963 1427 1140 1464 mercedis
1170 1428 1270 1473 loco,
1309 1444 1374 1481 pro
1403 1446 1448 1470 eo

817 1476 917 1524 quod
945 1486 1122 1526 paverant
1164 1492 1247 1517 eum
1280 1495 1446 1531 puerum,

818 1526 952 1564 alleQae
986 1529 1142 1578 cymbalis
1178 1532 1353 1577 Curetum,
1378 1536 1447 1584 sttb

819 1589 916 1616 antro
946 1580 1076 1617 montis
1108 1582 1224 1620 Dz‘c‘les
1256 1584 1294 1621 iu
1322 1587 1446 1626 Creta.

818 1628 875 1665 Ita
902 1629 1050 1679 quidem
1069 1633 1161 1670 mihi
1180 1634 1368 1674 videbatur
1394 1641 1448 1676 lo-

820 1692 884 1717 cus
915 1682 982 1720 effe
1010 1685 1254 1733 expediendus
1265 1703 1276 1732 3
1331 1701 1447 1740 neque

819 1732 927 1771 aliter
967 1733 1070 1771 senfit
1112 1735 1231 1784 Julius
1268 1739 1444 1788 Sabinus;

819 1782 913 1821 forte
927 1797 971 1821 ex
989 1785 1119 1824 Probo.
1173 1788 1378 1829 Molestiam
1395 1803 1447 1830 ta-

820 1847 902 1871 men
920 1836 1010 1874 facit
1027 1837 1119 1875 illud
1135 1852 1144 1875 τ
1168 1851 1231 1890 pro
1247 1858 1314 1892 qua
1332 1860 1448 1882 merce-

818 1888 872 1930 de,
901 1888 999 1937 quod
1014 1902 1085 1925 non
1108 1904 1179 1928 uno
1195 1893 1305 1931 modo
1327 1896 1445 1946 accipi

820 1941 946 1988 potest,
975 1941 1095 1989 prouti
1119 1943 1326 1983 sententiam
1358 1948 1445 1985 defi-

818 1988 895 2026 nias
909 2000 944 2027 et
961 1992 1168 2031 strusturam
1186 1996 1374 2034 verborum
1390 1999 1447 2036 in·-

818 2040 950 2079 stituas.
1006 2044 1146 2082 Servius
1169 2047 1310 2084 reddit:
1357 2051 1446 2088 “id

819 2092 866 2129 est
880 2093 999 2143 gratia
1012 2096 1066 2132 vel
1083 2096 1228 2134 labore''
1255 2101 1351 2149 quod
1373 2115 1446 2140 non

818 2145 938 2193 capio.
983 2146 1292 2199 Dubitaripotest:
1325 2166 1447 2191 utrum

821 2197 1059 2245 praecefferit3
1107 2200 1250 2250 priusne
1285 2213 1447 2255 tempore

820 2247 930 2285 fuerit
943 2249 1051 2292 illud,
1084 2252 1182 2300 quod
1212 2252 1358 2304 Jupiter
1385 2271 1448 2294 na-

821 2306 915 2335 turas
944 2300 1070 2350 apibus
1098 2302 1258 2342 indidit:
1288 2316 1350 2356 pro
1380 2325 1447 2359 qua

821 2352 960 2388 mercede
1007 2352 1080 2389 illae
1121 2353 1251 2401 Jovem
1296 2371 1448 2407 puerum

822 2402 927 2439 melle
957 2415 1160 2453 paverunt3
1203 2408 1316 2445 sensus
1351 2412 1446 2448 erit:

819 2465 886 2501 pro
903 2467 974 2504 quo
993 2456 1136 2501 merito,
1156 2459 1328 2497 beneficio
1352 2462 1448 2506 Iovis

819 2503 858 2540 in
878 2503 925 2541 se.
979 2505 1108 2557 Sicque
1125 2510 1235 2560 vulgo
1263 2504 1361 2549 locus
1388 2527 1449 2551 ac-

820 2555 977 2605 cipitur:
1021 2571 1085 2595 nec
1113 2560 1216 2597 aliter
1243 2561 1449 2602 Columella

820 2608 990 2657 accepisse
1005 2610 1118 2646 videri
1131 2614 1240 2659 potest
1256 2614 1337 2651 loco
1347 2618 1450 2666 paul-

820 2658 857 2695 lo
887 2660 962 2709 post
994 2661 1188 2700 laudando.
1251 2666 1368 2716 Atqui
1398 2670 1450 2706 ita

822 2709 948 2747 mirari
985 2711 1086 2756 licet,
1128 2717 1312 2762 quomodo
1348 2720 1451 2757 mirae

821 2760 892 2798 illae
907 2771 1040 2800 naturae
1070 2764 1196 2813 apibus
1224 2768 1298 2816 jam
1326 2768 1452 2807 inditae

821 2813 886 2849 effe
903 2814 1085 2862 potuerint
1101 2828 1121 2850 a
1137 2815 1240 2863 Jove,
1255 2830 1449 2871 antequam

819 2863 882 2902 ille
911 2877 1001 2915 puer
1032 2876 1134 2904 natus
1167 2870 1272 2907 melle
1301 2871 1347 2908 ab
1366 2872 1450 2921 ipsi.

1293 2923 1454 2974 pascere.
