1987 3361
507 349 583 383 cn
836 334 954 382 DE
1020 331 1453 382 VIRGILII

557 468 657 506 Inter
672 468 747 505 haec
767 469 897 506 Pierius
912 466 1196 517 praestantisfimis
1210 465 1398 504 codicibus
1416 464 1591 503 adhibitis
1611 465 1670 514 (de
1688 463 1818 515 quibus

505 540 542 566 v.
575 528 650 580 sup.
677 543 713 578 p.
750 530 815 580 49)
835 526 1023 577 castigavit
1041 526 1260 577 Virgilium,
1289 535 1324 562 et
1342 524 1491 575 quidem
1508 523 1820 575 Castigationibus

504 587 660 626 seorsum
678 587 785 625 editis
807 601 896 639 ¹52¹
918 600 926 624 :
956 595 1109 636 acceptae
1127 599 1167 622 ac
1187 583 1345 636 repolitae
1361 583 1443 621 sunt
1460 583 1499 621 in
1516 583 1606 622 edit.
1637 595 1732 635 1529
1752 581 1820 621 Pa-

506 648 568 685 ris.
603 658 637 685 et
661 662 702 699 15
709 662 755 696 32
775 647 873 685 Rob.
906 645 1092 695 Stephani.
1146 645 1241 681 Usus
1259 643 1307 680 est
1327 642 1466 680 Pierius
1484 643 1623 681 Aldina
1650 642 1766 694 prima
1783 650 1820 679 et

507 708 682 754 sccunda3
708 708 771 745 etsi
791 707 931 745 tertiam
949 706 1055 743 semel
1075 712 1250 742 memorat
1265 703 1312 740 ad.
1325 703 1410 741 AEn.
1430 702 1504 746 III,
1533 715 1596 752 43.
1800 750 1803 751 ⁷

560 768 762 818 Adoptavit
779 778 814 805 et
827 766 985 805 breviter
1008 765 1180 815 excerpfit
1196 763 1307 801 Pierii
1325 762 1575 814 castigationes
1591 761 1657 799 sub
1675 759 1822 798 nomine

504 828 675 866 lemanum
700 830 880 865 varietatis
907 825 1090 876 appositae,
1117 823 1221 862 Alex.
1247 824 1280 859 V
1277 821 1425 860 elutellus
1450 821 1487 858 in
1515 821 1610 860 Ven.
1643 835 1686 873 15
1694 834 1756 870 34,
1785 822 1821 859 8.
1840 859 1847 862 ,

506 887 599 924 Item
631 887 784 924 Hieron.
817 888 926 924 Scotus
954 885 1051 921 Vcn.
1090 894 1201 934 1544,
1229 894 1335 932 quam
1355 879 1492 932 excipit
1509 880 1581 918 alia
1607 881 1748 919 Veneta
1764 891 1823 929 ap.

506 948 567 998 Jo.
589 947 685 986 Mar.
706 946 875 985 Bonellum
893 947 1006 996 1558,
1033 943 1061 980 f.
1077 941 1284 979 nitidiffima
1295 940 1425 985 editio,
1452 949 1503 984 et,
1522 941 1622 991 quod
1634 939 1704 977 viri
1722 937 1824 976 doc'ti

507 1008 614 1046 fidem
640 1008 800 1050 faciunt,
828 1020 911 1045 cum
943 1004 1007 1056 ipsi
1025 1004 1132 1041 titulo
1150 1002 1236 1039 libri
1255 1001 1349 1039 forte
1367 1001 1474 1037 fidem
1490 999 1676 1045 haberent,
1703 1011 1824 1037 emen-

507 1068 694 1107 datissima.
749 1067 820 1104 Sed
836 1063 1098 1117 typographica
1116 1071 1265 1113 peccata
1281 1060 1344 1111 ipfi
1363 1058 1698 1104 animadvertimus,
1714 1069 1752 1096 et
1768 1058 1824 1096 in-

507 1129 616 1165 dot‘io
633 1128 775 1166 homini
800 1123 1062 1165 concinnandae
1079 1121 1252 1160 editionis
1269 1133 1391 1158 curam
1411 1119 1617 1157 mandatam
1635 1119 1753 1163 fuiffe,
1780 1131 1826 1156 ex

505 1200 550 1224 eo
581 1187 747 1238 suspicati
766 1186 899 1231 sumuS,
925 1183 1094 1236 quoniam
1111 1180 1261 1220 varietas
1279 1178 1444 1218 leffionis
1461 1178 1502 1216 in
1520 1178 1691 1231 margine
1701 1177 1827 1219 omiffa

506 1247 567 1285 est.

561 1306 670 1343 Unde
688 1305 818 1343 facium
845 1304 903 1348 fit,
930 1312 970 1341 ut
987 1301 1103 1340 editio
1133 1301 1258 1338 Veneta
1281 1301 1396 1350 1583,
1426 1299 1461 1338 8.
1491 1314 1508 1336 e
1534 1298 1619 1336 MS.
1650 1298 1828 1349 Carperfi,

508 1365 547 1402 h.
582 1365 753 1402 Mediceo
779 1364 935 1407 Codice,
953 1361 1108 1412 expressa
1125 1373 1145 1397 a
1164 1357 1415 1410 posterioribus
1430 1357 1631 1396 editoribus
1645 1358 1750 1408 plane
1764 1370 1828 1394 ne-

509 1423 720 1475 gligeretur,
749 1423 900 1461 difficile
917 1423 965 1460 est
984 1422 1118 1459 dicere.
1171 1419 1227 1456 Ita
1254 1430 1320 1454 nec
1354 1415 1642 1460 Commelinicmae,
1668 1415 1831 1457 similiter

510 1498 530 1520 e
547 1484 644 1522 Cod.
665 1485 826 1522 Palatino
843 1482 1007 1535 expreffce
1028 1483 1061 1517 8.
1088 1480 1200 1528 1603,
1219 1478 1292 1515 ulla
1311 1477 1355 1514 ab
1372 1475 1575 1515 editoribus
1593 1476 1687 1514 ratio
1703 1477 1750 1514 est
1765 1477 1828 1514 ha-

509 1542 600 1580 bita.
656 1544 743 1588 Sed,
769 1542 867 1594 quod
897 1541 985 1591 saepe
1001 1548 1037 1577 et
1055 1540 1142 1577 alias
1158 1534 1345 1581 vidimus‚'
1361 1535 1444 1574 casu
1461 1535 1537 1573 haec
1554 1535 1676 1587 potius
1692 1545 1728 1573 et
1754 1536 1829 1574 for-

510 1615 611 1646 tuna,
638 1619 746 1655 quani
764 1602 930 1646 consilio,
957 1608 1146 1651 geruntur.

563 1665 643 1713 Jam
660 1678 693 1702 a.
719 1679 730 1701 1
742 1679 815 1717 500
833 1661 1016 1713 Virgilius
1030 1653 1110 1697 Nic.
1126 1657 1313 1710 Etjythraei‚
1340 1656 1379 1693 h.
1399 1668 1432 1694 e.
1462 1654 1522 1703 Jo.
1539 1653 1701 1692 vietorii
1718 1653 1831 1698 Roflii

514 1726 564 1771 (v.
587 1723 827 1760 Anti—Eaillet
845 1722 896 1759 T.
916 1720 950 1764 Ι,
977 1731 1012 1756 e.
1035 1720 1090 1766 8),
1118 1729 1227 1768 opera
1245 1714 1424 1752 restitutus
1439 1727 1521 1751 curn
1540 1714 1616 1763 ejus
1634 1713 1780 1752 scholiis
1794 1723 1831 1751 et

509 1782 635 1820 indice
655 1783 834 1833 prodierat
851 1779 947 1831 apud
967 1778 1094 1815 Franc.
1117 1776 1402 1825 Rampazetum3
1430 1772 1517 1810 hinc
1537 1772 1668 1810 iterum
1687 1785 1751 1823 per
1768 1772 1832 1809 Sa.-

515 1840 616 1878 bium
635 1840 775 1879 recusus
798 1843 832 1877 8.
864 1852 958 1890 1539
976 1846 1012 1874 et
1036 1849 1147 1888 1555,
1174 1833 1269 1872 unde
1287 1831 1509 1882 transcriptae
1525 1831 1708 1869 editiones*
1723 1830 1833 1869 Fran-v

514 1902 587 1939 cof.
614 1903 722 1953 1583.
778 1901 924 1937 Hanoxr.
949 1899 1057 1945 1603.
1084 1897 1178 1933 1608
1197 1903 1233 1931 et
1251 1892 1421 1943 castigata
1437 1904 1501 1941 per
1513 1891 1573 1940 Jo.
1606 1891 1832 1943 Obsopoeum

514 1970 552 1999 et
570 1960 629 1999 Fr.
650 1959 884 2009 Sylburgium
908 1960 1021 2004 1613,
1052 1958 1086 1992 8.
1102 1953 1267 1991 Iudicem
1286 1950 1466 2002 Erythraei
1487 1951 1576 1988 Ant.
1596 1950 1695 1989 Mar.
1715 1951 1834 1988 Bassus

515 2021 646 2072 aliquis
666 2021 710 2057 ad
726 2021 887 2057 versuum
906 2028 942 2055 et
960 2018 1137 2054 librorum
1152 2027 1318 2052 numeros
1336 2013 1550 2051 instruxerat
1567 2011 1699 2051 Venet.
1722 2013 1834 2065 1586.

518 2081 589 2119 Sed
610 2091 682 2118 tota
702 2081 775 2117 fere
794 2080 1025 2129 Erythraeana
1045 2088 1153 2126 opera
1168 2087 1233 2111 nec
1248 2072 1437 2111 confilium
1456 2084 1520 2108 nec
1535 2071 1693 2110 frustum
1712 2071 1835 2115 habet,

517 2142 658 2179 Interea
676 2141 773 2177 nulla
789 2141 836 2176 est
856 2138 1012 2190 Virgilii
1028 2135 1161 2180 editio,
1187 2147 1267 2185 quae
1285 2132 1506 2185 frequentius
1525 2132 1675 2183 repetita
1691 2144 1712 2169 a
1726 2132 1837 2171 libra-

519 2201 581 2239 riis
595 2200 716 2241 fuerit.

575 2261 738 2298 Similem
769 2259 949 2296 fortunam
976 2255 1139 2293 invidere
1166 2254 1255 2291 licet
1272 2250 1498 2289 editionibus
1529 2263 1613 2287 cum
1635 2251 1785 2300 Joannis
1812 2268 1836 2290 a

521 2320 644 2370 M'gyen
662 2318 806 2356 scholiis
823 2317 919 2353 Vcn.
941 2315 1036 2365 apud
1056 2314 1220 2351 Aldum:
1242 2313 1352 2363 1576.
1384 2311 1493 2361 1580.
1518 2313 1610 2362 1587
1636 2318 1709 2348 etc.
1764 2309 1839 2348 Ni-

523 2378 575 2415 hil
591 2378 687 2415 enim
705 2377 774 2414 illis
793 2379 840 2414 est
863 2375 1033 2425 jejunius.
1087 2373 1259 2424 Repetita
1285 2381 1403 2407 tamen
1429 2368 1493 2406 illa
1522 2381 1542 2405 a
1562 2367 1838 2409 Franeofurten.-

523 2437 615 2474 sibus
637 2451 744 2488 1599·
771 2436 879 2474 1516,
903 2437 1013 2483 1629,
1040 2442 1116 2469 tum
1134 2428 1356 2468 in'Parifinis
1373 2437 1407 2465 et
1426 2428 1464 2465 in
1484 2426 1632 2465 Venetis
1649 2429 1734 2467 edd.

579 2495 690 2532 Unde
712 2495 793 2532 [tob.
819 2493 1002 2545 Stephanus
1028 2492 1228 2529 editionem
1259 2489 1357 2527 suam
1390 2502 1401 2525 1
1414 2501 1485 2540 532
1512 2486 1673 2534 duxerit,
1700 2487 1842 2527 curiose

523 2555 608 2592 satis
636 2554 896 2605 inquisivimus.
951 2552 1043 2589 Satis
1072 2565 1165 2590 nunc
1194 2549 1300 2587 nobis
1314 2548 1463 2590 constat,
1491 2547 1665 2585 Aldinam
1684 2547 1840 2598 priorem

527 2614 585 2652 seu
617 2615 803 2663 Juntinam
831 2614 875 2650 ab
903 2626 946 2649 eo
976 2612 1077 2649 fuiffe
1095 2611 1301 2662 expressam.
1358 2608 1541 2645 Robertus
1559 2607 1634 2658 ipse
1650 2620 1695 2644 ex
1713 2607 1841 2647 Servio

525 2674 642 2716 laudis
656 2674 830 2710 summam
845 2682 1039 2722 aucupatus
1052 2672 1115 2708 esse
1131 2670 1293 2714 videtum
1313 2681 1395 2706 eum
1410 2667 1522 2712 enim,
1535 2667 1762 2717 antiquorum
1779 2680 1843 2705 ext-

526 2733 740 2784 emplarium
757 2747 839 2783 ope,
866 2733 961 2769 inter
975 2745 1053 2781 quae
1066 2744 1178 2768 unum
1198 2729 1257 2767 Fr.
1288 2728 1402 2778 Sylvii
1422 2736 1611 2771 memorat,
1638 2726 1843 2776 integritati

531 2794 711 2832 renituiffe
739 2794 937 2843 gloriatum
965 2792 1010 2829 de
1038 2790 1115 2842 ipso
1138 2789 1302 2840 Virgilio
1328 2789 1416 2826 filet.
1469 2786 1671 2825 Succeffere
1687 2785 1844 2823 editioni

533 2853 630 2890 Rob.
650 2854 822 2904 Stephani
850 2853 979 2902 majori
1006 2851 1151 2901 reliquae
1173 2856 1322 2892 minores,
1348 2847 1386 2884 in
1409 2844 1706 2898 quibus'Aldinae
1730 2844 1844 2881 tertiae

530 2913 777 2964 praefationern
810 2911 996 2963 praemifit3
1032 2920 1189 2949 attamen
1222 2913 1341 2960 poetae
1374 2906 1482 2945 lectio
1517 2905 1562 2942 ad
1595 2903 1696 2950 alias,
1731 2903 1843 2945 etiam

1725 2963 1844 3008 Aldd.
