1987 3361
405 244 1062 317 E'DITIONIBUs.
1213 282 1386 317 mm

136 411 259 450 Etiam
285 407 498 459 Muffiponti
523 405 650 444 eodem
666 404 725 443 vel
754 403 934 455 superiore
958 416 1067 448 anno,
1093 410 1128 440 et
1142 401 1228 440 Buc.
1261 414 1303 439 ac
1319 402 1393 439 Ge.

89 472 158 519 163
165 484 201 522 5,
230 473 265 509 8.
320 469 419 506 Tum
462 464 607 504 Tolosae
651 467 764 515 1644,
790 463 921 500 iterum
955 462 1179 514 Rothomagi
1219 462 1311 514 1637
1357 470 1393 498 et

89 532 133 568 16
163 533 198 568 8.

136 545 180 628 ἶ.
203 590 244 627 V.
264 589 320 626 Μ
353 588 466 638 Opera
482 588 563 622 notis
580 582 871 635 admmginalibus
901 580 1021 632 illzfir.
1041 595 1065 617 a
1083 579 1158 618 Th.
1197 579 1391 620 FarnabiO.

91 647 266 686 Londini.
295 646 398 684 Felix
413 643 591 694 Kingston
1222 643 1258 678 8.
1285 645 1393 691 1634.

137 708 271 759 Saepius
288 705 450 758 repetita,
476 703 641 754 Singulas
659 711 798 744 notare,
824 713 941 752 operae
955 698 1110 751 pretium
1129 712 1201 737 non
1213 701 1274 738 est.

138 768 244 808 RV.
263 766 320 804 M.
339 766 468 816 Opera,
479 765 591 814 studi2
608 761 733 799 Theod.
754 761 939 799 Pulmanm‘
952 764 1110 798 correffla.
1145 759 1391 798 Amsterdarni

1199 831 1258 856 12.
1282 819 1393 870 1634.

141 884 310 936 Repetita
327 895 372 921 ex
395 884 462 922 162
469 895 504 933 5.

140 942 303 996 Virgilius
339 942 436 978 Dan.
469 940 604 990 Heinsio
638 943 812 989 recensente
842 951 928 975 nunc
959 937 1168 976 emendatior.
1238 937 1300 974 Ad
1323 938 1400 974 cah.

85 1015 164 1039 cem
200 1000 545 1042 animadverfionum
591 997 733 1035 libellus
768 1010 788 1034 e
821 996 960 1035 dofior.
993 995 1103 1033 viror.
1139 995 1399 1034 observationi-

88 1061 154 1098 bus
191 1060 279 1110 (jam
311 1059 350 1096 in
381 1057 467 1095 edd.
509 1055 653 1093 Fabric.
683 1055 850 1104 obvius),
879 1054 924 1092 L.
960 1055 1003 1092 Β.
1035 1066 1080 1090 ex
1110 1054 1205 1092 offic.
1238 1053 1397 1096 Elzevir.

1072 1125 1130 1151 12.
1149 1122 1186 1150 et
1207 1114 1264 1151 16.
1287 1115 1399 1163 1636.

138 1177 235 1215 Cum
252 1176 359 1226 hujus
379 1173 552 1213 editionis
568 1173 696 1212 faciem
718 1171 834 1223 plures
856 1171 936 1209 aliae
953 1172 1171 1209 mentiantur
1188 1173 1398 1221 subdititiae,

87 1237 134 1275 ad
152 1249 260 1288 pagg.
286 1249 298 1273 1
325 1244 362 1272 et
392 1248 436 1285 91
468 1232 732 1284 respiciendum
759 1231 840 1274 effe,
868 1230 931 1268 ubi
961 1243 1082 1281 paucae
1104 1231 1231 1269 litterae
1254 1233 1400 1273 charac-

89 1295 223 1333 teribus
242 1293 400 1332 miniatis
417 1292 581 1344 expreffae
597 1291 663 1329 esse
679 1290 826 1334 debent,
853 1302 926 1333 non
945 1289 1046 1334 atri5‚
1062 1290 1108 1328 de
1123 1291 1214 1328 Bure
1231 1292 1396 1345 Bibliogr.

87 1358 236 1404 instruc‘J.
267 1367 303 1391 n.
331 1354 432 1401 2684
449 1351 578 1388 docet:
608 1350 705 1387 Tam
724 1362 840 1400 parvae
859 1361 911 1385 res
934 1348 1031 1393 sunt,
1059 1348 1099 1386 in
1128 1349 1257 1399 quibus
1285 1351 1322 1388 hi
1342 1353 1401 1389 bi-

89 1411 298 1465 bliographi
316 1410 544 1448 deliciantur.
599 1408 793 1446 Referatur
819 1406 900 1444 sane
930 1406 1009 1451 illa,
1037 1406 1061 1443 fi
1079 1406 1130 1444 ita
1147 1408 1279 1457 placet,
1306 1409 1400 1447 inter

87 1471 239 1510 rariores
274 1468 542 1513 Elzevirianas3
581 1466 763 1505 interioris
799 1476 916 1503 tamen
966 1464 1100 1502 indolis
1144 1464 1238 1503 bona
1290 1468 1399 1506 habet

89 1531 204 1569 nulla.

143 1591 191 1627 P.
211 1590 252 1625 V.
272 1587 328 1624 M.
348 1603 418 1625 cum
435 1587 560 1624 Comm.
580 1585 696 1622 Servii
713 1584 758 1622 P.
772 1581 938 1620 Danielis.
965 1581 1107 1621 Genev.
1228 1596 1267 1633 4.
1287 1585 1398 1635 1636.

145 1647 260 1696 (Vide
283 1651 391 1684 1600.
414 1645 666 1690 1610.1620.)

146 1708 190 1745 P.
213 1708 257 1744 V.
278 1706 334 1742 Μ.
353 1707 481 1756 Opera.
536 1702 710 1740 Parifiise
729 1710 873 1752 typogr.
895 1699 1011 1751 Regia
1240 1701 1268 1740 f.
1288 1703 1400 1753 154¹-

145 1764 381 1818 Splendidum
410 1764 615 1801 Volumen:
644 1774 755 1799 unum
789 1773 836 1797 ex
865 1759 922 1796 IV
957 1758 1075 1809 poetis
1107 1758 1249 1796 Latinis
1268 1762 1403 1799 excufis

94 1826 192 1877 prelo
211 1823 420 1874 Luparenfi.
480 1819 646 1872 (Reliqui
671 1820 751 1857 sunt
771 1817 981 1862 Terentius,
1002 1817 1194 1861 Horatius,
1217 1820 1402 1869 Juvenalis

93 1895 129 1922 et
154 1883 320 1932 Perfius.)

147 1944 312 1995 Virgilius
329 1959 345 1979 e
365 1945 479 1992 recensi
496 1942 594 1978 Dan.
615 1940 754 1989 Heinfii.
778 1937 966 1988 (repetitus
981 1935 1140 1974 Elzevir.
1159 1939 1205 1976 16
1209 1937 1271 1987 36)
1292 1939 1401 1989 1641.

146 2003 191 2039 P.
216 2002 255 2039 V.
276 2001 332 2039 M.
353 2001 468 2050 Opera
490 2015 561 2036 cum
586 1999 766 2035 Comment.
792 1998 914 2034 Cerdae
935 1994 1070 2044 (recusa
1100 2008 1145 2032 ex
1163 1993 1251 2033 edit.
1275 1996 1403 2045 1628).

96 2060 231 2098 Colon.
248 2059 405 2109 Agripp.
424 2058 482 2094 III
502 2057 606 2095 Voll.
1065 2053 1093 2092 f.
1119 2057 1213 2102 1642
1232 2064 1268 2091 et
1293 2057 1402 2106 1647.

148 2120 191 2156 P.
212 2120 253 2156 V.
271 2120 390 2169 Copa,
404 2134 475 2155 cum
493 2116 746 2154 commentariolo
765 2115 824 2165 Jo.
843 2112 996 2150 Weitzii
1014 2124 1045 2150 et
1058 2114 1082 2149 S
1078 2112 1230 2163 pisilegio
1242 2119 1276 2149 in
1294 2113 1406 2152 More-

94 2189 163 2216 tum
181 2178 328 2228 Septimii
342 2178 465 2212 Sereni.
498 2173 666 2212 Francof.
1212 2183 1270 2208 12.
1294 2171 1403 2219 1642.

148 2236 194 2273 P.
226 2234 384 2285 Virgilius
407 2248 477 2272 cnm
511 2243 663 2270 veterum
699 2235 838 2269 omnium
868 2231 1120 2268 Commentariis
1152 2238 1184 2266 et
1204 2228 1335 2278 selec‘Jis
1357 2246 1404 2267 re-

95 2304 179 2331 cent.
202 2299 292 2330 notis.
346 2292 451 2327 Nova
472 2291 584 2326 Editio
618 2293 774 2339 inscripta
799 2289 937 2339 Georgia
972 2289 1009 2324 V
1004 2287 1162 2325 alkenier.
1214 2286 1272 2322 Ex
1307 2288 1405 2326 offic,

101 2351 195 2389 Abr.
211 2348 445 2387 Commelini.
466 2348 581 2386 Amst.
1239 2360 1274 2395 4.
1299 2348 1408 2396 1646.

150 2408 289 2446 Servius
321 2420 366 2444 ex
410 2405 604 2456 exemplari
647 2403 817 2442 editionis
851 2403 892 2443 P.
927 2403 1092 2442 Danielis
1122 2406 1253 2451 (1600)
1285 2418 1305 2441 a
1346 2408 1406 2444 Cl.

97 2467 257 2517 Salmczsto
283 2465 404 2503 multis
430 2465 519 2503 locis
535 2464 724 2503 emendato
741 2464 928 2514 expressus.
984 2463 1081 2500 Usus
1104 2462 1213 2500 etiam
1238 2464 1285 2501 est
1313 2465 1410 2503 Com-

98 2525 237 2564 melinus
263 2523 445 2574 exemplari
469 2525 545 2562 Nic.
574 2525 715 2574 Heiifii,
744 2522 807 2573 qui
827 2522 944 2560 varias
959 2536 978 2559 e
998 2522 1082 2559 Mff.
1113 2521 1281 2560 lestiones
1298 2537 1408 2561 anno-

98 2574 206 2619 iarat.
260 2581 378 2618 Notas
412 2581 523 2618 viror.
558 2580 697 2618 do&or.
735 2580 907 2630 excerpsit
944 2581 1048 2619 Corn·
1070 2580 1291 2619 Schrevclius.
1310 2582 1408 2620 conf.

99 2640 238 2691 praefat.
294 2639 370 2676 Post
390 2637 552 2676 meliores
570 2636 711 2676 Heinfii
735 2638 910 2676 editiones
928 2638 1034 2687 hujus
1051 2638 1197 2688 quidem
1217 2653 1290 2678 non
1310 2655 1410 2692 mag-

100 2711 164 2736 nus
183 2699 261 2735 usus
277 2699 337 2736 cst.
394 2740 395 2743 Ἴ

154 2759 197 2796 Ρ.
222 2758 263 2796 V.
281 2758 338 2795 M.
361 2757 474 2807 Opera
492 2771 575 2794 nunc
593 2757 827 2796 emendatiora.
859 2756 973 2794 Amst.
993 2770 1055 2807 per
1085 2756 1179 2794 Lud.
1203 2757 1410 2797 Elzevirum

1217 2817 1273 2854 16.
1300 2817 1410 2866 1649.

1258 2894 1289 2928 V
1285 2898 1298 2931 i
1301 2894 1369 2947 ›ggil
1368 2901 1417 2934 ius
