1821 3381
322 312 856 369 GEORGICON,
912 311 1062 359 LIB.
1121 313 1161 362 Ι.

83 451 255 516 Virgea
276 463 506 515 praeterea
531 450 661 497 Celei
685 447 883 511 vilisque
903 448 1128 512 supellex,

1301 331 1395 380 237

1304 453 1390 516 165

85 546 313 593 Arbuteae
337 556 483 591 crates
507 555 552 589 et
574 542 771 604 mystica
794 559 972 589 vannus
996 539 1174 590 Iacchi.

84 636 264 683 Omnia
285 650 394 697 quae
416 633 570 679 multo
587 644 695 678 ante
718 648 905 679 memor
925 632 1115 695 provisa
1136 651 1330 699 repones
1349 659 1362 692 3

84 725 136 770 Si
159 736 206 770 te
228 723 374 786 digna
397 733 556 768 manet
578 719 730 766 divini
754 719 905 782 gloria
926 720 1062 767 rurIS.

85 810 330 856 Continuo
353 811 400 855 in
423 808 548 855 filvis
574 825 746 871 magna
769 808 815 853 vi
839 807 960 854 flexa
982 808 1204 855 domatur

87 898 143 945 In
167 899 343 956 burim,
367 910 412 945 et
435 899 567 946 curvi
591 899 796 945 formam
819 897 1002 961 adcipit
1025 898 1181 946 ulmus
1205 902 1373 957 aratri3

130 1031 203 1072 165.
228 1033 310 1064 Caelei
335 1033 475 1065 Mentel.
501 1033 586 1065 Gud.
632 1035 678 1064 At
705 1032 748 1064 est
776 1032 1078 1076 Ksasb;.——-mtgstica
1101 1035 1195 1064 vallus
1221 1034 1399 1075 Romanus,

85 1090 258 1126 utrumque
273 1084 427 1126 scriptura
441 1085 585 1126 antiqua.

85 1135 203 1174 Pierii;
234 1143 267 1167 et
293 1136 346 1167 alii
370 1148 421 1178 ap.
448 1136 557 1166 Burm.

83 1185 201 1228 fragm.
218 1188 335 1218 Moret.
377 1187 479 1229 itfiexa
496 1185 641 1217 Parrhas.

86 1291 208 1329 rustici
224 1291 317 1329 rati0
332 1291 488 1343 professa
506 1294 594 1340 (non
607 1303 707 1336 vero,

85 1343 186 1392 quod
228 1357 352 1381 eorum
404 1343 484 1381 usus
525 1343 564 1380 in
590 1353 710 1393 pompa

85 1394 257 1444 Eletfinia
285 1395 482 1446 praecipuus
510 1394 632 1439 fuerit,
670 1403 710 1431 ut

86 1445 182 1483 inter
216 1447 446 1484 instrumenta
485 1445 623 1495 Orgica
655 1445 710 1482 es-

87 1497 163 1534 sent
172 1513 183 1542 ;
210 1499 249 1534 in
262 1511 394 1548 pompa
406 1497 506 1535 enim
525 1496 708 1535 Eleusinia

88 1549 200 1586 Ceres
217 1549 255 1585 in
274 1549 417 1594 thenfis,
445 1552 498 1588 ἐπ’
516 1550 708 1599 ὀχήματος,

87 1600 276 1651 quadrigis
300 1601 466 1638 candidis
494 1601 708 1646 ducebatur,

88 1652 166 1689 vid.
183 1652 376 1703 Spanhem.
396 1657 442 1690 ad
458 1652 606 1690 Callim.
622 1652 708 1690 Cer.

95 1706 182 1750 122)
196 1718 207 1746 3
237 1702 412 1742 Tribulum
429 1705 469 1741 fit
484 1722 501 1741 e
519 1703 639 1742 tabula
656 1704 709 1741 la-

82 1756 215 1805 pidt'bus
240 1766 301 1793 aut
319 1760 418 1806 fi’rro
444 1758 616 1806 asperata,
651 1770 712 1806 quo

92 1808 201 1857 (quae)
220 1809 358 1857 impostlss
371 1813 494 1858 aurlga
506 1818 566 1844 aut
573 1809 712 1856 pondere

85 1860 216 1912 grandi
239 1859 388 1896 trahitur
396 1862 561 1910 jumentis
565 1861 711 1909 junc‘i‘is,

90 1924 129 1947 ut
144 1913 293 1959 djscutiat
307 1926 325 1947 e
339 1913 438 1960 spica
450 1926 565 1960 grana
592 1908 712 1946 Varro

92 1961 181 1999 RR.
208 1960 242 2004 I,
263 1975 326 2013 52,
362 1975 394 1999 1.
424 1961 519 1999 Usus
545 1961 618 2012 ejus
648 1961 711 1998 ad-

91 2011 162 2049 huc
181 2012 275 2050 inter
292 2014 434 2050 Turcos
451 2016 500 2060 (v.
531 2014 659 2064 quage
674 2013 714 2048 de

91 2064 189 2102 Paul
200 2065 307 2102 Lucas
304 2069 384 2115 fait
399 2065 482 2101 dans
496 2064 532 2102 la
545 2067 646 2102 Grece
661 2063 711 2102 T.

92 2115 127 2159 I,
160 2129 198 2166 p.
240 2119 320 2154 182.
353 2115 417 2152 ubi
449 2115 559 2153 etiam
593 2116 712 2153 forma

91 2169 275 2216 expressa.)
355 2166 494 2204 Trabea
537 2167 563 2206 s.
596 2167 712 2210 traha,

94 2218 251 2256 vehiculi
269 2231 380 2270 genus
397 2218 469 2255 fine
492 2218 604 2264 rotis;
628 2219 711 2267 jun-

95 2270 151 2320 git
169 2283 252 2307 cum
271 2270 405 2307 tribulo
429 2269 539 2307 etiam
561 2270 711 2306 Colum.

95 2321 150 2363 ΙΙ,
169 2334 209 2358 21
230 2338 240 2367 3
258 2321 343 2358 vide
357 2321 402 2358 de
417 2332 567 2372 utroque
582 2321 712 2359 Scheff.

95 2373 142 2409 de
162 2385 197 2409 re
212 2372 330 2409 vehic.
350 2371 403 2416 II,
422 2387 458 2423 7.
533 2376 635 2422 rastri
647 2373 711 2409 ad-

96 2424 246 2461 modum
266 2436 399 2473 magno
423 2424 602 2474 pondere3
630 2435 716 2475 puta

97 2475 266 2513 dentibus
287 2474 430 2520 ferrei53
459 2477 563 2520 item,
593 2475 713 2526 pergit

97 2532 222 2577 poeta,
248 2527 385 2577 reliqua
403 2527 559 2577 supellex
575 2541 653 2577 quae
670 2540 713 2564 ex

96 2577 277 2616 viminibus
293 2590 323 2614 et
353 2585 493 2616 materia
519 2582 650 2629 rustica,
678 2589 717 2615 ut

100 2628 219 2667 Varro
235 2629 286 2666 ait
299 2629 334 2673 I,
349 2642 411 2671 22,
433 2631 637 2680 1‚ade0que
652 2629 722 2667 vili

99 2682 138 2718 fit
146 2697 156 2725 ;
189 2681 284 2718 Celei
299 2682 509 2731 appellatur,
529 2681 715 2724 Eleufinii,

99 2733 199 2782 cujus
246 2732 355 2777 filius,
398 2732 661 2782 Triptolemus,
696 2746 717 2770 a

99 2784 245 2828 Cerere,
281 2783 438 2833 hospitio
464 2795 628 2834 excepta,
666 2784 717 2820 sa-

97 2835 235 2872 tionem
253 2834 397 2885 frugum
417 2845 622 2884 acceperat3
641 2835 718 2873 vid.

99 2886 251 2926 Callim.
273 2887 418 2937 Hymn.
436 2886 475 2924 in
494 2887 579 2926 Cer.
599 2899 643 2939 27
664 2887 715 2938 sq.

678 1084 750 1123 167.
768 1086 893 1126 praevg'sa
918 1084 1010 1116 Leid.
1035 1084 1094 1115 sec.
1139 1093 1252 1127 reponas
1272 1087 1399 1119 Medic.

650 1135 724 1167 168.
744 1142 833 1166 movet
856 1135 1011 1168 Rottend.
1035 1137 1257 1180 pr.—169.
1277 1140 1398 1171 dometur

771 1300 808 1327 et
826 1290 1001 1341 Apollod.
1020 1290 1053 1336 I,
1070 1304 1107 1343 ς,
1131 1305 1164 1331 r.
1217 1292 1396 1334 Referun-

772 1351 831 1379 tur
847 1352 966 1379 autem
985 1343 1030 1381 ad
1058 1344 1159 1381 illam
1191 1344 1393 1396 supellecti-

772 1393 867 1431 lem:
909 1405 1014 1432 crates
1040 1404 1076 1432 et
1105 1412 1258 1441 vannus,
1292 1402 1396 1449 cujus

774 1444 853 1482 usus
870 1455 944 1482 erat
970 1445 1009 1482 in
1026 1449 1178 1496 mjsteriis
1205 1448 1396 1488 Eleusmiis

771 1497 982 1547 portabatur
998 1498 1095 1535 enim
1112 1498 1150 1535 in
1167 1513 1299 1550 pompa
1315 1502 1396 1539 Iac-

773 1548 850 1592 chi,
881 1562 960 1598 quae
994 1559 1093 1586 certo
1130 1550 1395 1592 Eleufiniorum

773 1599 834 1636 die
844 1612 889 1636 ex
902 1599 1096 1637 Ceramico
1108 1601 1308 1641 Eleufinem
1326 1606 1396 1642 du-

772 1650 935 1689 cebatur.
988 1651 1038 1689 cf.
1071 1652 1206 1691 Meurs.
1235 1655 1395 1695 Eleufin.

774 1715 853 1752 cap.
891 1715 950 1754 27.
1019 1703 1202 1743 Caeterum
1239 1706 1395 1746 Hesiodi

775 1753 897 1790 locum
941 1764 1022 1791 ante
1064 1755 1189 1793 oculos
1239 1758 1397 1798 habebat

777 1804 959 1855 Virgilius
977 1815 1127 1856 ex’¹E57.
1145 1822 1192 1857 49
1199 1821 1217 1856 3
1238 1809 1315 1859 sqq.

833 1857 917 1908 167.
946 1856 1003 1894 Ex
1022 1857 1172 1896 Hesiod.
1195 1868 1292 1910 ’'Egey.
1319 1876 1394 1915 457

778 1913 840 1946 τῶν
891 1908 1032 1958 ’πρόσθεν
1082 1915 1221 1956 μελέτην
1262 1916 1396 1963 ἐχέμεν,

776 1961 884 2000 οίκῆἶα
909 1960 1048 2000 θέσθαι.
1117 1979 1247 2009 memor,
1274 1968 1398 2015 provi-

776 2011 856 2055 dus,
879 2021 918 2049 ut
934 2013 1028 2051 ibid.
1048 2027 1081 2050 V.
1099 2027 1173 2062 422
1188 2022 1397 2065 μεμνημένος,

776 2077 849 2100 non
890 2064 1059 2102 omittens
1094 2075 1131 2102 et
1169 2066 1398 2116 obliviscens,

776 2115 824 2151 cf.
858 2115 1006 2153 Colum.
1047 2116 1080 2161 I,
1116 2119 1154 2161 8,
1192 2119 1225 2156 8,
1254 2125 1400 2170 provisa

776 2177 919 2216 repones,
937 2178 1060 2204 ornate
1077 2181 1158 2218 pro,
1176 2171 1396 2220 providebis.

780 2219 866 2256 168.
894 2218 934 2255 Si
949 2219 1031 2256 satis
1048 2233 1213 2270 magnam
1232 2236 1275 2260 ex
1293 2238 1400 2274 opere

775 2279 811 2305 et
836 2283 873 2308 re
901 2270 1027 2322 agresti
1058 2271 1200 2310 laudem
1229 2276 1399 2327 consequi

775 2334 889 2371 cupis.

833 2375 1042 2424 169—175‘.
1083 2373 1272 2426 Principio
1305 2377 1399 2423 (vid.

778 2424 823 2461 ad
838 2438 872 2462 v.
886 2425 950 2472 60)
971 2426 1086 2463 ulmus
1104 2426 1141 2463 in
1156 2427 1261 2465 burim
1277 2427 1401 2466 inflec-

778 2477 886 2513 tenda
915 2477 978 2520 est,
1004 2477 1102 2526 quod
1131 2478 1245 2516 statim
1265 2479 1301 2515 in
1320 2480 1401 2529 ipsis

778 2527 872 2564 silvis
904 2527 960 2570 fit,
988 2541 1069 2565 curn
1099 2531 1213 2567 ulmus
1231 2544 1251 2567 a
1269 2533 1399 2569 rustico

779 2579 830 2615 ita
847 2579 1071 2623 incurvatur,
1099 2592 1137 2617 ut
1151 2595 1259 2619 curva
1278 2583 1400 2620 adole-

782 2630 866 2667 scat.
894 2647 1036 2668 cur-vum
1062 2645 1215 2670 aratrum
1238 2634 1283 2670 est
1304 2647 1399 2671 nune

779 2695 858 2731 pars
877 2682 998 2726 aratri,
1026 2683 1138 2722 buris.
1193 2684 1250 2722 De
1267 2702 1402 2722 vomere

781 2733 859 2783 ipso
893 2734 986 2770 nihil
1024 2745 1144 2771 monet
1179 2740 1308 2785 pocta3
1354 2738 1401 2774 de

781 2798 851 2834 qua
881 2784 1046 2822 disertius
1076 2786 1252 2823 Hesiodus
1270 2788 1346 2836 agit
1366 2802 1400 2826 v,

783 2850 853 2886 427
885 2836 961 2886 sqq.
991 2838 1089 2875 conf.
1118 2837 1212 2875 Plin.
1248 2838 1401 2882 XVIII,

788 2901 800 2925 1
812 2890 848 2933 8,
866 2887 893 2926 s.
911 2891 973 2937 48.
991 2888 1061 2926 Sed
1077 2890 1182 2928 burim
1200 2891 1402 2927 accuratius

1208 2940 1406 2992 descripsit,
