1987 3361
389 253 879 320 comclssus
937 270 1083 318 Mss.
1247 289 1391 322 mn

68 415 116 460 in
150 406 316 473 paucis
348 406 466 454 locis
499 414 741 451 truncatus
777 405 815 459 ³¹⁶,
850 404 944 451 Ms.
979 406 1104 468 3867
1143 409 1384 457 membra..

68 506 253 548 naceu3‚
278 488 544 536 charaRere
566 486 758 549 capitali
784 485 1003 535 Romano
1025 490 1270 538 rusticiore
1293 494 1388 540 five

67 574 369 628 incomtiore;
404 571 567 618 altiore
599 586 742 634 quam
788 571 981 625 latiore;
1025 575 1212 637 punffis
1263 578 1386 626 inter

67 658 226 714 verba,
260 655 337 702 sed
359 653 419 701 ab
453 652 642 700 indoffll
675 668 818 698 manu
842 652 1000 699 illatis.
1070 654 1234 704 Habet
1267 670 1314 705 et
1344 659 1387 706 is

68 741 241 804 figuras
264 736 526 792 nonnullas,
557 751 672 798 quas
708 734 922 782 Bartolus
957 735 1077 785 libro
1112 741 1258 788 modo
1281 757 1386 790 me..

69 832 251 870 morato
275 810 414 880 †aere
438 816 671 881 expreffit.

131 905 294 952 Etiam
328 904 377 950 in
411 901 548 966 hujus
574 903 686 949 libri
710 905 938 952 vetustate
966 907 1246 957 celebranda
1270 911 1388 960 doc-

67 1001 224 1035 torum
248 988 462 1034 virorum
486 987 636 1032 studia
656 988 964 1036 incaluerant.
984 1007 1029 1037 v.
1047 991 1302 1042 Mabillon.
1328 997 1388 1043 de

70 1071 368 1135 ReDiplom.
386 1071 470 1116 lib.
485 1070 542 1125 V,
557 1070 653 1115 tab.
666 1071 749 1127 VI,
759 1089 808 1134 p.
823 1088 849 1133 3
858 1086 933 1134 52.
960 1074 1230 1125 Montfauc.
1252 1079 1385 1128 Diar.

69 1158 175 1205 Ital.
199 1172 248 1219 p.
275 1170 382 1217 277,
407 1166 454 1201 et
479 1152 708 1200 Biblioth.
728 1153 838 1202 Mff.
859 1171 908 1217 p.
931 1172 958 1218 3
986 1157 1048 1204 D.
1076 1157 1314 1207 Bottarius
1338 1162 1387 1212 in

68 1239 204 1303 praef.
231 1239 430 1295 laudata,
453 1255 502 1301 p.
523 1238 591 1285 VI
609 1251 654 1285 et
671 1238 788 1286 XX.
816 1240 1110 1290 Benedffifini
1134 1243 1200 1292 N.
1221 1244 1307 1295 Tr.
1328 1248 1390 1297 de

70 1322 288 1384 Diplom.
309 1322 370 1368 T.
389 1321 478 1369 III.
496 1323 591 1368 tab.
610 1321 822 1379 XXXV,
836 1323 980 1386 p.‘61.
1000 1324 1076 1381 62,
1094 1328 1176 1388 qui
1191 1329 1390 1392 quidem

68 1405 241 1453 saeculo
264 1404 335 1451 IV
357 1405 673 1468 antiquiorem
695 1405 783 1451 effe
805 1420 995 1470 negant.
1042 1408 1233 1458 Pictura
1256 1413 1389 1460 dete-

68 1490 204 1538 rioris
238 1500 364 1535 notae
386 1499 432 1534 et
456 1487 721 1534 barbariem
755 1489 861 1551 plus
895 1491 1091 1549 redolet,
1126 1511 1273 1557 quam
1307 1498 1390 1547 illa

68 1574 231 1638 paullo
250 1584 357 1619 ante
379 1585 653 1619 memorata.
726 1573 853 1620 Eum
876 1591 933 1620 ex
960 1575 1117 1624 Gallia
1136 1578 1184 1624 in
1202 1579 1392 1632 Italiam

71 1656 344 1721 pervenisse,
369 1667 415 1702 et
438 1656 487 1702 in
512 1656 561 1702 Β.
592 1655 807 1717 Dionysii
844 1656 1001 1719 aliqua
1022 1658 1124 1705 aede
1142 1660 1260 1707 olim
1293 1662 1388 1710 ser-

71 1751 236 1785 vatum
270 1737 416 1795 fuiffe,
454 1737 856 1785 Montefalconius
892 1739 1232 1798 observaverat,
1267 1744 1387 1793 ibid.

71 1820 259 1868 Laudat
274 1836 382 1866 eum
394 1819 652 1867 Politianus
669 1819 872 1866 Miscell.
891 1836 933 1867 c.
952 1835 1004 1882 71
1019 1858 1029 1867 .
1048 1837 1125 1884 77.
1145 1839 1189 1869 v.
1208 1824 1389 1874 Bottar.

70 1921 122 1967 p.
148 1903 267 1951 XX.
322 1904 485 1951 Codex
507 1904 584 1950 hic
611 1904 945 1968 intelligendus
969 1905 1048 1962 est,
1071 1909 1255 1968 quoties
1282 1908 1392 1956 Pie-

68 1987 166 2035 rius
186 1990 403 2050 antiquum
420 1989 494 2034 vel
522 1988 751 2034 Romanum
776 2001 1028 2045 memorat,
1044 1991 1171 2052 quod
1195 1991 1392 2039 charac-

67 2081 220 2116 terem
241 2063 509 2117 litterarum
529 2069 749 2116 Romano
773 2070 1048 2132 propiorem
1065 2072 1152 2119 effe
1172 2087 1391 2122 autuma-

67 2151 164 2206 bat,
188 2150 235 2198 h.
252 2166 292 2197 e.
318 2150 526 2213 capitali,
549 2152 697 2214 qualis
722 2151 770 2197 in
794 2153 1109 2199 marmoribus
1134 2154 1313 2201 Visitur.
1340 2171 1388 2204 v.

70 2233 249 2281 Pierius
262 2235 437 2297 Cai'tig.
452 2235 498 2279 in
512 2235 673 2282 Bucoi.
690 2235 843 2298 princ.
879 2235 1102 2299 Namque
1117 2237 1294 2285 Pierius
1311 2255 1396 2286 co..

70 2316 178 2363 dice
201 2316 288 2362 hoc
311 2315 416 2362 satis
443 2316 640 2379 quidem
674 2318 930 2380 diligenter
959 2317 1064 2364 usus
1103 2320 1182 2376 est,
1212 2320 1270 2366 de
1293 2337 1391 2383 quo

73 2397 242 2442 eodem
272 2397 432 2442 dicere
456 2397 644 2443 videtur
667 2397 725 2443 ad
749 2398 862 2446 AEn.
886 2398 977 2456 IX,
1002 2414 1075 2446 20.
1116 2400 1295 2446 Iterum
1318 2414 1392 2447 ta-

73 2496 182 2525 men
207 2480 410 2526 eundem
427 2481 644 2527 codicem
661 2498 772 2528 cum
793 2483 974 2540 vulgari
994 2483 1213 2539 editione,
1225 2483 1388 2530 Hack.

72 2560 132 2608 L.
170 2561 222 2607 Β.
263 2561 392 2618 1680,
427 2562 504 2609 sed
538 2579 706 2625 parum
741 2564 875 2611 dodre
910 2578 955 2612 et
989 2577 1215 2621 accurate
1262 2564 1391 2626 quod

70 2660 154 2692 nos
177 2660 247 2692 res
270 2657 317 2691 et
338 2644 444 2691 usus
468 2646 646 2703 docuit,
664 2648 976 2710 comparavit,
1001 2660 1046 2694 et
1070 2647 1284 2694 lestionis
1307 2662 1390 2691 va-

225 2777 249 2799 *
285 2777 366 2816 Ecl.
388 2777 485 2814 Vin
503 2788 538 2815 et
559 2778 632 2817 IX.
662 2779 736 2819 Ge.
758 2780 809 2820 ΙΙ.
836 2781 923 2820 AEn.
942 2779 994 2820 II.
1015 2780 1086 2820 ΠΙ.
1104 2791 1140 2818 et
1158 2779 1211 2818 V.

222 2847 246 2886 1-
273 2861 334 2899 pp.
360 2861 395 2899 ς.
416 2860 477 2900 29.
497 2861 559 2898 41.
577 2863 643 2900 43.
1172 2899 1389 2948 rietatem
