1987 3361
455 308 1075 360 EDITIONIBUS.
1239 323 1414 357 extvtr

103 445 168 487 Ad
188 448 269 488 Cod.
290 446 373 485 MS.
400 446 541 498 Regium
559 445 778 495 Parffienst’m
807 445 961 491 recenfiaeit
987 439 1194 478 Pancratius
1214 439 1413 478 Masvicius

103 509 142 548 II
161 509 292 547 Tomis
313 506 538 546 Leovardiae.
568 505 659 542 Exc.
681 503 812 540 Franc.
833 502 967 539 Halma
1243 515 1279 550 4.
1303 515 1412 552 1717.

156 571 249 608 Satis
275 570 383 607 obvia
406 567 536 612 editio,
567 567 612 602 ad
646 564 876 602 Heinfianam
901 563 1070 613 expressa,
1097 571 1133 600 et
1161 563 1205 600 P.
1226 563 1418 600 Burmanni

104 630 282 670 conviciis
298 628 478 681 proscissa,
505 627 605 675 cujus
622 627 795 663 admonitio
811 623 965 661 editioni
986 621 1140 672 Virgilii
1157 622 1202 658 est
1222 620 1411 671 praemiss'a,

102 704 173 742 qua
192 692 237 727 ad
256 687 478 726 Emmeneffii
496 687 553 723 vel
570 685 766 722 Schrevelii
781 683 867 721 edd.
886 682 1052 720 excusam
1069 682 1135 719 effe
1149 679 1412 718 Masvicianam

103 749 304 788 contendit.
358 748 394 784 V
397 747 480 784 ariae
499 746 667 784 lectiones
683 743 917 782 notabiliores
941 745 1016 794 post
1044 741 1222 792 Erythraei
1248 741 1411 779 indicem

101 824 147 848 ex
166 805 262 849 Cod.
282 808 464 846 Parifienfi
496 807 648 858 (Regio)
679 816 715 842 et
743 804 941 843 Markiano
963 802 1220 853 (Parrhafiano)
1248 801 1412 851 subjectae

101 871 195 910 sunt.
249 870 370 908 Etiam
389 870 459 907 hoc
478 881 573 905 anno
591 869 764 905 Averanii
783 867 1029 917 Dgffi’rtatio).=es
1044 870 1078 900 in
1095 863 1275 914 Virgilium
1296 860 1409 898 XLV

101 932 268 983 prodiere
299 930 338 968 in
361 932 436 981 ejus
455 931 554 980 opp.
574 928 732 966 Florent.
751 928 824 965 To.
844 927 875 965 I.
916 923 1094 977 Vulgaria
1111 922 1334 975 persequitur
1350 922 1410 960 vir

99 993 226 1041 doctus
262 991 443 1029 fastidiosa
476 1003 560 1029 cum
589 989 833 1040 loquacitate3
872 1000 939 1026 nec
971 987 1067 1025 ultra
1102 984 1188 1023 AEn.
1223 983 1258 1029 1,
1284 994 1408 1033 1—49

97 1052 310 1103 progreffus.

148 1112 193 1148 P.
215 1113 259 1149 V.
279 1111 336 1148 M.
356 1125 386 1148 c.
404 1125 438 1147 n.
458 1110 545 1148 Var.
565 1107 791 1159 Rothomagi
1231 1107 1268 1143 8.
1293 1116 1405 1156 1723.

149 1172 183 1207 C
184 1174 389 1209 ommentarii
405 1173 441 1207 in
460 1172 506 1208 P.
529 1171 571 1206 V.
600 1170 657 1207 M.
673 1184 757 1206 nunc
768 1171 914 1219 primum
918 1168 1030 1219 juxta
1045 1166 1190 1204 ordinem
1211 1163 1407 1207 verborum,

93 1232 162 1280 pqst
206 1240 317 1266 tamen
350 1228 553 1266 uberioribus
604 1231 687 1265 notis
729 1226 958 1278 locupletandi.
1001 1225 1141 1262 Tomus
1174 1224 1206 1260 I.
1242 1222 1294 1261 Π.
1331 1222 1407 1260 ΠΙ.

97 1288 287 1326 Scribebat
317 1286 366 1326 D.
393 1289 532 1338 Gaspar
562 1287 662 1325 Pinto
686 1288 812 1324 Correa
845 1286 1057 1335 Theologus
1093 1283 1296 1327 Lufitanus‚
1325 1283 1405 1319 Ga-

95 1347 270 1386 raialensis
319 1347 564 1384 Barcellorum
611 1347 817 1397 Collegiata
848 1345 1061 1383 Canonicus
1097 1342 1405 1381 Poenitentiarius.

96 1405 307 1458 Ulyffipone
328 1405 549 1444 occidentali
1230 1415 1268 1452 4.
1294 1402 1407 1454 1726.

146 1465 192 1503 In
209 1478 403 1517 puerorum
420 1465 521 1502 usum
539 1463 678 1515 scripti.
708 1464 769 1513 (B.
790 1465 838 1502 A.
859 1464 933 1512 G.)

147 1525 216 1564 Per
243 1526 307 1563 hos
325 1538 434 1562 annos
455 1526 561 1563 Gottl.
595 1527 745 1563 Cortium
769 1538 901 1562 novam
932 1523 1089 1574 Virgilii
1120 1523 1320 1562 editionem
1339 1534 1403 1574 pa-

99 1587 184 1625 rass'e
205 1601 250 1624 ex
278 1587 407 1624 Harles
424 1585 520 1623 brev.
539 1586 579 1623 N
583 1586 690 1623 otitia
708 1586 800 1624 Litt.
821 1587 930 1624 Rom.
949 1600 984 1636 p.
1004 1587 1092 1634 248.
1108 1584 1248 1623 didici:
1276 1586 1405 1636 plagu-

97 1646 148 1684 las
165 1645 306 1695 aliquot>
319 1645 420 1695 prelo
437 1644 580 1682 excusas
603 1645 660 1681 vir
677 1644 894 1682 dofflssimus
911 1644 1005 1695 apud
1024 1643 1059 1681 se
1078 1643 1206 1682 servat.

135 1703 357 1742 ⁴'C'czz‘roeamz.
385 1715 478 1740 nova
509 1703 598 1742 edit.
630 1702 740 1741 Paris.
769 1703 853 1742 chez
878 1703 923 1741 les
942 1703 1060 1741 Freres
1078 1703 1228 1740 Barbou.
1255 1716 1280 1754 4
1298 1701 1404 1741 Voll-

1230 1765 1264 1799 8.
1292 1775 1360 1800 1³*z
1391 1789 1403 1800 .

146 1822 220 1860 The
241 1824 353 1861 Works
377 1826 425 1874 of
443 1823 480 1860 V
476 1821 562 1873 irgil
584 1823 772 1871 transsated
789 1829 856 1860 into
879 1822 1019 1874 Englsta
1049 1821 1150 1859 blank
1178 1822 1212 1857 V
1208 1826 1288 1871 erse,
1308 1776 1405 1859 eivit9h

91 1882 189 1933 large
204 1883 422 1933 explanatory
440 1883 542 1919 Notes
558 1884 632 1919 and
645 1882 777 1919 critical
791 1881 1032 1932 Observations
1050 1880 1089 1931 by
1115 1879 1248 1931 Joseph
1273 1881 1401 1931 Trapp

93 1942 185 1981 DD.
206 1955 225 1992 3
247 1943 349 1980 Voll.
367 1942 535 1980 London.
555 1941 614 1979 for
630 1943 667 1992 J.
687 1943 906 1981 Brotherton
923 1952 993 1980 etc.
1232 1944 1268 1980 8.
1290 1955 1331 1992 17
1338 1954 1401 1990 31.

143 2002 267 2040 AEneis
283 2003 360 2052 jam
395 2007 490 2053 1718
517 2011 553 2039 et
585 2015 680 2054 1729
717 2003 755 2039 II
782 2002 884 2041 Voll.
918 2001 1047 2040 excusa
1078 2000 1208 2039 fuerat.
1281 2000 1403 2039 Bonus

93 2059 274 2112 Trappius
298 2061 433 2112 judicii
465 2061 630 2099 acumine
656 2071 693 2099 et
726 2062 907 2114 elegantia
939 2075 1066 2113 parum
1097 2060 1130 2097 se
1154 2061 1401 2105 commendat,

91 2131 288 2173 peccatque
306 2121 399 2159 forte
417 2121 525 2172 copia
543 2134 659 2158 rerum
676 2135 718 2160 ac
742 2123 967 2166 verbositate,
989 2121 1013 2159 fi
1031 2120 1132 2163 viris,
1149 2133 1220 2157 non
1238 2119 1400 2171 ephebis,

90 2181 238 2232 scripsit.
293 2180 383 2218 Sunt
401 2190 520 2219 tamen
538 2181 578 2218 in
596 2194 639 2220 eo
651 2183 755 2234 plura
772 2182 913 2222 utiliter
931 2181 1084 2226 monita,
1103 2193 1211 2230 quam
1225 2179 1264 2217 in
1277 2179 1401 2217 multis

90 2238 198 2277 valde
216 2239 331 2276 doffls
350 2240 458 2276 notis.

140 2298 369 2347 Masviciana
386 2297 537 2349 repetita
555 2298 687 2338 Venet.
707 2313 770 2352 per
797 2300 856 2352 Jo.
885 2300 988 2352 Bapt.
1008 2298 1233 2337 Paschalium
1254 2312 1274 2337 2
1295 2297 1400 2342 Von.

138 2415 185 2453 P.
220 2415 263 2452 V.
288 2414 349 2453 Μ.’
369 2431 388 2453 e
414 2420 532 2468 recensi
561 2417 611 2457 N.
644 2419 791 2470 Heinfii.
836 2418 975 2457 Patavii
1000 2431 1064 2470 per
1090 2417 1168 2468 Jos.
1196 2359 1398 2455 quimligiifii

1228 2477 1262 2513 8.
1286 2479 1397 2527 1738.

136 2530 251 2581 Juxta
269 2531 411 2571 Heinfii
439 2533 584 2580 Elzev.,
609 2535 750 2575 ratione
776 2545 896 2575 tamen
911 2535 1038 2574 habita
1057 2534 1396 2573 Amstelodamenfis

91 2603 202 2642 1704.
646 2637 651 2644 '

136 2650 361 2702 Antiquffmi
390 2651 579 2702 Virgiliani
602 2654 731 2693 Codicis
749 2657 958 2708 fragmenta
987 2665 1020 2693 et
1040 2657 1189 2705 picJurae
1221 2668 1264 2691 ex
1297 2650 1392 2689 Bibl.

90 2709 260 2748 Vaticana
275 2720 346 2749 etc.
387 2710 515 2748 Romae
1226 2711 1257 2750 f.
1281 2722 1396 2764 1741.

142 2766 239 2805 Vide
254 2767 332 2820 sup.
353 2769 448 2808 inter
464 2769 589 2809 Codd.

135 2826 180 2864 P.
217 2829 357 2880 Virgilii
386 2828 541 2868 Maronis
568 2832 682 2871 Codex
709 2831 1163 2885 antiquffimus-Mediceus
1190 2831 1309 2868 editore
1343 2829 1393 2870 P·

88 2884 214 2925 Franc.
233 2886 404 2941 Fogginio.
432 2885 622 2930 Florentiae
1225 2900 1265 2936 4.
1283 2899 1395 2937 1741.

727 2951 753 2986 k
780 2960 804 2991 z
1292 2944 1395 2988 Vide
