<?xml version="1.0" encoding="UTF-8"?>
<!DOCTYPE html PUBLIC "-//W3C//DTD XHTML 1.0 Transitional//EN"
    "http://www.w3.org/TR/xhtml1/DTD/xhtml1-transitional.dtd">
<html xmlns="http://www.w3.org/1999/xhtml" xml:lang="en" lang="en">
 <head>
  <title>
</title>
<meta http-equiv="Content-Type" content="text/html;charset=utf-8" />
  <meta name='ocr-system' content='tesseract 3.04.00' />
  <meta name='ocr-capabilities' content='ocr_page ocr_carea ocr_par ocr_line ocrx_word'/>
</head>
<body>
  <div class='ocr_page' id='page_1' title='image "./operavarietatele01virguoft_0660.png"; bbox 0 0 1821 3381; ppageno 0'>
   <div class='ocr_carea' id='block_1_1' title="bbox 323 270 1454 353">
    <p class='ocr_par' dir='ltr' id='par_1_1' title="bbox 323 270 1454 353">
     <span class='ocr_line' id='line_1_1' title="bbox 323 270 1454 353; baseline -0.013 -17"><span class='ocrx_word' id='word_1_1' title='bbox 323 292 416 353; x_wconf 80' lang='lat'>386</span> <span class='ocrx_word' id='word_1_2' title='bbox 521 285 573 332; x_wconf 92' lang='lat' dir='ltr'>P.</span> <span class='ocrx_word' id='word_1_3' title='bbox 612 278 995 331; x_wconf 90' lang='lat' dir='ltr'>VIRGILII</span> <span class='ocrx_word' id='word_1_4' title='bbox 1054 270 1454 326; x_wconf 85' lang='lat' dir='ltr'>MARONIS</span> 
     </span>
    </p>
   </div>
   <div class='ocr_carea' id='block_1_2' title="bbox 324 411 1634 573">
    <p class='ocr_par' dir='ltr' id='par_1_2' title="bbox 324 411 1634 573">
     <span class='ocr_line' id='line_1_2' title="bbox 325 411 1634 483; baseline -0.01 -15"><span class='ocrx_word' id='word_1_5' title='bbox 325 421 600 483; x_wconf 81' lang='lat' dir='ltr'>Exfilioque</span> <span class='ocrx_word' id='word_1_6' title='bbox 623 418 787 466; x_wconf 89' lang='lat' dir='ltr'>domos</span> <span class='ocrx_word' id='word_1_7' title='bbox 810 430 857 464; x_wconf 89' lang='lat' dir='ltr'>et</span> <span class='ocrx_word' id='word_1_8' title='bbox 876 413 1033 462; x_wconf 87' lang='lat' dir='ltr'><strong>dulcia</strong></span> <span class='ocrx_word' id='word_1_9' title='bbox 1051 411 1216 459; x_wconf 87' lang='lat' dir='ltr'>limina</span> <span class='ocrx_word' id='word_1_10' title='bbox 1235 417 1438 465; x_wconf 85' lang='lat' dir='ltr'><strong>mutant,</strong></span> <span class='ocrx_word' id='word_1_11' title='bbox 1536 417 1590 468; x_wconf 84' lang='lat'>51</span> <span class='ocrx_word' id='word_1_12' title='bbox 1604 411 1634 455; x_wconf 59' lang='grc' dir='ltr'><strong><em>Ἡ</em></strong></span> 
     </span>
     <span class='ocr_line' id='line_1_3' title="bbox 324 495 1568 573; baseline -0.013 -14"><span class='ocrx_word' id='word_1_13' title='bbox 324 512 487 573; x_wconf 81' lang='lat' dir='ltr'><strong>Atque</strong></span> <span class='ocrx_word' id='word_1_14' title='bbox 506 509 598 555; x_wconf 88' lang='lat' dir='ltr'>alio</span> <span class='ocrx_word' id='word_1_15' title='bbox 622 503 826 569; x_wconf 84' lang='lat' dir='ltr'>patriam</span> <span class='ocrx_word' id='word_1_16' title='bbox 849 508 1069 561; x_wconf 87' lang='lat' dir='ltr'><strong>quaerunt</strong></span> <span class='ocrx_word' id='word_1_17' title='bbox 1091 497 1175 545; x_wconf 91' lang='lat' dir='ltr'>sub</span> <span class='ocrx_word' id='word_1_18' title='bbox 1199 496 1294 544; x_wconf 88' lang='lat' dir='ltr'>sole</span> <span class='ocrx_word' id='word_1_19' title='bbox 1308 495 1568 560; x_wconf 86' lang='lat' dir='ltr'>jacentem.</span> 
     </span>
    </p>
   </div>
   <div class='ocr_carea' id='block_1_3' title="bbox 327 588 1392 664">
    <p class='ocr_par' dir='ltr' id='par_1_3' title="bbox 327 588 1392 664">
     <span class='ocr_line' id='line_1_4' title="bbox 327 588 1392 664; baseline -0.014 -15"><span class='ocrx_word' id='word_1_20' title='bbox 327 600 557 664; x_wconf 78' lang='lat' dir='ltr'>Agricola</span> <span class='ocrx_word' id='word_1_21' title='bbox 574 599 767 645; x_wconf 80' lang='lat' dir='ltr'><strong>incurvo</strong></span> <span class='ocrx_word' id='word_1_22' title='bbox 788 607 961 640; x_wconf 83' lang='lat' dir='ltr'>terram</span> <span class='ocrx_word' id='word_1_23' title='bbox 980 588 1187 637; x_wconf 87' lang='lat' dir='ltr'>dimovit</span> <span class='ocrx_word' id='word_1_24' title='bbox 1208 600 1362 636; x_wconf 83' lang='lat' dir='ltr'>aratro</span> <span class='ocrx_word' id='word_1_25' title='bbox 1380 606 1392 635; x_wconf 90' lang='lat'>:</span> 
     </span>
    </p>
   </div>
   <div class='ocr_carea' id='block_1_4' title="bbox 327 678 1639 746">
    <p class='ocr_par' dir='ltr' id='par_1_4' title="bbox 327 678 1639 746">
     <span class='ocr_line' id='line_1_5' title="bbox 327 678 1639 746; baseline -0.006 -9"><span class='ocrx_word' id='word_1_26' title='bbox 327 691 462 738; x_wconf 85' lang='lat' dir='ltr'>Hinc</span> <span class='ocrx_word' id='word_1_27' title='bbox 486 689 594 736; x_wconf 85' lang='lat' dir='ltr'>anni</span> <span class='ocrx_word' id='word_1_28' title='bbox 619 688 750 734; x_wconf 87' lang='lat' dir='ltr'>labor</span> <span class='ocrx_word' id='word_1_29' title='bbox 763 709 776 741; x_wconf 82' lang='lat'>3</span> <span class='ocrx_word' id='word_1_30' title='bbox 812 685 922 731; x_wconf 87' lang='lat' dir='ltr'>hinc</span> <span class='ocrx_word' id='word_1_31' title='bbox 941 681 1145 746; x_wconf 86' lang='lat' dir='ltr'>patriam</span> <span class='ocrx_word' id='word_1_32' title='bbox 1168 678 1428 742; x_wconf 81' lang='lat' dir='ltr'>parvosque</span> <span class='ocrx_word' id='word_1_33' title='bbox 1443 690 1639 743; x_wconf 82' lang='lat' dir='ltr'><strong>nepotes</strong></span> 
     </span>
    </p>
   </div>
   <div class='ocr_carea' id='block_1_5' title="bbox 325 820 1705 1838">
    <p class='ocr_par' dir='ltr' id='par_1_5' title="bbox 325 820 1705 1838">
     <span class='ocr_line' id='line_1_6' title="bbox 328 820 1642 868; baseline -0.007 -8"><span class='ocrx_word' id='word_1_34' title='bbox 328 829 404 861; x_wconf 75' lang='lat' dir='ltr'>Silv.</span> <span class='ocrx_word' id='word_1_35' title='bbox 424 829 478 866; x_wconf 83' lang='lat' dir='ltr'>m,</span> <span class='ocrx_word' id='word_1_36' title='bbox 497 837 528 865; x_wconf 85' lang='lat'>2,</span> <span class='ocrx_word' id='word_1_37' title='bbox 543 827 595 865; x_wconf 85' lang='lat'>61,</span> <span class='ocrx_word' id='word_1_38' title='bbox 612 837 676 858; x_wconf 89' lang='lat' dir='ltr'>non</span> <span class='ocrx_word' id='word_1_39' title='bbox 693 824 779 868; x_wconf 89' lang='lat' dir='ltr'><strong>quod</strong></span> <span class='ocrx_word' id='word_1_40' title='bbox 796 824 828 855; x_wconf 86' lang='lat' dir='ltr'>in</span> <span class='ocrx_word' id='word_1_41' title='bbox 844 823 1007 866; x_wconf 68' lang='lat' dir='ltr'>praeterito</span> <span class='ocrx_word' id='word_1_42' title='bbox 1023 830 1170 865; x_wconf 73' lang='lat' dir='ltr'>tempore</span> <span class='ocrx_word' id='word_1_43' title='bbox 1185 820 1418 860; x_wconf 81' lang='lat' dir='ltr'>offendebatur,</span> <span class='ocrx_word' id='word_1_44' title='bbox 1431 828 1468 853; x_wconf 87' lang='lat' dir='ltr'><strong>ut</strong></span> <span class='ocrx_word' id='word_1_45' title='bbox 1483 821 1642 853; x_wconf 66' lang='lat' dir='ltr'><strong>Burmaw</strong></span> 
     </span>
     <span class='ocr_line' id='line_1_7' title="bbox 328 873 1642 921; baseline -0.007 -10"><span class='ocrx_word' id='word_1_46' title='bbox 328 892 388 912; x_wconf 84' lang='lat' dir='ltr'><strong>nus</strong></span> <span class='ocrx_word' id='word_1_47' title='bbox 404 879 548 921; x_wconf 76' lang='lat' dir='ltr'><strong>putabat,</strong></span> <span class='ocrx_word' id='word_1_48' title='bbox 562 880 615 910; x_wconf 81' lang='lat' dir='ltr'>sed</span> <span class='ocrx_word' id='word_1_49' title='bbox 632 879 718 920; x_wconf 83' lang='lat' dir='ltr'><strong>quod</strong></span> <span class='ocrx_word' id='word_1_50' title='bbox 734 887 798 907; x_wconf 88' lang='lat' dir='ltr'>non</span> <span class='ocrx_word' id='word_1_51' title='bbox 814 877 896 913; x_wconf 86' lang='lat' dir='ltr'><strong>sunt,</strong></span> <span class='ocrx_word' id='word_1_52' title='bbox 911 876 950 906; x_wconf 82' lang='lat' dir='ltr'>ad</span> <span class='ocrx_word' id='word_1_53' title='bbox 967 886 1046 916; x_wconf 83' lang='lat' dir='ltr'><strong>quos</strong></span> <span class='ocrx_word' id='word_1_54' title='bbox 1067 874 1185 905; x_wconf 83' lang='lat' dir='ltr'>referas</span> <span class='ocrx_word' id='word_1_55' title='bbox 1206 874 1238 904; x_wconf 73' lang='grc' dir='ltr'>τὸ</span> <span class='ocrx_word' id='word_1_56' title='bbox 1260 873 1394 916; x_wconf 81' lang='lat' dir='ltr'><em>gaudent.</em></span> <span class='ocrx_word' id='word_1_57' title='bbox 1441 874 1510 904; x_wconf 81' lang='lat' dir='ltr'>Nec</span> <span class='ocrx_word' id='word_1_58' title='bbox 1532 876 1642 903; x_wconf 81' lang='lat' dir='ltr'>tamen</span> 
     </span>
     <span class='ocr_line' id='line_1_8' title="bbox 328 923 1641 973; baseline -0.008 -10"><span class='ocrx_word' id='word_1_59' title='bbox 328 933 379 963; x_wconf 76' lang='lat' dir='ltr'>alii</span> <span class='ocrx_word' id='word_1_60' title='bbox 395 931 546 973; x_wconf 76' lang='lat' dir='ltr'>subjicere</span> <span class='ocrx_word' id='word_1_61' title='bbox 563 930 631 972; x_wconf 85' lang='lat' dir='ltr'>post</span> <span class='ocrx_word' id='word_1_62' title='bbox 651 929 813 970; x_wconf 79' lang='lat' dir='ltr'>superiora</span> <span class='ocrx_word' id='word_1_63' title='bbox 829 939 847 957; x_wconf 79' lang='lat' dir='ltr'>a</span> <span class='ocrx_word' id='word_1_64' title='bbox 864 927 955 957; x_wconf 83' lang='lat' dir='ltr'><strong>versu</strong></span> <span class='ocrx_word' id='word_1_65' title='bbox 973 927 1046 958; x_wconf 86' lang='lat' dir='ltr'>inde</span> <span class='ocrx_word' id='word_1_66' title='bbox 1062 935 1126 964; x_wconf 47' lang='lat'>„503</span> <span class='ocrx_word' id='word_1_67' title='bbox 1145 925 1223 956; x_wconf 84' lang='lat' dir='ltr'>adeo</span> <span class='ocrx_word' id='word_1_68' title='bbox 1240 924 1356 955; x_wconf 89' lang='lat' dir='ltr'><strong>durum</strong></span> <span class='ocrx_word' id='word_1_69' title='bbox 1372 923 1425 955; x_wconf 88' lang='lat' dir='ltr'>est.</span> <span class='ocrx_word' id='word_1_70' title='bbox 1471 923 1538 965; x_wconf 87' lang='lat' dir='ltr'>Ipse</span> <span class='ocrx_word' id='word_1_71' title='bbox 1561 924 1641 952; x_wconf 87' lang='lat' dir='ltr'><strong>Bur-</strong></span> 
     </span>
     <span class='ocr_line' id='line_1_9' title="bbox 328 972 1644 1024; baseline -0.008 -10"><span class='ocrx_word' id='word_1_72' title='bbox 328 992 465 1014; x_wconf 80' lang='lat' dir='ltr'>mannus</span> <span class='ocrx_word' id='word_1_73' title='bbox 496 983 625 1024; x_wconf 67' lang='lat' dir='ltr'>Corrupit</span> <span class='ocrx_word' id='word_1_74' title='bbox 657 978 875 1020; x_wconf 49' lang='lat' dir='ltr'>conjee‘Rabam</span> <span class='ocrx_word' id='word_1_75' title='bbox 898 976 1003 1007; x_wconf 86' lang='lat' dir='ltr'><strong>minus</strong></span> <span class='ocrx_word' id='word_1_76' title='bbox 1030 975 1174 1007; x_wconf 77' lang='lat' dir='ltr'>feiiciter.</span> <span class='ocrx_word' id='word_1_77' title='bbox 1212 974 1349 1019; x_wconf 80' lang='lat' dir='ltr'>sanguine</span> <span class='ocrx_word' id='word_1_78' title='bbox 1368 983 1486 1018; x_wconf 83' lang='lat' dir='ltr'><em>patrum</em></span> <span class='ocrx_word' id='word_1_79' title='bbox 1501 972 1549 1004; x_wconf 86' lang='lat' dir='ltr'>ed.</span> <span class='ocrx_word' id='word_1_80' title='bbox 1573 973 1644 1003; x_wconf 89' lang='lat' dir='ltr'>No-</span> 
     </span>
     <span class='ocr_line' id='line_1_10' title="bbox 329 1023 1644 1071; baseline -0.007 -7"><span class='ocrx_word' id='word_1_81' title='bbox 329 1033 423 1065; x_wconf 73' lang='lat' dir='ltr'>r&#39;imb.</span> <span class='ocrx_word' id='word_1_82' title='bbox 513 1041 587 1071; x_wconf 81' lang='lat'>511.</span> <span class='ocrx_word' id='word_1_83' title='bbox 608 1032 701 1062; x_wconf 77' lang='lat' dir='ltr'><strong>domus</strong></span> <span class='ocrx_word' id='word_1_84' title='bbox 719 1030 781 1060; x_wconf 86' lang='lat' dir='ltr'>duo</span> <span class='ocrx_word' id='word_1_85' title='bbox 799 1028 882 1070; x_wconf 81' lang='lat' dir='ltr'><strong>apud</strong></span> <span class='ocrx_word' id='word_1_86' title='bbox 907 1028 1016 1058; x_wconf 87' lang='lat' dir='ltr'><strong>Burm.</strong></span> <span class='ocrx_word' id='word_1_87' title='bbox 1050 1034 1082 1057; x_wconf 79' lang='lat' dir='ltr'>et</span> <span class='ocrx_word' id='word_1_88' title='bbox 1108 1034 1242 1067; x_wconf 80' lang='lat' dir='ltr'><strong>uterque</strong></span> <span class='ocrx_word' id='word_1_89' title='bbox 1260 1025 1357 1056; x_wconf 82' lang='lat' dir='ltr'>Goth.</span> <span class='ocrx_word' id='word_1_90' title='bbox 1383 1026 1488 1057; x_wconf 82' lang='lat' dir='ltr'>lumina</span> <span class='ocrx_word' id='word_1_91' title='bbox 1515 1023 1644 1058; x_wconf 82' lang='lat' dir='ltr'>Zulieh.</span> 
     </span>
     <span class='ocr_line' id='line_1_11' title="bbox 417 1076 1644 1122; baseline -0.007 -8"><span class='ocrx_word' id='word_1_92' title='bbox 417 1092 493 1122; x_wconf 80' lang='lat'>513.</span> <span class='ocrx_word' id='word_1_93' title='bbox 508 1093 610 1114; x_wconf 72' lang='lat' dir='ltr'><em>tcrram</em></span> <span class='ocrx_word' id='word_1_94' title='bbox 621 1083 727 1113; x_wconf 76' lang='lat' dir='ltr'>molitus</span> <span class='ocrx_word' id='word_1_95' title='bbox 743 1090 839 1112; x_wconf 69' lang='lat' dir='ltr'><em>aratro</em></span> <span class='ocrx_word' id='word_1_96' title='bbox 857 1079 1026 1110; x_wconf 76' lang='lat' dir='ltr'>Mediceus</span> <span class='ocrx_word' id='word_1_97' title='bbox 1041 1087 1073 1109; x_wconf 81' lang='lat' dir='ltr'>et</span> <span class='ocrx_word' id='word_1_98' title='bbox 1089 1078 1194 1110; x_wconf 87' lang='lat' dir='ltr'>Colot.</span> <span class='ocrx_word' id='word_1_99' title='bbox 1215 1076 1322 1108; x_wconf 87' lang='lat' dir='ltr'>Ursmi</span> <span class='ocrx_word' id='word_1_100' title='bbox 1335 1088 1344 1114; x_wconf 92' lang='lat'>;</span> <span class='ocrx_word' id='word_1_101' title='bbox 1367 1077 1451 1108; x_wconf 86' lang='lat' dir='ltr'>forte</span> <span class='ocrx_word' id='word_1_102' title='bbox 1463 1086 1502 1108; x_wconf 82' lang='lat' dir='ltr'>ex</span> <span class='ocrx_word' id='word_1_103' title='bbox 1521 1077 1644 1117; x_wconf 63' lang='lat' dir='ltr'>Georg„</span> 
     </span>
     <span class='ocr_line' id='line_1_12' title="bbox 329 1127 1644 1177; baseline -0.005 -11"><span class='ocrx_word' id='word_1_104' title='bbox 329 1135 356 1172; x_wconf 94' lang='lat'>1,</span> <span class='ocrx_word' id='word_1_105' title='bbox 374 1144 446 1175; x_wconf 73' lang='grc'>494.</span> <span class='ocrx_word' id='word_1_106' title='bbox 488 1134 600 1177; x_wconf 65' lang='lat' dir='ltr'>glebam</span> <span class='ocrx_word' id='word_1_107' title='bbox 617 1133 672 1163; x_wconf 88' lang='lat' dir='ltr'>ms.</span> <span class='ocrx_word' id='word_1_108' title='bbox 690 1143 738 1173; x_wconf 82' lang='lat' dir='ltr'>ap.</span> <span class='ocrx_word' id='word_1_109' title='bbox 757 1130 841 1162; x_wconf 86' lang='lat' dir='ltr'>Voss.</span> <span class='ocrx_word' id='word_1_110' title='bbox 867 1140 885 1160; x_wconf 87' lang='lat' dir='ltr'>a</span> <span class='ocrx_word' id='word_1_111' title='bbox 907 1140 953 1171; x_wconf 88' lang='lat' dir='ltr'>pr.</span> <span class='ocrx_word' id='word_1_112' title='bbox 973 1140 1016 1160; x_wconf 88' lang='lat' dir='ltr'>m.</span> <span class='ocrx_word' id='word_1_113' title='bbox 1032 1130 1154 1160; x_wconf 76' lang='lat' dir='ltr'><em>demovit</em></span> <span class='ocrx_word' id='word_1_114' title='bbox 1169 1127 1260 1159; x_wconf 88' lang='lat' dir='ltr'>Leid.</span> <span class='ocrx_word' id='word_1_115' title='bbox 1279 1134 1311 1158; x_wconf 84' lang='lat' dir='ltr'>et</span> <span class='ocrx_word' id='word_1_116' title='bbox 1327 1127 1480 1159; x_wconf 80' lang='lat' dir='ltr'>Rottend.</span> <span class='ocrx_word' id='word_1_117' title='bbox 1567 1135 1644 1166; x_wconf 82' lang='lat'>514.</span> 
     </span>
     <span class='ocr_line' id='line_1_13' title="bbox 325 1177 1648 1230; baseline -0.008 -13"><span class='ocrx_word' id='word_1_118' title='bbox 325 1186 489 1230; x_wconf 69' lang='lat' dir='ltr'>par-vzsque</span> <span class='ocrx_word' id='word_1_119' title='bbox 513 1186 633 1216; x_wconf 72' lang='lat' dir='ltr'>Pcmztes</span> <span class='ocrx_word' id='word_1_120' title='bbox 659 1182 832 1218; x_wconf 60' lang='lat' dir='ltr'>Medicam,</span> <span class='ocrx_word' id='word_1_121' title='bbox 856 1181 941 1222; x_wconf 87' lang='lat' dir='ltr'><strong>quod</strong></span> <span class='ocrx_word' id='word_1_122' title='bbox 963 1180 1102 1221; x_wconf 80' lang='lat' dir='ltr'>impense</span> <span class='ocrx_word' id='word_1_123' title='bbox 1124 1177 1268 1220; x_wconf 80' lang='lat' dir='ltr'>placebat</span> <span class='ocrx_word' id='word_1_124' title='bbox 1297 1177 1447 1216; x_wconf 83' lang='lat' dir='ltr'>Heinfi03</span> <span class='ocrx_word' id='word_1_125' title='bbox 1470 1177 1648 1209; x_wconf 84' lang='lat' dir='ltr'>dummodo</span> 
     </span>
     <span class='ocr_line' id='line_1_14' title="bbox 336 1229 1649 1280; baseline -0.005 -13"><span class='ocrx_word' id='word_1_126' title='bbox 336 1247 401 1267; x_wconf 81' lang='lat' dir='ltr'>non</span> <span class='ocrx_word' id='word_1_127' title='bbox 420 1247 448 1268; x_wconf 81' lang='lat' dir='ltr'>v.</span> <span class='ocrx_word' id='word_1_128' title='bbox 467 1246 529 1276; x_wconf 82' lang='grc'>505</span> <span class='ocrx_word' id='word_1_129' title='bbox 550 1235 705 1280; x_wconf 54' lang='lat' dir='ltr'>misi-rosque</span> <span class='ocrx_word' id='word_1_130' title='bbox 711 1242 826 1276; x_wconf 71' lang='lat' dir='ltr'>penates</span> <span class='ocrx_word' id='word_1_131' title='bbox 843 1230 1054 1262; x_wconf 78' lang='lat' dir='ltr'>antecessisset.</span> <span class='ocrx_word' id='word_1_132' title='bbox 1101 1230 1222 1261; x_wconf 83' lang='lat' dir='ltr'>Malim</span> <span class='ocrx_word' id='word_1_133' title='bbox 1237 1229 1355 1270; x_wconf 81' lang='lat' dir='ltr'>alioqui</span> <span class='ocrx_word' id='word_1_134' title='bbox 1372 1236 1404 1260; x_wconf 86' lang='lat' dir='ltr'>et</span> <span class='ocrx_word' id='word_1_135' title='bbox 1419 1229 1499 1271; x_wconf 86' lang='lat' dir='ltr'>ipse:</span> <span class='ocrx_word' id='word_1_136' title='bbox 1521 1231 1649 1273; x_wconf 81' lang='lat' dir='ltr'>patriam</span> 
     </span>
     <span class='ocr_line' id='line_1_15' title="bbox 332 1278 1651 1330; baseline -0.007 -12"><span class='ocrx_word' id='word_1_137' title='bbox 332 1288 488 1330; x_wconf 84' lang='lat' dir='ltr'>(adeoque</span> <span class='ocrx_word' id='word_1_138' title='bbox 504 1298 524 1328; x_wconf 88' lang='lat' dir='ltr'>p</span> <span class='ocrx_word' id='word_1_139' title='bbox 537 1286 691 1328; x_wconf 67' lang='lat' dir='ltr'><strong>ubiicum)</strong></span> <span class='ocrx_word' id='word_1_140' title='bbox 717 1283 878 1327; x_wconf 64' lang='lat' dir='ltr'>parvosque</span> <span class='ocrx_word' id='word_1_141' title='bbox 905 1283 1042 1316; x_wconf 77' lang='lat' dir='ltr'>Penates;</span> <span class='ocrx_word' id='word_1_142' title='bbox 1067 1280 1140 1312; x_wconf 77' lang='lat' dir='ltr'>satis</span> <span class='ocrx_word' id='word_1_143' title='bbox 1169 1280 1256 1311; x_wconf 69' lang='grc' dir='ltr'>1·εὸὶο</span> <span class='ocrx_word' id='word_1_144' title='bbox 1283 1280 1346 1310; x_wconf 85' lang='lat' dir='ltr'>dici</span> <span class='ocrx_word' id='word_1_145' title='bbox 1375 1279 1477 1321; x_wconf 83' lang='lat' dir='ltr'>potest</span> <span class='ocrx_word' id='word_1_146' title='bbox 1499 1278 1651 1321; x_wconf 88' lang='lat' dir='ltr'>agricola,</span> 
     </span>
     <span class='ocr_line' id='line_1_16' title="bbox 336 1330 1651 1373; baseline -0.006 -4"><span class='ocrx_word' id='word_1_147' title='bbox 336 1338 421 1369; x_wconf 78' lang='lat' dir='ltr'><strong>tucri</strong></span> <span class='ocrx_word' id='word_1_148' title='bbox 437 1345 469 1368; x_wconf 88' lang='lat' dir='ltr'>ct</span> <span class='ocrx_word' id='word_1_149' title='bbox 492 1337 574 1367; x_wconf 75' lang='lat' dir='ltr'>alere</span> <span class='ocrx_word' id='word_1_150' title='bbox 602 1337 735 1367; x_wconf 83' lang='lat' dir='ltr'><strong>domum</strong></span> <span class='ocrx_word' id='word_1_151' title='bbox 751 1344 786 1363; x_wconf 84' lang='lat' dir='ltr'>ac</span> <span class='ocrx_word' id='word_1_152' title='bbox 802 1332 966 1363; x_wconf 71' lang='lat' dir='ltr'>familiam.</span> <span class='ocrx_word' id='word_1_153' title='bbox 1013 1333 1054 1362; x_wconf 82' lang='lat' dir='ltr'>Et</span> <span class='ocrx_word' id='word_1_154' title='bbox 1080 1331 1136 1362; x_wconf 83' lang='lat' dir='ltr'>inf.</span> <span class='ocrx_word' id='word_1_155' title='bbox 1165 1331 1224 1368; x_wconf 89' lang='lat' dir='ltr'>IV,</span> <span class='ocrx_word' id='word_1_156' title='bbox 1250 1339 1310 1369; x_wconf 83' lang='grc'>155</span> <span class='ocrx_word' id='word_1_157' title='bbox 1340 1331 1383 1361; x_wconf 82' lang='lat' dir='ltr'>Et</span> <span class='ocrx_word' id='word_1_158' title='bbox 1394 1330 1598 1373; x_wconf 81' lang='lat' dir='ltr'>patriamsolae</span> <span class='ocrx_word' id='word_1_159' title='bbox 1622 1339 1651 1361; x_wconf 78' lang='lat' dir='ltr'>et·</span> 
     </span>
     <span class='ocr_line' id='line_1_17' title="bbox 335 1380 1705 1431; baseline -0.007 -11"><span class='ocrx_word' id='word_1_160' title='bbox 335 1399 420 1423; x_wconf 82' lang='lat' dir='ltr'>certos</span> <span class='ocrx_word' id='word_1_161' title='bbox 441 1401 542 1420; x_wconf 66' lang='lat' dir='ltr'>nevere</span> <span class='ocrx_word' id='word_1_162' title='bbox 552 1396 674 1431; x_wconf 53' lang='lat' dir='ltr'>pen-axes.</span> <span class='ocrx_word' id='word_1_163' title='bbox 723 1385 804 1416; x_wconf 73' lang='lat' dir='ltr'>Add.</span> <span class='ocrx_word' id='word_1_164' title='bbox 825 1383 909 1414; x_wconf 76' lang='lat' dir='ltr'>Ciris</span> <span class='ocrx_word' id='word_1_165' title='bbox 923 1382 986 1420; x_wconf 78' lang='lat'>418</span> <span class='ocrx_word' id='word_1_166' title='bbox 1000 1390 1031 1413; x_wconf 87' lang='lat' dir='ltr'>et</span> <span class='ocrx_word' id='word_1_167' title='bbox 1047 1382 1109 1413; x_wconf 81' lang='lat' dir='ltr'>alii.</span> <span class='ocrx_word' id='word_1_168' title='bbox 1157 1382 1236 1412; x_wconf 79' lang='lat' dir='ltr'>Sane</span> <span class='ocrx_word' id='word_1_169' title='bbox 1262 1386 1484 1422; x_wconf 83' lang='lat' dir='ltr'><strong>permutantur</strong></span> <span class='ocrx_word' id='word_1_170' title='bbox 1506 1380 1573 1411; x_wconf 81' lang='lat' dir='ltr'>fere</span> <span class='ocrx_word' id='word_1_171' title='bbox 1596 1390 1650 1424; x_wconf 77' lang='lat' dir='ltr'>pe·</span> <span class='ocrx_word' id='word_1_172' title='bbox 1702 1397 1705 1401; x_wconf 94' lang='lat'><em>-</em></span> 
     </span>
     <span class='ocr_line' id='line_1_18' title="bbox 335 1430 1652 1481; baseline -0.007 -11"><span class='ocrx_word' id='word_1_173' title='bbox 335 1449 414 1472; x_wconf 68' lang='lat' dir='ltr'>mutes</span> <span class='ocrx_word' id='word_1_174' title='bbox 432 1446 462 1470; x_wconf 83' lang='lat' dir='ltr'>et</span> <span class='ocrx_word' id='word_1_175' title='bbox 480 1447 584 1481; x_wconf 64' lang='lat' dir='ltr'>nepotes</span> <span class='ocrx_word' id='word_1_176' title='bbox 596 1437 628 1468; x_wconf 79' lang='lat' dir='ltr'>in</span> <span class='ocrx_word' id='word_1_177' title='bbox 645 1435 752 1467; x_wconf 81' lang='lat' dir='ltr'>libris:</span> <span class='ocrx_word' id='word_1_178' title='bbox 777 1434 841 1465; x_wconf 87' lang='lat' dir='ltr'>vid.</span> <span class='ocrx_word' id='word_1_179' title='bbox 856 1432 1044 1463; x_wconf 79' lang='lat' dir='ltr'>Markland.</span> <span class='ocrx_word' id='word_1_180' title='bbox 1061 1432 1101 1463; x_wconf 77' lang='lat' dir='ltr'>ad</span> <span class='ocrx_word' id='word_1_181' title='bbox 1118 1430 1210 1462; x_wconf 78' lang='lat' dir='ltr'>Statii</span> <span class='ocrx_word' id='word_1_182' title='bbox 1221 1430 1296 1462; x_wconf 81' lang='lat' dir='ltr'>Silv.</span> <span class='ocrx_word' id='word_1_183' title='bbox 1310 1431 1336 1468; x_wconf 94' lang='lat'>1,</span> <span class='ocrx_word' id='word_1_184' title='bbox 1351 1439 1383 1467; x_wconf 80' lang='lat'>2,</span> <span class='ocrx_word' id='word_1_185' title='bbox 1401 1430 1536 1472; x_wconf 85' lang='lat' dir='ltr'><strong>145‚qui</strong></span> <span class='ocrx_word' id='word_1_186' title='bbox 1552 1430 1652 1462; x_wconf 85' lang='lat' dir='ltr'>etiam</span> 
     </span>
     <span class='ocr_line' id='line_1_19' title="bbox 333 1481 1652 1535; baseline -0.006 -14"><span class='ocrx_word' id='word_1_187' title='bbox 333 1500 448 1535; x_wconf 76' lang='lat' dir='ltr'>penates</span> <span class='ocrx_word' id='word_1_188' title='bbox 470 1490 621 1532; x_wconf 75' lang='lat' dir='ltr'>praefert:</span> <span class='ocrx_word' id='word_1_189' title='bbox 646 1487 699 1519; x_wconf 82' lang='lat' dir='ltr'>sed</span> <span class='ocrx_word' id='word_1_190' title='bbox 721 1496 835 1528; x_wconf 77' lang='lat' dir='ltr'><strong>parum</strong></span> <span class='ocrx_word' id='word_1_191' title='bbox 858 1484 1005 1526; x_wconf 76' lang='lat' dir='ltr'>gravide</span> <span class='ocrx_word' id='word_1_192' title='bbox 1022 1482 1143 1514; x_wconf 66' lang='lat' dir='ltr'>caussa:</span> <span class='ocrx_word' id='word_1_193' title='bbox 1169 1486 1188 1503; x_wconf 81' lang='lat'><strong><em>“</em></strong></span> <span class='ocrx_word' id='word_1_194' title='bbox 1212 1491 1310 1523; x_wconf 85' lang='lat' dir='ltr'><strong>quare</strong></span> <span class='ocrx_word' id='word_1_195' title='bbox 1333 1481 1420 1512; x_wconf 83' lang='lat' dir='ltr'>enim</span> <span class='ocrx_word' id='word_1_196' title='bbox 1435 1484 1529 1524; x_wconf 67' lang='lat' dir='ltr'>poeta</span> <span class='ocrx_word' id='word_1_197' title='bbox 1544 1491 1652 1525; x_wconf 77' lang='lat' dir='ltr'><em>nepotes</em></span> 
     </span>
     <span class='ocr_line' id='line_1_20' title="bbox 339 1532 1656 1586; baseline -0.007 -12"><span class='ocrx_word' id='word_1_198' title='bbox 339 1543 448 1586; x_wconf 77' lang='lat' dir='ltr'>potius</span> <span class='ocrx_word' id='word_1_199' title='bbox 470 1552 565 1583; x_wconf 74' lang='lat' dir='ltr'><strong>quam</strong></span> <span class='ocrx_word' id='word_1_200' title='bbox 588 1540 684 1571; x_wconf 56' lang='lat' dir='ltr'>[Thi-ros</span> <span class='ocrx_word' id='word_1_201' title='bbox 707 1543 900 1568; x_wconf 72' lang='lat' dir='ltr'>memoraret</span> <span class='ocrx_word' id='word_1_202' title='bbox 914 1535 948 1566; x_wconf 89' lang='lat'>?&#39;&#39;</span> <span class='ocrx_word' id='word_1_203' title='bbox 974 1535 1075 1577; x_wconf 83' lang='lat' dir='ltr'>Atqui</span> <span class='ocrx_word' id='word_1_204' title='bbox 1093 1541 1250 1565; x_wconf 79' lang='lat' dir='ltr'>memorat</span> <span class='ocrx_word' id='word_1_205' title='bbox 1275 1541 1439 1574; x_wconf 84' lang='lat' dir='ltr'><strong>tamquam</strong></span> <span class='ocrx_word' id='word_1_206' title='bbox 1469 1535 1575 1575; x_wconf 60' lang='lat' dir='ltr'>poeta,</span> <span class='ocrx_word' id='word_1_207' title='bbox 1603 1532 1656 1575; x_wconf 78' lang='lat' dir='ltr'>eui</span> 
     </span>
     <span class='ocr_line' id='line_1_21' title="bbox 338 1583 1650 1628; baseline -0.005 -5"><span class='ocrx_word' id='word_1_208' title='bbox 338 1593 478 1625; x_wconf 80' lang='lat' dir='ltr'>liberum</span> <span class='ocrx_word' id='word_1_209' title='bbox 496 1591 538 1621; x_wconf 86' lang='lat' dir='ltr'>est</span> <span class='ocrx_word' id='word_1_210' title='bbox 555 1598 587 1621; x_wconf 83' lang='lat' dir='ltr'>et</span> <span class='ocrx_word' id='word_1_211' title='bbox 603 1589 662 1620; x_wconf 73' lang='lat' dir='ltr'>esse</span> <span class='ocrx_word' id='word_1_212' title='bbox 687 1587 792 1625; x_wconf 81' lang='lat' dir='ltr'>debet,</span> <span class='ocrx_word' id='word_1_213' title='bbox 818 1587 863 1617; x_wconf 79' lang='lat' dir='ltr'>ita</span> <span class='ocrx_word' id='word_1_214' title='bbox 893 1593 1088 1628; x_wconf 78' lang='lat' dir='ltr'>permutare3</span> <span class='ocrx_word' id='word_1_215' title='bbox 1113 1584 1232 1626; x_wconf 82' lang='lat' dir='ltr'>alioqui</span> <span class='ocrx_word' id='word_1_216' title='bbox 1263 1584 1401 1615; x_wconf 83' lang='lat' dir='ltr'>concidit</span> <span class='ocrx_word' id='word_1_217' title='bbox 1425 1591 1493 1615; x_wconf 82' lang='lat' dir='ltr'>tota</span> <span class='ocrx_word' id='word_1_218' title='bbox 1515 1583 1650 1626; x_wconf 85' lang='lat' dir='ltr'>po&#39;e&#39;tica.</span> 
     </span>
     <span class='ocr_line' id='line_1_22' title="bbox 342 1637 1657 1683; baseline -0.005 -8"><span class='ocrx_word' id='word_1_219' title='bbox 342 1644 545 1675; x_wconf 79' lang='lat' dir='ltr'>Burmannus</span> <span class='ocrx_word' id='word_1_220' title='bbox 559 1641 689 1683; x_wconf 67' lang='lat' dir='ltr'>praefert</span> <span class='ocrx_word' id='word_1_221' title='bbox 706 1649 823 1682; x_wconf 68' lang='lat' dir='ltr'>nepotes,</span> <span class='ocrx_word' id='word_1_222' title='bbox 837 1648 877 1668; x_wconf 88' lang='lat' dir='ltr'>ne</span> <span class='ocrx_word' id='word_1_223' title='bbox 898 1637 947 1668; x_wconf 84' lang='lat' dir='ltr'>bis</span> <span class='ocrx_word' id='word_1_224' title='bbox 972 1637 1059 1668; x_wconf 83' lang='lat' dir='ltr'>idem</span> <span class='ocrx_word' id='word_1_225' title='bbox 1087 1637 1170 1667; x_wconf 83' lang='lat' dir='ltr'>dicat</span> <span class='ocrx_word' id='word_1_226' title='bbox 1193 1637 1300 1677; x_wconf 65' lang='lat' dir='ltr'>poeta,</span> <span class='ocrx_word' id='word_1_227' title='bbox 1323 1638 1450 1679; x_wconf 82' lang='lat' dir='ltr'>patriam</span> <span class='ocrx_word' id='word_1_228' title='bbox 1470 1643 1501 1666; x_wconf 90' lang='lat' dir='ltr'>et</span> <span class='ocrx_word' id='word_1_229' title='bbox 1518 1645 1657 1679; x_wconf 78' lang='lat' dir='ltr'>penates.-</span> 
     </span>
     <span class='ocr_line' id='line_1_23' title="bbox 340 1686 1655 1737; baseline -0.006 -12"><span class='ocrx_word' id='word_1_230' title='bbox 340 1695 398 1737; x_wconf 81' lang='lat' dir='ltr'>qui</span> <span class='ocrx_word' id='word_1_231' title='bbox 415 1703 518 1725; x_wconf 80' lang='lat' dir='ltr'><strong>metus</strong></span> <span class='ocrx_word' id='word_1_232' title='bbox 533 1693 643 1734; x_wconf 82' lang='lat' dir='ltr'><strong>utique</strong></span> <span class='ocrx_word' id='word_1_233' title='bbox 663 1702 763 1722; x_wconf 83' lang='lat' dir='ltr'><strong>vanus</strong></span> <span class='ocrx_word' id='word_1_234' title='bbox 779 1689 853 1721; x_wconf 81' lang='lat' dir='ltr'>esset</span> <span class='ocrx_word' id='word_1_235' title='bbox 867 1701 875 1727; x_wconf 93' lang='lat'>;</span> <span class='ocrx_word' id='word_1_236' title='bbox 897 1699 972 1719; x_wconf 80' lang='lat' dir='ltr'>nam</span> <span class='ocrx_word' id='word_1_237' title='bbox 983 1691 1084 1731; x_wconf 80' lang='lat' dir='ltr'>patria</span> <span class='ocrx_word' id='word_1_238' title='bbox 1100 1697 1300 1729; x_wconf 80' lang='lat' dir='ltr'><strong>nequaquam</strong></span> <span class='ocrx_word' id='word_1_239' title='bbox 1312 1687 1352 1717; x_wconf 87' lang='lat' dir='ltr'>ad</span> <span class='ocrx_word' id='word_1_240' title='bbox 1367 1686 1535 1728; x_wconf 74' lang='lat' dir='ltr'><strong>tugurium</strong></span> <span class='ocrx_word' id='word_1_241' title='bbox 1550 1686 1655 1728; x_wconf 86' lang='lat' dir='ltr'><strong>ipsum</strong></span> 
     </span>
     <span class='ocr_line' id='line_1_24' title="bbox 340 1738 1660 1787; baseline -0.007 -9"><span class='ocrx_word' id='word_1_242' title='bbox 340 1747 483 1780; x_wconf 80' lang='lat' dir='ltr'>revocari</span> <span class='ocrx_word' id='word_1_243' title='bbox 499 1745 612 1787; x_wconf 78' lang='lat' dir='ltr'>potest,</span> <span class='ocrx_word' id='word_1_244' title='bbox 629 1744 682 1775; x_wconf 81' lang='lat' dir='ltr'>sed</span> <span class='ocrx_word' id='word_1_245' title='bbox 697 1750 803 1774; x_wconf 78' lang='lat' dir='ltr'><strong>totum</strong></span> <span class='ocrx_word' id='word_1_246' title='bbox 819 1752 883 1779; x_wconf 86' lang='lat' dir='ltr'><strong>rus,</strong></span> <span class='ocrx_word' id='word_1_247' title='bbox 897 1740 1005 1771; x_wconf 79' lang='lat' dir='ltr'><strong>vicum</strong></span> <span class='ocrx_word' id='word_1_248' title='bbox 1022 1748 1053 1771; x_wconf 86' lang='lat' dir='ltr'>et</span> <span class='ocrx_word' id='word_1_249' title='bbox 1070 1751 1173 1782; x_wconf 82' lang='lat' dir='ltr'>agros,</span> <span class='ocrx_word' id='word_1_250' title='bbox 1188 1738 1358 1781; x_wconf 57' lang='lat' dir='ltr'>compleo&amp;</span> <span class='ocrx_word' id='word_1_251' title='bbox 1370 1739 1475 1777; x_wconf 86' lang='lat' dir='ltr'>debet,</span> <span class='ocrx_word' id='word_1_252' title='bbox 1488 1746 1524 1770; x_wconf 83' lang='lat' dir='ltr'><strong>ut</strong></span> <span class='ocrx_word' id='word_1_253' title='bbox 1537 1738 1660 1780; x_wconf 76' lang='lat' dir='ltr'>Ecloga.</span> 
     </span>
     <span class='ocr_line' id='line_1_25' title="bbox 342 1790 1660 1838; baseline -0.007 -8"><span class='ocrx_word' id='word_1_254' title='bbox 342 1801 369 1838; x_wconf 85' lang='grc' dir='ltr'>Ι,</span> <span class='ocrx_word' id='word_1_255' title='bbox 386 1809 413 1838; x_wconf 85' lang='lat'>3.</span> <span class='ocrx_word' id='word_1_256' title='bbox 438 1809 466 1836; x_wconf 83' lang='lat'>4.</span> <span class='ocrx_word' id='word_1_257' title='bbox 487 1798 536 1831; x_wconf 85' lang='lat'>68.</span> <span class='ocrx_word' id='word_1_258' title='bbox 583 1798 714 1828; x_wconf 68' lang='lat' dir='ltr'>Patriam</span> <span class='ocrx_word' id='word_1_259' title='bbox 731 1795 769 1825; x_wconf 85' lang='lat' dir='ltr'>de</span> <span class='ocrx_word' id='word_1_260' title='bbox 784 1804 868 1836; x_wconf 75' lang='lat' dir='ltr'>pago</span> <span class='ocrx_word' id='word_1_261' title='bbox 886 1792 1026 1822; x_wconf 81' lang='lat' dir='ltr'>Romani</span> <span class='ocrx_word' id='word_1_262' title='bbox 1051 1803 1117 1823; x_wconf 90' lang='lat' dir='ltr'>non</span> <span class='ocrx_word' id='word_1_263' title='bbox 1133 1792 1248 1823; x_wconf 81' lang='lat' dir='ltr'>dixere.</span> <span class='ocrx_word' id='word_1_264' title='bbox 1293 1791 1452 1832; x_wconf 82' lang='lat' dir='ltr'><strong>Equidem</strong></span> <span class='ocrx_word' id='word_1_265' title='bbox 1475 1790 1578 1822; x_wconf 81' lang='lat' dir='ltr'>fateor</span> <span class='ocrx_word' id='word_1_266' title='bbox 1603 1800 1660 1825; x_wconf 69' lang='lat' dir='ltr'>me</span> 
     </span>
    </p>
   </div>
   <div class='ocr_carea' id='block_1_6' title="bbox 429 1052 512 1057">
    <p class='ocr_par' dir='ltr' id='par_1_6' title="bbox 429 1052 512 1057">
     <span class='ocr_line' id='line_1_26' title="bbox 429 1052 512 1057; baseline 0 0"><span class='ocrx_word' id='word_1_267' title='bbox 429 1052 512 1057; x_wconf 95' lang='lat' dir='ltr'> </span> 
     </span>
    </p>
   </div>
   <div class='ocr_carea' id='block_1_7' title="bbox 331 1101 417 1108">
    <p class='ocr_par' dir='ltr' id='par_1_7' title="bbox 331 1101 417 1108">
     <span class='ocr_line' id='line_1_27' title="bbox 331 1101 417 1108; baseline 0 2273"><span class='ocrx_word' id='word_1_268' title='bbox 331 1101 417 1108; x_wconf 95' lang='lat' dir='ltr'> </span> 
     </span>
    </p>
   </div>
   <div class='ocr_carea' id='block_1_8' title="bbox 1484 1144 1568 1150">
    <p class='ocr_par' dir='ltr' id='par_1_8' title="bbox 1484 1144 1568 1150">
     <span class='ocr_line' id='line_1_28' title="bbox 1484 1144 1568 1150; baseline 0 0"><span class='ocrx_word' id='word_1_269' title='bbox 1484 1144 1568 1150; x_wconf 95' lang='lat' dir='ltr'> </span> 
     </span>
    </p>
   </div>
   <div class='ocr_carea' id='block_1_9' title="bbox 343 1840 1666 2083">
    <p class='ocr_par' dir='ltr' id='par_1_9' title="bbox 343 1840 1666 2042">
     <span class='ocr_line' id='line_1_29' title="bbox 345 1840 1661 1889; baseline -0.008 -7"><span class='ocrx_word' id='word_1_270' title='bbox 345 1852 386 1882; x_wconf 79' lang='lat' dir='ltr'>ad</span> <span class='ocrx_word' id='word_1_271' title='bbox 402 1850 461 1881; x_wconf 84' lang='lat' dir='ltr'>hoc</span> <span class='ocrx_word' id='word_1_272' title='bbox 478 1847 612 1886; x_wconf 79' lang='lat' dir='ltr'>haerere,</span> <span class='ocrx_word' id='word_1_273' title='bbox 628 1847 713 1889; x_wconf 84' lang='lat' dir='ltr'><strong>quod</strong></span> <span class='ocrx_word' id='word_1_274' title='bbox 727 1848 856 1888; x_wconf 73' lang='lat' dir='ltr'>patriam</span> <span class='ocrx_word' id='word_1_275' title='bbox 882 1855 920 1874; x_wconf 83' lang='lat' dir='ltr'>ex</span> <span class='ocrx_word' id='word_1_276' title='bbox 947 1854 1053 1875; x_wconf 77' lang='lat' dir='ltr'><strong>annuo</strong></span> <span class='ocrx_word' id='word_1_277' title='bbox 1076 1843 1183 1874; x_wconf 81' lang='lat' dir='ltr'>labore</span> <span class='ocrx_word' id='word_1_278' title='bbox 1197 1842 1346 1874; x_wconf 82' lang='lat' dir='ltr'>sustinere</span> <span class='ocrx_word' id='word_1_279' title='bbox 1363 1842 1480 1873; x_wconf 85' lang='lat' dir='ltr'>dicitur</span> <span class='ocrx_word' id='word_1_280' title='bbox 1497 1840 1661 1883; x_wconf 80' lang='lat' dir='ltr'>agricola;</span> 
     </span>
     <span class='ocr_line' id='line_1_30' title="bbox 343 1893 1663 1938; baseline -0.008 -4"><span class='ocrx_word' id='word_1_281' title='bbox 343 1903 398 1935; x_wconf 84' lang='lat' dir='ltr'>vix</span> <span class='ocrx_word' id='word_1_282' title='bbox 412 1902 498 1932; x_wconf 88' lang='lat' dir='ltr'>enim</span> <span class='ocrx_word' id='word_1_283' title='bbox 514 1901 575 1931; x_wconf 86' lang='lat' dir='ltr'>hoc</span> <span class='ocrx_word' id='word_1_284' title='bbox 593 1899 685 1929; x_wconf 80' lang='lat' dir='ltr'>aliter</span> <span class='ocrx_word' id='word_1_285' title='bbox 700 1896 769 1927; x_wconf 80' lang='lat' dir='ltr'>fieri</span> <span class='ocrx_word' id='word_1_286' title='bbox 786 1895 888 1938; x_wconf 80' lang='lat' dir='ltr'>potest</span> <span class='ocrx_word' id='word_1_287' title='bbox 905 1905 1001 1936; x_wconf 81' lang='lat' dir='ltr'><strong>quam</strong></span> <span class='ocrx_word' id='word_1_288' title='bbox 1014 1895 1205 1926; x_wconf 75' lang='lat' dir='ltr'>conferendo</span> <span class='ocrx_word' id='word_1_289' title='bbox 1221 1894 1254 1925; x_wconf 86' lang='lat' dir='ltr'>in</span> <span class='ocrx_word' id='word_1_290' title='bbox 1265 1893 1427 1936; x_wconf 75' lang='lat' dir='ltr'><strong>publicum</strong></span> <span class='ocrx_word' id='word_1_291' title='bbox 1443 1900 1476 1924; x_wconf 84' lang='lat' dir='ltr'>et</span> <span class='ocrx_word' id='word_1_292' title='bbox 1491 1893 1608 1924; x_wconf 85' lang='lat' dir='ltr'>militia</span> <span class='ocrx_word' id='word_1_293' title='bbox 1623 1902 1663 1924; x_wconf 77' lang='lat' dir='ltr'>ex</span> 
     </span>
     <span class='ocr_line' id='line_1_31' title="bbox 343 1944 1662 1991; baseline -0.008 -7"><span class='ocrx_word' id='word_1_294' title='bbox 343 1953 479 1984; x_wconf 52' lang='lat' dir='ltr'>deiefflm.</span> <span class='ocrx_word' id='word_1_295' title='bbox 527 1949 628 1991; x_wconf 82' lang='lat' dir='ltr'><strong>Atqui</strong></span> <span class='ocrx_word' id='word_1_296' title='bbox 648 1948 708 1978; x_wconf 86' lang='lat' dir='ltr'>hoc</span> <span class='ocrx_word' id='word_1_297' title='bbox 731 1947 867 1977; x_wconf 80' lang='lat' dir='ltr'><strong>alterum</strong></span> <span class='ocrx_word' id='word_1_298' title='bbox 884 1957 947 1976; x_wconf 89' lang='lat' dir='ltr'>non</span> <span class='ocrx_word' id='word_1_299' title='bbox 964 1956 1002 1976; x_wconf 83' lang='lat' dir='ltr'>ex</span> <span class='ocrx_word' id='word_1_300' title='bbox 1029 1957 1108 1988; x_wconf 82' lang='lat' dir='ltr'>agro</span> <span class='ocrx_word' id='word_1_301' title='bbox 1133 1945 1266 1988; x_wconf 77' lang='lat' dir='ltr'>petitur,</span> <span class='ocrx_word' id='word_1_302' title='bbox 1279 1945 1366 1986; x_wconf 81' lang='lat' dir='ltr'><strong>prius</strong></span> <span class='ocrx_word' id='word_1_303' title='bbox 1386 1955 1451 1975; x_wconf 84' lang='lat' dir='ltr'>non</span> <span class='ocrx_word' id='word_1_304' title='bbox 1479 1944 1522 1975; x_wconf 88' lang='lat' dir='ltr'>est</span> <span class='ocrx_word' id='word_1_305' title='bbox 1539 1945 1662 1975; x_wconf 87' lang='lat' dir='ltr'>Roma-</span> 
     </span>
     <span class='ocr_line' id='line_1_32' title="bbox 346 1995 1666 2042; baseline -0.007 -7"><span class='ocrx_word' id='word_1_306' title='bbox 346 2014 437 2042; x_wconf 86' lang='lat' dir='ltr'><strong>num,</strong></span> <span class='ocrx_word' id='word_1_307' title='bbox 464 2001 521 2033; x_wconf 83' lang='lat' dir='ltr'>illo</span> <span class='ocrx_word' id='word_1_308' title='bbox 547 2000 658 2032; x_wconf 74' lang='lat' dir='ltr'>saltem</span> <span class='ocrx_word' id='word_1_309' title='bbox 685 2005 850 2040; x_wconf 79' lang='lat' dir='ltr'>tempore3</span> <span class='ocrx_word' id='word_1_310' title='bbox 874 1998 1033 2042; x_wconf 66' lang='lat' dir='ltr'>Vcffigalia</span> <span class='ocrx_word' id='word_1_311' title='bbox 1061 1997 1145 2041; x_wconf 83' lang='lat' dir='ltr'><strong>apud</strong></span> <span class='ocrx_word' id='word_1_312' title='bbox 1168 1996 1283 2028; x_wconf 82' lang='lat' dir='ltr'>Horat.</span> <span class='ocrx_word' id='word_1_313' title='bbox 1308 1997 1363 2035; x_wconf 78' lang='lat' dir='ltr'>m,</span> <span class='ocrx_word' id='word_1_314' title='bbox 1391 1996 1442 2035; x_wconf 87' lang='lat'>16,</span> <span class='ocrx_word' id='word_1_315' title='bbox 1474 2005 1518 2034; x_wconf 89' lang='lat'>40</span> <span class='ocrx_word' id='word_1_316' title='bbox 1542 1995 1666 2032; x_wconf 56' lang='lat' dir='ltr'>reditus</span> 
     </span>
    </p>

    <p class='ocr_par' dir='ltr' id='par_1_10' title="bbox 1591 2046 1665 2083">
     <span class='ocr_line' id='line_1_33' title="bbox 1591 2046 1665 2083; baseline 0 -5"><span class='ocrx_word' id='word_1_317' title='bbox 1591 2046 1665 2083; x_wconf 70' lang='lat' dir='ltr'><strong>sunt</strong></span> 
     </span>
    </p>
   </div>
   <div class='ocr_carea' id='block_1_10' title="bbox 348 2163 982 2322">
    <p class='ocr_par' dir='ltr' id='par_1_11' title="bbox 348 2163 982 2322">
     <span class='ocr_line' id='line_1_34' title="bbox 348 2163 978 2218; baseline -0.008 -12"><span class='ocrx_word' id='word_1_318' title='bbox 348 2166 440 2218; x_wconf 73' lang='lat' dir='ltr'>(vid.</span> <span class='ocrx_word' id='word_1_319' title='bbox 476 2168 533 2205; x_wconf 87' lang='lat' dir='ltr'>vel</span> <span class='ocrx_word' id='word_1_320' title='bbox 562 2165 696 2205; x_wconf 83' lang='lat' dir='ltr'>Horat.</span> <span class='ocrx_word' id='word_1_321' title='bbox 723 2164 743 2201; x_wconf 92' lang='lat' dir='ltr'>I</span> <span class='ocrx_word' id='word_1_322' title='bbox 769 2163 893 2202; x_wconf 84' lang='lat' dir='ltr'><strong>Carm.</strong></span> <span class='ocrx_word' id='word_1_323' title='bbox 916 2175 978 2201; x_wconf 89' lang='lat'>20.</span> 
     </span>
     <span class='ocr_line' id='line_1_35' title="bbox 348 2220 764 2271; baseline -0.012 -13"><span class='ocrx_word' id='word_1_324' title='bbox 348 2221 404 2264; x_wconf 86' lang='grc' dir='ltr'>ΙΙ,</span> <span class='ocrx_word' id='word_1_325' title='bbox 429 2233 488 2271; x_wconf 90' lang='lat'>17,</span> <span class='ocrx_word' id='word_1_326' title='bbox 508 2220 574 2271; x_wconf 79' lang='lat'>25)</span> <span class='ocrx_word' id='word_1_327' title='bbox 597 2232 648 2255; x_wconf 84' lang='lat' dir='ltr'>res</span> <span class='ocrx_word' id='word_1_328' title='bbox 665 2227 764 2254; x_wconf 79' lang='lat' dir='ltr'>nota.</span> 
     </span>
     <span class='ocr_line' id='line_1_36' title="bbox 405 2266 982 2322; baseline -0.017 -12"><span class='ocrx_word' id='word_1_329' title='bbox 405 2286 423 2322; x_wconf 76' lang='grc' dir='ltr'><em>ς</em></span> <span class='ocrx_word' id='word_1_330' title='bbox 434 2287 445 2309; x_wconf 93' lang='lat'>1</span> <span class='ocrx_word' id='word_1_331' title='bbox 453 2285 571 2321; x_wconf 78' lang='grc'>0-51</span> <span class='ocrx_word' id='word_1_332' title='bbox 583 2283 618 2307; x_wconf 84' lang='lat'>2.</span> <span class='ocrx_word' id='word_1_333' title='bbox 673 2269 829 2306; x_wconf 74' lang='lat' dir='ltr'>Gaudent</span> <span class='ocrx_word' id='word_1_334' title='bbox 849 2266 982 2316; x_wconf 68' lang='lat' dir='ltr'>perfzfi</span> 
     </span>
    </p>
   </div>
   <div class='ocr_carea' id='block_1_11' title="bbox 1029 2158 1672 2315">
    <p class='ocr_par' dir='ltr' id='par_1_12' title="bbox 1029 2158 1672 2315">
     <span class='ocr_line' id='line_1_37' title="bbox 1043 2158 1667 2213; baseline 0 -16"><span class='ocrx_word' id='word_1_335' title='bbox 1043 2160 1211 2213; x_wconf 77' lang='lat' dir='ltr'>Sanguine</span> <span class='ocrx_word' id='word_1_336' title='bbox 1241 2158 1345 2199; x_wconf 74' lang='lat' dir='ltr'>civili</span> <span class='ocrx_word' id='word_1_337' title='bbox 1371 2174 1437 2196; x_wconf 87' lang='lat' dir='ltr'>rem</span> <span class='ocrx_word' id='word_1_338' title='bbox 1474 2161 1667 2208; x_wconf 72' lang='lat' dir='ltr'><em>c07fianl—‘-</em></span> 
     </span>
     <span class='ocr_line' id='line_1_38' title="bbox 1044 2211 1672 2263; baseline -0.003 -14"><span class='ocrx_word' id='word_1_339' title='bbox 1044 2211 1202 2250; x_wconf 78' lang='lat' dir='ltr'>Crudeles</span> <span class='ocrx_word' id='word_1_340' title='bbox 1212 2214 1362 2263; x_wconf 74' lang='lat' dir='ltr'>gaudent</span> <span class='ocrx_word' id='word_1_341' title='bbox 1387 2216 1423 2247; x_wconf 86' lang='lat' dir='ltr'>in</span> <span class='ocrx_word' id='word_1_342' title='bbox 1447 2212 1535 2260; x_wconf 70' lang='lat' dir='ltr'>trssi</span> <span class='ocrx_word' id='word_1_343' title='bbox 1543 2215 1672 2262; x_wconf 76' lang='lat' dir='ltr'>fitnere</span> 
     </span>
     <span class='ocr_line' id='line_1_39' title="bbox 1029 2261 1669 2315; baseline 0 -15"><span class='ocrx_word' id='word_1_344' title='bbox 1029 2269 1189 2315; x_wconf 70' lang='lat' dir='ltr'><em>fratrmn</em></span> <span class='ocrx_word' id='word_1_345' title='bbox 1202 2280 1216 2309; x_wconf 92' lang='lat'>,·</span> <span class='ocrx_word' id='word_1_346' title='bbox 1267 2276 1374 2312; x_wconf 82' lang='lat' dir='ltr'><strong>quem</strong></span> <span class='ocrx_word' id='word_1_347' title='bbox 1393 2261 1454 2298; x_wconf 83' lang='lat' dir='ltr'>hic</span> <span class='ocrx_word' id='word_1_348' title='bbox 1472 2264 1669 2312; x_wconf 82' lang='lat' dir='ltr'>expreffum</span> 
     </span>
    </p>
   </div>
   <div class='ocr_carea' id='block_1_12' title="bbox 337 2316 987 2937">
    <p class='ocr_par' dir='ltr' id='par_1_13' title="bbox 337 2316 987 2937">
     <span class='ocr_line' id='line_1_40' title="bbox 337 2316 977 2376; baseline -0.017 -14"><span class='ocrx_word' id='word_1_349' title='bbox 337 2324 486 2376; x_wconf 73' lang='lat' dir='ltr'><strong><em>ff-,h.</em></strong></span> <span class='ocrx_word' id='word_1_350' title='bbox 503 2336 536 2360; x_wconf 84' lang='lat' dir='ltr'>e.</span> <span class='ocrx_word' id='word_1_351' title='bbox 551 2321 707 2372; x_wconf 85' lang='lat' dir='ltr'>gaudent</span> <span class='ocrx_word' id='word_1_352' title='bbox 721 2318 784 2356; x_wconf 75' lang='lat' dir='ltr'>alii</span> <span class='ocrx_word' id='word_1_353' title='bbox 796 2316 977 2368; x_wconf 79' lang='lat' dir='ltr'>perfundi,</span> 
     </span>
     <span class='ocr_line' id='line_1_41' title="bbox 349 2371 977 2425; baseline -0.016 -12"><span class='ocrx_word' id='word_1_354' title='bbox 349 2389 396 2413; x_wconf 79' lang='lat' dir='ltr'>ex</span> <span class='ocrx_word' id='word_1_355' title='bbox 414 2387 532 2425; x_wconf 66' lang='lat' dir='ltr'>graeco</span> <span class='ocrx_word' id='word_1_356' title='bbox 550 2385 661 2410; x_wconf 84' lang='lat' dir='ltr'>more.</span> <span class='ocrx_word' id='word_1_357' title='bbox 716 2371 779 2407; x_wconf 86' lang='lat' dir='ltr'>Ad</span> <span class='ocrx_word' id='word_1_358' title='bbox 796 2379 977 2406; x_wconf 82' lang='lat' dir='ltr'>veteranos</span> 
     </span>
     <span class='ocr_line' id='line_1_42' title="bbox 350 2420 977 2469; baseline -0.014 -5"><span class='ocrx_word' id='word_1_359' title='bbox 350 2437 469 2464; x_wconf 73' lang='lat' dir='ltr'><strong>autem</strong></span> <span class='ocrx_word' id='word_1_360' title='bbox 486 2434 522 2461; x_wconf 87' lang='lat' dir='ltr'>et</span> <span class='ocrx_word' id='word_1_361' title='bbox 541 2433 684 2461; x_wconf 69' lang='lat' dir='ltr'>caeteros</span> <span class='ocrx_word' id='word_1_362' title='bbox 701 2422 830 2465; x_wconf 74' lang='lat' dir='ltr'>refero,</span> <span class='ocrx_word' id='word_1_363' title='bbox 848 2420 977 2469; x_wconf 87' lang='lat' dir='ltr'><strong>quibus</strong></span> 
     </span>
     <span class='ocr_line' id='line_1_43' title="bbox 351 2470 976 2530; baseline -0.014 -15"><span class='ocrx_word' id='word_1_364' title='bbox 351 2472 509 2530; x_wconf 64' lang='lat' dir='ltr'>psomiffi</span> <span class='ocrx_word' id='word_1_365' title='bbox 526 2489 590 2526; x_wconf 84' lang='lat' dir='ltr'>per</span> <span class='ocrx_word' id='word_1_366' title='bbox 606 2475 699 2511; x_wconf 77' lang='lat' dir='ltr'>bella</span> <span class='ocrx_word' id='word_1_367' title='bbox 721 2472 843 2511; x_wconf 70' lang='lat' dir='ltr'>civilia</span> <span class='ocrx_word' id='word_1_368' title='bbox 877 2470 976 2518; x_wconf 82' lang='lat' dir='ltr'>(hinc</span> 
     </span>
     <span class='ocr_line' id='line_1_44' title="bbox 344 2521 979 2580; baseline -0.014 -13"><span class='ocrx_word' id='word_1_369' title='bbox 344 2531 478 2580; x_wconf 62' lang='lat' dir='ltr'>pmstfi</span> <span class='ocrx_word' id='word_1_370' title='bbox 497 2532 666 2579; x_wconf 73' lang='lat' dir='ltr'>sauguine</span> <span class='ocrx_word' id='word_1_371' title='bbox 689 2526 871 2576; x_wconf 64' lang='lat' dir='ltr'>fimrzzm)</span> <span class='ocrx_word' id='word_1_372' title='bbox 901 2521 979 2572; x_wconf 77' lang='lat' dir='ltr'>agri</span> 
     </span>
     <span class='ocr_line' id='line_1_45' title="bbox 353 2575 981 2630; baseline -0.014 -13"><span class='ocrx_word' id='word_1_373' title='bbox 353 2580 636 2630; x_wconf 75' lang='lat' dir='ltr'><strong>assignabantur:</strong></span> <span class='ocrx_word' id='word_1_374' title='bbox 657 2577 709 2613; x_wconf 81' lang='lat' dir='ltr'>ita</span> <span class='ocrx_word' id='word_1_375' title='bbox 722 2590 802 2613; x_wconf 88' lang='lat' dir='ltr'><strong>cum</strong></span> <span class='ocrx_word' id='word_1_376' title='bbox 816 2575 981 2623; x_wconf 75' lang='lat' dir='ltr'>sequente</span> 
     </span>
     <span class='ocr_line' id='line_1_46' title="bbox 352 2626 985 2674; baseline -0.013 -6"><span class='ocrx_word' id='word_1_377' title='bbox 352 2632 453 2669; x_wconf 72' lang='lat' dir='ltr'>versu</span> <span class='ocrx_word' id='word_1_378' title='bbox 473 2629 663 2668; x_wconf 62' lang='lat' dir='ltr'>sententias</span> <span class='ocrx_word' id='word_1_379' title='bbox 683 2637 757 2665; x_wconf 82' lang='lat' dir='ltr'>arte</span> <span class='ocrx_word' id='word_1_380' title='bbox 780 2626 985 2674; x_wconf 63' lang='lat' dir='ltr'><strong>conjunRaS</strong></span> 
     </span>
     <span class='ocr_line' id='line_1_47' title="bbox 353 2676 986 2729; baseline -0.014 -9"><span class='ocrx_word' id='word_1_381' title='bbox 353 2683 500 2722; x_wconf 70' lang='lat' dir='ltr'>videas:</span> <span class='ocrx_word' id='word_1_382' title='bbox 531 2680 663 2718; x_wconf 59' lang='lat' dir='ltr'>reliefis</span> <span class='ocrx_word' id='word_1_383' title='bbox 692 2679 786 2729; x_wconf 80' lang='lat' dir='ltr'>agris</span> <span class='ocrx_word' id='word_1_384' title='bbox 803 2676 928 2727; x_wconf 83' lang='lat' dir='ltr'>patriis</span> <span class='ocrx_word' id='word_1_385' title='bbox 950 2684 986 2712; x_wconf 87' lang='lat' dir='ltr'>et</span> 
     </span>
     <span class='ocr_line' id='line_1_48' title="bbox 356 2725 983 2780; baseline -0.014 -9"><span class='ocrx_word' id='word_1_386' title='bbox 356 2734 433 2771; x_wconf 64' lang='lat' dir='ltr'>solo</span> <span class='ocrx_word' id='word_1_387' title='bbox 452 2733 561 2770; x_wconf 75' lang='lat' dir='ltr'>natali</span> <span class='ocrx_word' id='word_1_388' title='bbox 577 2732 614 2768; x_wconf 83' lang='lat' dir='ltr'>in</span> <span class='ocrx_word' id='word_1_389' title='bbox 625 2731 741 2768; x_wconf 75' lang='lat' dir='ltr'>aliena</span> <span class='ocrx_word' id='word_1_390' title='bbox 750 2727 896 2780; x_wconf 69' lang='lat' dir='ltr'>praedia,</span> <span class='ocrx_word' id='word_1_391' title='bbox 911 2725 983 2764; x_wconf 65' lang='lat' dir='ltr'>alio</span> 
     </span>
     <span class='ocr_line' id='line_1_49' title="bbox 354 2779 986 2830; baseline -0.013 -8"><span class='ocrx_word' id='word_1_392' title='bbox 354 2786 420 2822; x_wconf 82' lang='lat' dir='ltr'>sub</span> <span class='ocrx_word' id='word_1_393' title='bbox 439 2786 527 2821; x_wconf 78' lang='lat' dir='ltr'>caelo</span> <span class='ocrx_word' id='word_1_394' title='bbox 545 2784 622 2827; x_wconf 73' lang='lat' dir='ltr'>sita,</span> <span class='ocrx_word' id='word_1_395' title='bbox 639 2781 865 2830; x_wconf 70' lang='lat' dir='ltr'><strong>immigrant.</strong></span> <span class='ocrx_word' id='word_1_396' title='bbox 911 2779 986 2816; x_wconf 88' lang='lat' dir='ltr'><strong>Lu-</strong></span> 
     </span>
     <span class='ocr_line' id='line_1_50' title="bbox 357 2830 986 2882; baseline -0.014 -8"><span class='ocrx_word' id='word_1_397' title='bbox 357 2835 460 2874; x_wconf 71' lang='lat' dir='ltr'>cretii</span> <span class='ocrx_word' id='word_1_398' title='bbox 481 2834 598 2872; x_wconf 79' lang='lat' dir='ltr'>versus</span> <span class='ocrx_word' id='word_1_399' title='bbox 615 2834 695 2870; x_wconf 70' lang='lat' dir='ltr'><strong>sunt</strong></span> <span class='ocrx_word' id='word_1_400' title='bbox 712 2832 786 2876; x_wconf 74' lang='lat' dir='ltr'>HI,</span> <span class='ocrx_word' id='word_1_401' title='bbox 805 2845 853 2882; x_wconf 86' lang='lat'>70</span> <span class='ocrx_word' id='word_1_402' title='bbox 886 2830 986 2866; x_wconf 86' lang='lat' dir='ltr'>Dum</span> 
     </span>
     <span class='ocr_line' id='line_1_51' title="bbox 358 2880 987 2937; baseline -0.014 -11"><span class='ocrx_word' id='word_1_403' title='bbox 358 2887 524 2927; x_wconf 77' lang='lat' dir='ltr'>homines</span> <span class='ocrx_word' id='word_1_404' title='bbox 552 2894 796 2937; x_wconf 75' lang='lat' dir='ltr'>paupertatem</span> <span class='ocrx_word' id='word_1_405' title='bbox 825 2880 987 2933; x_wconf 76' lang='lat' dir='ltr'><strong>fugiunt,</strong></span> 
     </span>
    </p>
   </div>
   <div class='ocr_carea' id='block_1_13' title="bbox 1040 2313 1689 2968">
    <p class='ocr_par' dir='ltr' id='par_1_14' title="bbox 1040 2313 1676 2571">
     <span class='ocr_line' id='line_1_52' title="bbox 1043 2313 1672 2364; baseline -0.002 -12"><span class='ocrx_word' id='word_1_406' title='bbox 1043 2316 1122 2360; x_wconf 82' lang='lat' dir='ltr'>effe,</span> <span class='ocrx_word' id='word_1_407' title='bbox 1136 2315 1211 2364; x_wconf 84' lang='lat' dir='ltr'>jam</span> <span class='ocrx_word' id='word_1_408' title='bbox 1230 2328 1250 2351; x_wconf 89' lang='lat' dir='ltr'>a</span> <span class='ocrx_word' id='word_1_409' title='bbox 1269 2313 1464 2350; x_wconf 83' lang='lat' dir='ltr'>Macrobio</span> <span class='ocrx_word' id='word_1_410' title='bbox 1491 2314 1672 2352; x_wconf 90' lang='lat' dir='ltr'><strong>monitum</strong></span> 
     </span>
     <span class='ocr_line' id='line_1_53' title="bbox 1044 2365 1673 2417; baseline 0 -14"><span class='ocrx_word' id='word_1_411' title='bbox 1044 2367 1118 2404; x_wconf 82' lang='lat' dir='ltr'><strong>Sat.</strong></span> <span class='ocrx_word' id='word_1_412' title='bbox 1138 2366 1210 2410; x_wconf 90' lang='lat' dir='ltr'>VI,</span> <span class='ocrx_word' id='word_1_413' title='bbox 1227 2381 1262 2404; x_wconf 84' lang='lat'>2.</span> <span class='ocrx_word' id='word_1_414' title='bbox 1321 2378 1360 2417; x_wconf 73' lang='lat'>51</span> <span class='ocrx_word' id='word_1_415' title='bbox 1374 2379 1406 2403; x_wconf 81' lang='lat'>1.</span> <span class='ocrx_word' id='word_1_416' title='bbox 1425 2365 1564 2414; x_wconf 83' lang='lat' dir='ltr'>Exfilio,</span> <span class='ocrx_word' id='word_1_417' title='bbox 1583 2366 1673 2403; x_wconf 83' lang='lat' dir='ltr'><strong>dum</strong></span> 
     </span>
     <span class='ocr_line' id='line_1_54' title="bbox 1040 2416 1672 2467; baseline 0 -12"><span class='ocrx_word' id='word_1_418' title='bbox 1040 2418 1081 2455; x_wconf 82' lang='lat' dir='ltr'>in</span> <span class='ocrx_word' id='word_1_419' title='bbox 1107 2418 1268 2455; x_wconf 85' lang='lat' dir='ltr'>colonias</span> <span class='ocrx_word' id='word_1_420' title='bbox 1294 2416 1534 2454; x_wconf 78' lang='lat' dir='ltr'><strong>deducuntur.</strong></span> <span class='ocrx_word' id='word_1_421' title='bbox 1587 2430 1672 2467; x_wconf 83' lang='lat'>5¹¹·</span> 
     </span>
     <span class='ocr_line' id='line_1_55' title="bbox 1043 2467 1673 2512; baseline -0.003 -6"><span class='ocrx_word' id='word_1_422' title='bbox 1043 2469 1132 2507; x_wconf 86' lang='lat' dir='ltr'>Fere</span> <span class='ocrx_word' id='word_1_423' title='bbox 1150 2478 1189 2506; x_wconf 91' lang='lat' dir='ltr'><strong>ut</strong></span> <span class='ocrx_word' id='word_1_424' title='bbox 1209 2469 1345 2512; x_wconf 83' lang='lat' dir='ltr'>Horat.</span> <span class='ocrx_word' id='word_1_425' title='bbox 1367 2467 1459 2505; x_wconf 85' lang='lat' dir='ltr'><strong>illud</strong></span> <span class='ocrx_word' id='word_1_426' title='bbox 1477 2467 1531 2511; x_wconf 93' lang='lat' dir='ltr'>II,</span> <span class='ocrx_word' id='word_1_427' title='bbox 1548 2471 1608 2512; x_wconf 89' lang='lat'>16,</span> <span class='ocrx_word' id='word_1_428' title='bbox 1630 2470 1673 2504; x_wconf 86' lang='lat'>18</span> 
     </span>
     <span class='ocr_line' id='line_1_56' title="bbox 1043 2518 1676 2571; baseline 0 -14"><span class='ocrx_word' id='word_1_429' title='bbox 1043 2522 1142 2571; x_wconf 71' lang='lat' dir='ltr'>Qicl</span> <span class='ocrx_word' id='word_1_430' title='bbox 1155 2533 1263 2559; x_wconf 75' lang='lat' dir='ltr'>terras</span> <span class='ocrx_word' id='word_1_431' title='bbox 1279 2520 1344 2558; x_wconf 85' lang='lat' dir='ltr'>alio</span> <span class='ocrx_word' id='word_1_432' title='bbox 1361 2518 1501 2557; x_wconf 75' lang='lat' dir='ltr'>calentes</span> <span class='ocrx_word' id='word_1_433' title='bbox 1515 2520 1586 2570; x_wconf 86' lang='lat' dir='ltr'>sole</span> <span class='ocrx_word' id='word_1_434' title='bbox 1604 2535 1676 2558; x_wconf 84' lang='lat' dir='ltr'>mu-</span> 
     </span>
    </p>

    <p class='ocr_par' dir='ltr' id='par_1_15' title="bbox 1047 2575 1689 2968">
     <span class='ocr_line' id='line_1_57' title="bbox 1047 2575 1186 2611; baseline -0.007 0"><span class='ocrx_word' id='word_1_435' title='bbox 1047 2585 1153 2611; x_wconf 75' lang='lat' dir='ltr'><em>tamus</em></span> <span class='ocrx_word' id='word_1_436' title='bbox 1164 2575 1186 2610; x_wconf 64' lang='lat'>5⁹</span> 
     </span>
     <span class='ocr_line' id='line_1_58' title="bbox 1103 2620 1678 2674; baseline -0.007 -13"><span class='ocrx_word' id='word_1_437' title='bbox 1103 2635 1320 2674; x_wconf 75' lang='lat'>513—531.</span> <span class='ocrx_word' id='word_1_438' title='bbox 1375 2621 1579 2658; x_wconf 85' lang='lat' dir='ltr'><strong>Suaviffima</strong></span> <span class='ocrx_word' id='word_1_439' title='bbox 1611 2620 1678 2658; x_wconf 87' lang='lat' dir='ltr'>bo-</span> 
     </span>
     <span class='ocr_line' id='line_1_59' title="bbox 1052 2671 1678 2724; baseline -0.006 -12"><span class='ocrx_word' id='word_1_440' title='bbox 1052 2688 1195 2718; x_wconf 87' lang='lat' dir='ltr'><strong>norum,</strong></span> <span class='ocrx_word' id='word_1_441' title='bbox 1225 2687 1305 2724; x_wconf 83' lang='lat' dir='ltr'><strong>quae</strong></span> <span class='ocrx_word' id='word_1_442' title='bbox 1321 2672 1397 2711; x_wconf 85' lang='lat' dir='ltr'>vita</span> <span class='ocrx_word' id='word_1_443' title='bbox 1414 2673 1540 2710; x_wconf 81' lang='lat' dir='ltr'>rustica</span> <span class='ocrx_word' id='word_1_444' title='bbox 1555 2671 1678 2715; x_wconf 83' lang='lat' dir='ltr'>habet.</span> 
     </span>
     <span class='ocr_line' id='line_1_60' title="bbox 1049 2724 1679 2776; baseline -0.006 -12"><span class='ocrx_word' id='word_1_445' title='bbox 1049 2725 1257 2776; x_wconf 84' lang='lat' dir='ltr'>descriptio.</span> <span class='ocrx_word' id='word_1_446' title='bbox 1330 2738 1416 2776; x_wconf 80' lang='lat'>514.</span> <span class='ocrx_word' id='word_1_447' title='bbox 1453 2724 1550 2761; x_wconf 85' lang='lat' dir='ltr'><em>labor</em></span> <span class='ocrx_word' id='word_1_448' title='bbox 1579 2730 1679 2768; x_wconf 83' lang='lat' dir='ltr'><em>anni,</em></span> 
     </span>
     <span class='ocr_line' id='line_1_61' title="bbox 1049 2773 1682 2829; baseline -0.008 -14"><span class='ocrx_word' id='word_1_449' title='bbox 1049 2790 1265 2829; x_wconf 84' lang='lat' dir='ltr'><strong>perannum,</strong></span> <span class='ocrx_word' id='word_1_450' title='bbox 1279 2788 1437 2812; x_wconf 84' lang='lat' dir='ltr'><strong>annuum</strong></span> <span class='ocrx_word' id='word_1_451' title='bbox 1449 2788 1536 2825; x_wconf 89' lang='lat' dir='ltr'><strong>opus</strong></span> <span class='ocrx_word' id='word_1_452' title='bbox 1546 2773 1682 2814; x_wconf 83' lang='lat' dir='ltr'>rustici.</span> 
     </span>
     <span class='ocr_line' id='line_1_62' title="bbox 1052 2825 1682 2875; baseline -0.008 -9"><span class='ocrx_word' id='word_1_453' title='bbox 1052 2829 1174 2866; x_wconf 87' lang='lat' dir='ltr'><strong>Subest</strong></span> <span class='ocrx_word' id='word_1_454' title='bbox 1192 2838 1312 2865; x_wconf 88' lang='lat' dir='ltr'>tamen</span> <span class='ocrx_word' id='word_1_455' title='bbox 1339 2826 1441 2864; x_wconf 89' lang='lat' dir='ltr'><strong>fimul</strong></span> <span class='ocrx_word' id='word_1_456' title='bbox 1472 2825 1574 2863; x_wconf 80' lang='lat' dir='ltr'>notio</span> <span class='ocrx_word' id='word_1_457' title='bbox 1597 2838 1682 2875; x_wconf 72' lang='lat' dir='ltr'>pro-</span> 
     </span>
     <span class='ocr_line' id='line_1_63' title="bbox 1052 2876 1681 2922; baseline -0.011 -3"><span class='ocrx_word' id='word_1_458' title='bbox 1052 2892 1176 2919; x_wconf 81' lang='lat' dir='ltr'><strong>ventus</strong></span> <span class='ocrx_word' id='word_1_459' title='bbox 1209 2878 1320 2918; x_wconf 86' lang='lat' dir='ltr'><strong>annui</strong></span> <span class='ocrx_word' id='word_1_460' title='bbox 1336 2877 1397 2916; x_wconf 76' lang='lat' dir='ltr'>&#39;ex</span> <span class='ocrx_word' id='word_1_461' title='bbox 1428 2877 1498 2916; x_wconf 82' lang='lat' dir='ltr'>hoc</span> <span class='ocrx_word' id='word_1_462' title='bbox 1533 2876 1681 2922; x_wconf 72' lang='lat' dir='ltr'>labore3</span> 
     </span>
     <span class='ocr_line' id='line_1_64' title="bbox 1602 2940 1689 2968; baseline 0.023 -2"><span class='ocrx_word' id='word_1_463' title='bbox 1602 2940 1689 2968; x_wconf 66' lang='lat' dir='ltr'>nam</span> 
     </span>
    </p>
   </div>
   <div class='ocr_carea' id='block_1_14' title="bbox 1733 0 1821 3381">
    <p class='ocr_par' dir='ltr' id='par_1_16' title="bbox 1733 0 1821 3381">
     <span class='ocr_line' id='line_1_65' title="bbox 1733 0 1821 3381; baseline 0 0"><span class='ocrx_word' id='word_1_464' title='bbox 1733 0 1821 3381; x_wconf 95' lang='lat' dir='ltr'> </span> 
     </span>
    </p>
   </div>
  </div>
 </body>
</html>
