1987 3361
403 257 935 335 cochlssus
993 283 1135 331 MSS.
1335 301 1435 336 m

193 414 367 464 Primus
389 434 600 481 pergam.
625 415 805 463 offonis
824 423 951 460 cont.
971 411 1206 469 Bucolica,
1227 413 1436 478 Georgi-

122 515 180 547 ca
203 513 247 546 et
282 499 550 546 AEneidem.
622 497 701 544 Ad
735 496 915 542 calcem
953 493 1200 556 Calpurnii
1236 493 1435 558 Eclogae

123 580 304 644 septem
320 606 332 637 3
359 580 508 627 nitide
532 579 745 641 scriptus,
771 577 938 622 litteris
965 575 1224 621 initialibus
1247 578 1437 636 auratis,

124 679 286 709 recens
312 675 484 718 tamen,
500 673 545 707 et
565 662 641 707 vix
666 672 772 706 ante
792 659 896 705 saec.
928 658 1021 704 XV
1041 657 1256 718 scriptus,
1280 657 1338 703 ab
1363 659 1439 704 in-

124 744 265 791 doeio
299 743 403 790 satis
441 743 648 799 librario,
683 758 707 787 e
742 742 868 787 bono
911 752 1071 786 tamen
1105 739 1227 786 libro
1263 740 1438 788 bonam

124 828 252 873 enim
270 828 548 889 plerumque
571 826 822 872 lectionem
840 824 1048 870 exhibet.

191 906 320 951 Alter
339 907 624 961 chartaceus,
655 905 736 952 fol.
763 904 1025 950 admodum
1051 919 1224 960 recens,
1259 921 1344 951 nec
1380 921 1440 952 ex

124 989 311 1051 optimo
330 988 603 1050 exemplari,
623 988 763 1033 habet
782 1000 940 1033 tamen
959 987 1180 1033 lectiones
1199 988 1441 1034 interdum

125 1072 203 1117 vix
221 1071 336 1117 alibi
355 1071 533 1118 obvias.
571 1072 615 1117 A
632 1070 894 1117 recentiore
914 1086 1054 1116 manu
1070 1069 1231 1133 gloffae
1246 1072 1366 1116 inter
1380 1071 1442 1116 li-

124 1167 231 1197 neas
257 1151 539 1213 adscriptae;
576 1152 726 1198 multa
750 1153 911 1209 etiam,
936 1153 1080 1198 modo
1105 1153 1152 1198 in
1190 1153 1441 1200 meliorem

123 1233 270 1279 modo
294 1234 343 1280 in
366 1234 650 1281 deteriorem
675 1234 943 1289 lectionem,
973 1235 1238 1282 emendata.
1311 1235 1443 1282 Prae-

123 1315 256 1363 missa
274 1326 320 1360 et
338 1315 386 1361 in
404 1315 571 1377 primis
585 1315 773 1378 paginis
792 1325 838 1360 et
857 1313 938 1360 sub
954 1315 1189 1377 principia
1208 1315 1442 1364 librorum

123 1398 336 1462 vulgaria
351 1399 399 1444 in
417 1396 675 1460 Virgilium
692 1397 904 1442 carmina
923 1408 968 1442 et
982 1410 1276 1459 argumenta,
1295 1411 1339 1444 et
1355 1398 1441 1446 sub

124 1482 302 1527 calcem
323 1478 527 1543 subjecta
543 1478 647 1524 sunt
668 1479 916 1524 Moretum
938 1491 982 1524 et
1000 1480 1090 1525 alia
1116 1480 1315 1536 minora,
1330 1498 1442 1543 quae

124 1562 208 1609 sub
224 1562 413 1625 Virgilii
437 1562 628 1607 nomine
655 1561 882 1617 feruntur,
906 1563 1130 1619 carmina,
1153 1565 1296 1610 etiam
1321 1581 1441 1612 non-

125 1646 253 1692 nulla
286 1647 449 1704 aliena,
484 1646 891 1709 quemadmodum
937 1645 1208 1691 recentioris
1243 1647 1441 1711 alicujus

123 1727 344 1790 poemata
368 1728 597 1783 funebria,
632 1743 833 1789 quorum
862 1726 1150 1787 compilator
1178 1726 1441 1790 adscriptus

124 1812 217 1857 est:
246 1811 408 1856 Doffor
420 1810 523 1855 hans
539 1809 817 1869 Assellerstatt.
890 1806 1110 1853 Tandem
1128 1806 1313 1853 Servius
1330 1808 1442 1854 sub-

116 1894 350 1958 jungitur,
374 1894 450 1941 sed
473 1894 733 1939 recentiore
756 1903 802 1937 et
825 1889 1015 1937 horrida
1046 1889 1289 1952 scriptura.
1360 1891 1441 1938 Ad

123 1977 456 2028 commentarii
482 1976 532 2022 in
550 1974 788 2037 Georgica
812 1973 994 2019 calcem
1018 1972 1327 2020 subscribitur
1351 1974 1444 2020 Per

126 2064 349 2124 Ccsparem
370 2061 566 2122 Philippi
589 2060 638 2105 de
661 2059 842 2119 dreffilen
865 2075 966 2104 cumo
997 2058 1094 2103 Dm‘
1123 2058 1373 2104 McceCLX
1382 2069 1439 2102 10·

123 2146 259 2193 Idem
280 2162 469 2202 nomen,
494 2144 570 2190 sed
589 2144 683 2190 fine
701 2159 837 2199 anno,
859 2142 942 2189 sub
961 2143 1106 2187 finem
1127 2141 1441 2189 Commenta-

122 2230 181 2276 rii
205 2230 254 2276 in
278 2228 532 2274 AEneidem
556 2226 846 2287 adscriptum
867 2248 878 2278 ;
923 2240 1066 2286 quem
1088 2223 1220 2269 Fabii
1252 2223 1443 2271 Planltae

119 2313 173 2358 de
207 2311 423 2373 Fulgentio
446 2308 603 2370 (Fabii
629 2307 896 2354 Planciadae
936 2305 1198 2369 Fulgentii)
1228 2306 1442 2367 Exposttio

116 2395 396 2457 philosophica
418 2394 622 2440 AEneidos
651 2393 900 2454 Virgilianae
922 2390 1116 2451 excipit.
1188 2388 1226 2434 F
1229 2389 1265 2435 st
1289 2389 1326 2435 is
1351 2406 1438 2435 no-

122 2490 198 2524 tus
221 2478 404 2524 libellus
430 2478 488 2524 de
505 2477 798 2524 continentia
818 2474 1097 2537 Virgiliana.
1163 2472 1311 2519 Hunc
1341 2473 1439 2519 Co-

120 2560 280 2606 dicem
302 2573 615 2607 memoratum
632 2561 788 2606 videas
803 2560 849 2604 in
868 2557 1092 2620 Cypriani
1110 2556 1258 2602 Catal.
1281 2556 1434 2603 Codd.

126 2640 250 2687 Bibl.
277 2641 424 2687 Goth.
449 2658 498 2704 p.
522 2645 595 2699 82,
620 2659 665 2688 n.
691 2639 1018 2696 CCXXXVL
1043 2650 1088 2683 et
1112 2639 1328 2694 alterum,
1351 2638 1436 2699 qui

122 2721 344 2785 sequitur,
369 2740 416 2785 p.
446 2724 549 2781 106,
575 2740 620 2769 n.
650 2723 775 2770 LlV.

188 2807 407 2855 Tandem
431 2811 584 2856 tertius
601 2809 781 2857 octonis
808 2808 962 2855 forma
978 2807 1201 2870 oblonga,
1223 2804 1436 2850 continet

254 2888 393 2936 TOM.
434 2905 469 2937 Ι.
860 2906 887 2937 e
1164 2886 1435 2942 llineidem,
