<?xml version="1.0" encoding="UTF-8"?>
<!DOCTYPE html PUBLIC "-//W3C//DTD XHTML 1.0 Transitional//EN"
    "http://www.w3.org/TR/xhtml1/DTD/xhtml1-transitional.dtd">
<html xmlns="http://www.w3.org/1999/xhtml" xml:lang="en" lang="en">
 <head>
  <title>
</title>
<meta http-equiv="Content-Type" content="text/html;charset=utf-8" />
  <meta name='ocr-system' content='tesseract 3.04.00' />
  <meta name='ocr-capabilities' content='ocr_page ocr_carea ocr_par ocr_line ocrx_word'/>
</head>
<body>
  <div class='ocr_page' id='page_1' title='image "./operavarietatele01virguoft_0785.png"; bbox 0 0 1821 3381; ppageno 0'>
   <div class='ocr_carea' id='block_1_1' title="bbox 351 306 1436 371">
    <p class='ocr_par' dir='ltr' id='par_1_1' title="bbox 351 306 1436 371">
     <span class='ocr_line' id='line_1_1' title="bbox 351 306 1436 371; baseline -0.003 -12"><span class='ocrx_word' id='word_1_1' title='bbox 351 308 872 365; x_wconf 88' lang='lat' dir='ltr'>GEORGICON,</span> <span class='ocrx_word' id='word_1_2' title='bbox 928 308 1081 356; x_wconf 88' lang='lat' dir='ltr'>LIB.</span> <span class='ocrx_word' id='word_1_3' title='bbox 1134 306 1219 356; x_wconf 91' lang='lat' dir='ltr'>IV.</span> <span class='ocrx_word' id='word_1_4' title='bbox 1341 311 1436 371; x_wconf 68' lang='lat'>51}</span> 
     </span>
    </p>
   </div>
   <div class='ocr_carea' id='block_1_2' title="bbox 133 441 1444 507">
    <p class='ocr_par' dir='ltr' id='par_1_2' title="bbox 133 441 1444 507">
     <span class='ocr_line' id='line_1_2' title="bbox 133 441 1444 507; baseline -0.001 -16"><span class='ocrx_word' id='word_1_5' title='bbox 133 443 444 507; x_wconf 83' lang='lat' dir='ltr'>Inmunisque</span> <span class='ocrx_word' id='word_1_6' title='bbox 467 445 628 492; x_wconf 85' lang='lat' dir='ltr'>sedens</span> <span class='ocrx_word' id='word_1_7' title='bbox 651 445 801 491; x_wconf 76' lang='lat' dir='ltr'>aliena</span> <span class='ocrx_word' id='word_1_8' title='bbox 824 444 881 490; x_wconf 89' lang='lat' dir='ltr'>ad</span> <span class='ocrx_word' id='word_1_9' title='bbox 907 443 1079 506; x_wconf 78' lang='lat' dir='ltr'>pabula</span> <span class='ocrx_word' id='word_1_10' title='bbox 1103 441 1254 499; x_wconf 59' lang='lat' dir='ltr'>sume,</span> <span class='ocrx_word' id='word_1_11' title='bbox 1348 457 1444 501; x_wconf 80' lang='lat'>244</span> 
     </span>
    </p>
   </div>
   <div class='ocr_carea' id='block_1_3' title="bbox 131 532 1363 781">
    <p class='ocr_par' dir='ltr' id='par_1_3' title="bbox 131 532 1363 781">
     <span class='ocr_line' id='line_1_3' title="bbox 132 532 1363 598; baseline -0.004 -15"><span class='ocrx_word' id='word_1_12' title='bbox 132 537 235 583; x_wconf 86' lang='lat' dir='ltr'>Aut</span> <span class='ocrx_word' id='word_1_13' title='bbox 256 535 388 598; x_wconf 82' lang='lat' dir='ltr'>asper</span> <span class='ocrx_word' id='word_1_14' title='bbox 409 536 578 582; x_wconf 78' lang='lat' dir='ltr'>crabro</span> <span class='ocrx_word' id='word_1_15' title='bbox 599 536 841 598; x_wconf 81' lang='lat' dir='ltr'>inparibus</span> <span class='ocrx_word' id='word_1_16' title='bbox 861 533 907 580; x_wconf 86' lang='lat' dir='ltr'>se</span> <span class='ocrx_word' id='word_1_17' title='bbox 928 533 1170 580; x_wconf 80' lang='lat' dir='ltr'>inmiscuit</span> <span class='ocrx_word' id='word_1_18' title='bbox 1193 532 1333 579; x_wconf 84' lang='lat' dir='ltr'>armis</span> <span class='ocrx_word' id='word_1_19' title='bbox 1349 555 1363 588; x_wconf 91' lang='lat'>;</span> 
     </span>
     <span class='ocr_line' id='line_1_4' title="bbox 131 624 1362 691; baseline -0.002 -17"><span class='ocrx_word' id='word_1_20' title='bbox 131 628 233 675; x_wconf 88' lang='lat' dir='ltr'>Aut</span> <span class='ocrx_word' id='word_1_21' title='bbox 255 629 430 684; x_wconf 87' lang='lat' dir='ltr'>dirum,</span> <span class='ocrx_word' id='word_1_22' title='bbox 453 629 611 686; x_wconf 79' lang='lat' dir='ltr'>tineae,</span> <span class='ocrx_word' id='word_1_23' title='bbox 634 644 809 691; x_wconf 80' lang='lat' dir='ltr'>genus3</span> <span class='ocrx_word' id='word_1_24' title='bbox 844 637 925 672; x_wconf 85' lang='lat' dir='ltr'>aut</span> <span class='ocrx_word' id='word_1_25' title='bbox 949 624 1096 671; x_wconf 84' lang='lat' dir='ltr'>invisa</span> <span class='ocrx_word' id='word_1_26' title='bbox 1121 625 1362 672; x_wconf 81' lang='lat' dir='ltr'>Minervae</span> 
     </span>
     <span class='ocr_line' id='line_1_5' title="bbox 131 710 1180 781; baseline -0.001 -17"><span class='ocrx_word' id='word_1_27' title='bbox 131 717 288 765; x_wconf 83' lang='lat' dir='ltr'>Laxos</span> <span class='ocrx_word' id='word_1_28' title='bbox 313 720 359 765; x_wconf 91' lang='lat' dir='ltr'>in</span> <span class='ocrx_word' id='word_1_29' title='bbox 385 710 562 766; x_wconf 79' lang='lat' dir='ltr'>foribus</span> <span class='ocrx_word' id='word_1_30' title='bbox 581 718 819 781; x_wconf 80' lang='lat' dir='ltr'>suspendit</span> <span class='ocrx_word' id='word_1_31' title='bbox 839 734 1002 764; x_wconf 82' lang='lat' dir='ltr'>aranea</span> <span class='ocrx_word' id='word_1_32' title='bbox 1025 717 1180 764; x_wconf 78' lang='lat' dir='ltr'>casses,</span> 
     </span>
    </p>
   </div>
   <div class='ocr_carea' id='block_1_4' title="bbox 132 807 1394 875">
    <p class='ocr_par' dir='ltr' id='par_1_4' title="bbox 132 807 1394 875">
     <span class='ocr_line' id='line_1_6' title="bbox 132 807 1394 875; baseline -0.002 -19"><span class='ocrx_word' id='word_1_33' title='bbox 132 809 246 875; x_wconf 82' lang='lat' dir='ltr'>Qo</span> <span class='ocrx_word' id='word_1_34' title='bbox 268 811 423 874; x_wconf 81' lang='lat' dir='ltr'>magis</span> <span class='ocrx_word' id='word_1_35' title='bbox 447 810 680 857; x_wconf 78' lang='lat' dir='ltr'>exhaustae</span> <span class='ocrx_word' id='word_1_36' title='bbox 705 810 905 857; x_wconf 85' lang='lat' dir='ltr'>fuerint:</span> <span class='ocrx_word' id='word_1_37' title='bbox 941 809 1031 855; x_wconf 84' lang='lat' dir='ltr'>hoc</span> <span class='ocrx_word' id='word_1_38' title='bbox 1056 807 1205 854; x_wconf 83' lang='lat' dir='ltr'>acrius</span> <span class='ocrx_word' id='word_1_39' title='bbox 1228 822 1394 855; x_wconf 84' lang='lat' dir='ltr'>omnes</span> 
     </span>
    </p>
   </div>
   <div class='ocr_carea' id='block_1_5' title="bbox 127 942 1450 1960">
    <p class='ocr_par' dir='ltr' id='par_1_5' title="bbox 127 942 1450 1960">
     <span class='ocr_line' id='line_1_7' title="bbox 131 942 1444 984; baseline -0.001 -11"><span class='ocrx_word' id='word_1_40' title='bbox 131 943 262 984; x_wconf 87' lang='lat' dir='ltr'>quidem</span> <span class='ocrx_word' id='word_1_41' title='bbox 279 945 352 977; x_wconf 82' lang='lat' dir='ltr'>inde</span> <span class='ocrx_word' id='word_1_42' title='bbox 369 957 388 978; x_wconf 84' lang='lat' dir='ltr'>a</span> <span class='ocrx_word' id='word_1_43' title='bbox 405 947 538 978; x_wconf 57' lang='lat' dir='ltr'>Rfanut.</span> <span class='ocrx_word' id='word_1_44' title='bbox 556 945 676 978; x_wconf 84' lang='lat' dir='ltr'>Fabric.</span> <span class='ocrx_word' id='word_1_45' title='bbox 701 944 895 977; x_wconf 84' lang='lat' dir='ltr'>Commelin.</span> <span class='ocrx_word' id='word_1_46' title='bbox 941 942 1090 975; x_wconf 76' lang='lat' dir='ltr'>Heinsius</span> <span class='ocrx_word' id='word_1_47' title='bbox 1119 942 1293 981; x_wconf 78' lang='lat' dir='ltr'>revocavit,</span> <span class='ocrx_word' id='word_1_48' title='bbox 1324 949 1361 973; x_wconf 86' lang='lat' dir='ltr'>ut</span> <span class='ocrx_word' id='word_1_49' title='bbox 1387 948 1444 983; x_wconf 75' lang='lat' dir='ltr'>pes</span> 
     </span>
     <span class='ocr_line' id='line_1_8' title="bbox 128 990 1443 1040; baseline -0.002 -16"><span class='ocrx_word' id='word_1_50' title='bbox 128 995 263 1028; x_wconf 84' lang='lat' dir='ltr'>creticus</span> <span class='ocrx_word' id='word_1_51' title='bbox 285 998 343 1035; x_wconf 80' lang='lat' dir='ltr'>fit3</span> <span class='ocrx_word' id='word_1_52' title='bbox 366 999 452 1040; x_wconf 88' lang='lat' dir='ltr'>quod</span> <span class='ocrx_word' id='word_1_53' title='bbox 479 999 559 1029; x_wconf 84' lang='lat' dir='ltr'>mihi</span> <span class='ocrx_word' id='word_1_54' title='bbox 589 1009 715 1028; x_wconf 81' lang='lat' dir='ltr'>merum</span> <span class='ocrx_word' id='word_1_55' title='bbox 745 995 1039 1027; x_wconf 79' lang='lat' dir='ltr'>Grammaticorum</span> <span class='ocrx_word' id='word_1_56' title='bbox 1065 1000 1285 1025; x_wconf 88' lang='lat' dir='ltr'>commentum</span> <span class='ocrx_word' id='word_1_57' title='bbox 1311 992 1371 1024; x_wconf 84' lang='lat' dir='ltr'>esse</span> <span class='ocrx_word' id='word_1_58' title='bbox 1393 990 1443 1022; x_wconf 89' lang='lat' dir='ltr'>vi-</span> 
     </span>
     <span class='ocr_line' id='line_1_9' title="bbox 128 1041 1445 1090; baseline -0.002 -15"><span class='ocrx_word' id='word_1_59' title='bbox 128 1044 234 1078; x_wconf 81' lang='lat' dir='ltr'>detur.</span> <span class='ocrx_word' id='word_1_60' title='bbox 293 1049 381 1090; x_wconf 79' lang='lat' dir='ltr'>Qid</span> <span class='ocrx_word' id='word_1_61' title='bbox 415 1049 502 1078; x_wconf 86' lang='lat' dir='ltr'>enim</span> <span class='ocrx_word' id='word_1_62' title='bbox 530 1048 668 1089; x_wconf 77' lang='lat' dir='ltr'>jejunius</span> <span class='ocrx_word' id='word_1_63' title='bbox 689 1055 719 1078; x_wconf 88' lang='lat' dir='ltr'>et</span> <span class='ocrx_word' id='word_1_64' title='bbox 751 1047 889 1088; x_wconf 76' lang='lat' dir='ltr'>ineptius</span> <span class='ocrx_word' id='word_1_65' title='bbox 913 1057 931 1076; x_wconf 82' lang='lat' dir='ltr'>a</span> <span class='ocrx_word' id='word_1_66' title='bbox 954 1047 1049 1087; x_wconf 69' lang='lat' dir='ltr'>poeta</span> <span class='ocrx_word' id='word_1_67' title='bbox 1073 1044 1143 1075; x_wconf 84' lang='lat' dir='ltr'>fieri</span> <span class='ocrx_word' id='word_1_68' title='bbox 1166 1043 1268 1085; x_wconf 68' lang='lat' dir='ltr'>point,</span> <span class='ocrx_word' id='word_1_69' title='bbox 1288 1052 1384 1085; x_wconf 77' lang='lat' dir='ltr'>quam</span> <span class='ocrx_word' id='word_1_70' title='bbox 1408 1041 1445 1071; x_wconf 83' lang='lat' dir='ltr'>in</span> 
     </span>
     <span class='ocr_line' id='line_1_10' title="bbox 129 1091 1446 1139; baseline -0.004 -12"><span class='ocrx_word' id='word_1_71' title='bbox 129 1094 259 1128; x_wconf 88' lang='lat' dir='ltr'>heroico</span> <span class='ocrx_word' id='word_1_72' title='bbox 276 1099 367 1128; x_wconf 78' lang='lat' dir='ltr'>versu</span> <span class='ocrx_word' id='word_1_73' title='bbox 385 1098 504 1129; x_wconf 86' lang='lat' dir='ltr'>alienos</span> <span class='ocrx_word' id='word_1_74' title='bbox 520 1099 615 1139; x_wconf 82' lang='lat' dir='ltr'>pedes</span> <span class='ocrx_word' id='word_1_75' title='bbox 636 1097 824 1129; x_wconf 81' lang='lat' dir='ltr'>admiscere!</span> <span class='ocrx_word' id='word_1_76' title='bbox 848 1099 971 1128; x_wconf 85' lang='lat' dir='ltr'>Verum</span> <span class='ocrx_word' id='word_1_77' title='bbox 994 1094 1271 1138; x_wconf 88' lang='lat' dir='ltr'>pronunciandum</span> <span class='ocrx_word' id='word_1_78' title='bbox 1295 1093 1340 1126; x_wconf 85' lang='lat' dir='ltr'>est</span> <span class='ocrx_word' id='word_1_79' title='bbox 1359 1091 1446 1124; x_wconf 77' lang='lat' dir='ltr'>binis</span> 
     </span>
     <span class='ocr_line' id='line_1_11' title="bbox 130 1145 1444 1190; baseline -0.003 -12"><span class='ocrx_word' id='word_1_80' title='bbox 130 1147 256 1188; x_wconf 73' lang='lat' dir='ltr'>syllabis</span> <span class='ocrx_word' id='word_1_81' title='bbox 271 1148 381 1190; x_wconf 81' lang='lat' dir='ltr'>Stelljo.</span> <span class='ocrx_word' id='word_1_82' title='bbox 401 1149 475 1179; x_wconf 74' lang='lat' dir='ltr'>Hoc</span> <span class='ocrx_word' id='word_1_83' title='bbox 492 1149 530 1179; x_wconf 84' lang='lat' dir='ltr'>ab</span> <span class='ocrx_word' id='word_1_84' title='bbox 545 1149 614 1179; x_wconf 79' lang='lat' dir='ltr'>aliis</span> <span class='ocrx_word' id='word_1_85' title='bbox 634 1149 730 1184; x_wconf 67' lang='lat' dir='ltr'>Sedis,</span> <span class='ocrx_word' id='word_1_86' title='bbox 745 1149 766 1179; x_wconf 80' lang='lat' dir='ltr'><em>S</em></span> <span class='ocrx_word' id='word_1_87' title='bbox 769 1148 836 1185; x_wconf 75' lang='lat' dir='ltr'>tilio,</span> <span class='ocrx_word' id='word_1_88' title='bbox 848 1148 939 1179; x_wconf 60' lang='lat' dir='ltr'>Sessilio</span> <span class='ocrx_word' id='word_1_89' title='bbox 961 1147 1117 1178; x_wconf 82' lang='lat' dir='ltr'>scribitur.</span> <span class='ocrx_word' id='word_1_90' title='bbox 1135 1147 1236 1176; x_wconf 86' lang='lat' dir='ltr'>Porro</span> <span class='ocrx_word' id='word_1_91' title='bbox 1245 1145 1368 1187; x_wconf 85' lang='lat' dir='ltr'>lucifugi</span> <span class='ocrx_word' id='word_1_92' title='bbox 1379 1156 1402 1175; x_wconf 86' lang='lat' dir='ltr'>c.</span> <span class='ocrx_word' id='word_1_93' title='bbox 1416 1154 1444 1174; x_wconf 82' lang='lat' dir='ltr'>c.</span> 
     </span>
     <span class='ocr_line' id='line_1_12' title="bbox 129 1193 1445 1242; baseline -0.003 -14"><span class='ocrx_word' id='word_1_94' title='bbox 129 1198 213 1230; x_wconf 79' lang='lat' dir='ltr'>blatti</span> <span class='ocrx_word' id='word_1_95' title='bbox 226 1199 355 1231; x_wconf 87' lang='lat' dir='ltr'>Zulich.</span> <span class='ocrx_word' id='word_1_96' title='bbox 402 1199 479 1242; x_wconf 67' lang='lat' dir='ltr'>exesa</span> <span class='ocrx_word' id='word_1_97' title='bbox 495 1198 601 1231; x_wconf 81' lang='lat' dir='ltr'>cubilia</span> <span class='ocrx_word' id='word_1_98' title='bbox 618 1198 715 1229; x_wconf 86' lang='lat' dir='ltr'>Pierii</span> <span class='ocrx_word' id='word_1_99' title='bbox 738 1208 850 1228; x_wconf 83' lang='lat' dir='ltr'>manus</span> <span class='ocrx_word' id='word_1_100' title='bbox 865 1197 898 1228; x_wconf 87' lang='lat' dir='ltr'>in</span> <span class='ocrx_word' id='word_1_101' title='bbox 922 1208 977 1228; x_wconf 86' lang='lat' dir='ltr'>ora</span> <span class='ocrx_word' id='word_1_102' title='bbox 994 1196 1120 1234; x_wconf 84' lang='lat' dir='ltr'>codicis,</span> <span class='ocrx_word' id='word_1_103' title='bbox 1142 1206 1180 1226; x_wconf 78' lang='lat' dir='ltr'>ex</span> <span class='ocrx_word' id='word_1_104' title='bbox 1195 1193 1445 1236; x_wconf 75' lang='lat' dir='ltr'>interpolatione</span> 
     </span>
     <span class='ocr_line' id='line_1_13' title="bbox 128 1245 1444 1291; baseline -0.005 -11"><span class='ocrx_word' id='word_1_105' title='bbox 128 1259 194 1279; x_wconf 89' lang='lat' dir='ltr'>non</span> <span class='ocrx_word' id='word_1_106' title='bbox 204 1249 329 1288; x_wconf 83' lang='lat' dir='ltr'>inscita3</span> <span class='ocrx_word' id='word_1_107' title='bbox 354 1251 405 1291; x_wconf 89' lang='lat' dir='ltr'>Jo.</span> <span class='ocrx_word' id='word_1_108' title='bbox 422 1249 585 1281; x_wconf 79' lang='lat' dir='ltr'>Schrader.</span> <span class='ocrx_word' id='word_1_109' title='bbox 602 1258 738 1282; x_wconf 76' lang='lat' dir='ltr'>contexta.</span> <span class='ocrx_word' id='word_1_110' title='bbox 782 1251 869 1279; x_wconf 86' lang='lat' dir='ltr'>Tum</span> <span class='ocrx_word' id='word_1_111' title='bbox 885 1248 981 1286; x_wconf 74' lang='lat' dir='ltr'>blatis,</span> <span class='ocrx_word' id='word_1_112' title='bbox 994 1249 1103 1284; x_wconf 64' lang='lat' dir='ltr'>blaffls,</span> <span class='ocrx_word' id='word_1_113' title='bbox 1116 1247 1219 1288; x_wconf 81' lang='lat' dir='ltr'>plattis</span> <span class='ocrx_word' id='word_1_114' title='bbox 1233 1245 1380 1276; x_wconf 83' lang='lat' dir='ltr'>scribitur</span> <span class='ocrx_word' id='word_1_115' title='bbox 1391 1254 1444 1286; x_wconf 87' lang='lat' dir='ltr'>ap.</span> 
     </span>
     <span class='ocr_line' id='line_1_14' title="bbox 129 1295 1446 1340; baseline -0.005 -8"><span class='ocrx_word' id='word_1_116' title='bbox 129 1300 240 1332; x_wconf 85' lang='lat' dir='ltr'>Burm.</span> <span class='ocrx_word' id='word_1_117' title='bbox 258 1309 290 1333; x_wconf 85' lang='lat' dir='ltr'>et</span> <span class='ocrx_word' id='word_1_118' title='bbox 306 1301 434 1333; x_wconf 85' lang='lat' dir='ltr'>Colum.</span> <span class='ocrx_word' id='word_1_119' title='bbox 453 1303 514 1339; x_wconf 87' lang='lat' dir='ltr'>IX,</span> <span class='ocrx_word' id='word_1_120' title='bbox 530 1309 561 1340; x_wconf 88' lang='lat'>7,</span> <span class='ocrx_word' id='word_1_121' title='bbox 571 1310 603 1340; x_wconf 81' lang='lat'>5.</span> <span class='ocrx_word' id='word_1_122' title='bbox 650 1299 758 1331; x_wconf 75' lang='lat' dir='ltr'>Reilk.</span> <span class='ocrx_word' id='word_1_123' title='bbox 772 1299 815 1330; x_wconf 86' lang='lat' dir='ltr'>ita</span> <span class='ocrx_word' id='word_1_124' title='bbox 829 1299 936 1330; x_wconf 88' lang='lat' dir='ltr'>locum</span> <span class='ocrx_word' id='word_1_125' title='bbox 950 1297 1125 1339; x_wconf 83' lang='lat' dir='ltr'>refingebat</span> <span class='ocrx_word' id='word_1_126' title='bbox 1139 1307 1148 1326; x_wconf 72' lang='grc' dir='ltr'>ι</span> <span class='ocrx_word' id='word_1_127' title='bbox 1172 1297 1224 1328; x_wconf 83' lang='grc' dir='ltr'>Αη</span> <span class='ocrx_word' id='word_1_128' title='bbox 1237 1295 1338 1338; x_wconf 85' lang='lat' dir='ltr'>suffire</span> <span class='ocrx_word' id='word_1_129' title='bbox 1352 1297 1446 1337; x_wconf 77' lang='lat' dir='ltr'>thymo</span> 
     </span>
     <span class='ocr_line' id='line_1_15' title="bbox 133 1345 1447 1396; baseline -0.007 -12"><span class='ocrx_word' id='word_1_130' title='bbox 133 1352 262 1396; x_wconf 79' lang='lat' dir='ltr'>cerasque</span> <span class='ocrx_word' id='word_1_131' title='bbox 287 1353 406 1384; x_wconf 83' lang='lat' dir='ltr'>recidere</span> <span class='ocrx_word' id='word_1_132' title='bbox 427 1355 518 1384; x_wconf 71' lang='lat' dir='ltr'>inanes</span> <span class='ocrx_word' id='word_1_133' title='bbox 546 1353 622 1396; x_wconf 78' lang='lat' dir='ltr'>Qis</span> <span class='ocrx_word' id='word_1_134' title='bbox 641 1351 749 1382; x_wconf 71' lang='lat' dir='ltr'>dubitet</span> <span class='ocrx_word' id='word_1_135' title='bbox 766 1349 1027 1389; x_wconf 62' lang='lat' dir='ltr'>(⁷2arn-Stelli0‚)</span> <span class='ocrx_word' id='word_1_136' title='bbox 1047 1347 1183 1390; x_wconf 64' lang='lat' dir='ltr'>lucifugis</span> <span class='ocrx_word' id='word_1_137' title='bbox 1199 1347 1320 1389; x_wconf 54' lang='lat' dir='ltr'>congesta</span> <span class='ocrx_word' id='word_1_138' title='bbox 1341 1345 1447 1376; x_wconf 80' lang='lat' dir='ltr'>cubilia</span> 
     </span>
     <span class='ocr_line' id='line_1_16' title="bbox 128 1397 1444 1442; baseline -0.008 -6"><span class='ocrx_word' id='word_1_139' title='bbox 128 1404 225 1436; x_wconf 79' lang='lat' dir='ltr'>blattis</span> <span class='ocrx_word' id='word_1_140' title='bbox 237 1407 256 1435; x_wconf 72' lang='grc' dir='ltr'>ξ)</span> <span class='ocrx_word' id='word_1_141' title='bbox 281 1411 314 1435; x_wconf 87' lang='lat' dir='ltr'>ut</span> <span class='ocrx_word' id='word_1_142' title='bbox 330 1416 402 1435; x_wconf 74' lang='lat' dir='ltr'>cerae</span> <span class='ocrx_word' id='word_1_143' title='bbox 418 1406 509 1435; x_wconf 73' lang='lat' dir='ltr'>inanes</span> <span class='ocrx_word' id='word_1_144' title='bbox 525 1402 586 1434; x_wconf 77' lang='lat' dir='ltr'>sint</span> <span class='ocrx_word' id='word_1_145' title='bbox 598 1403 666 1433; x_wconf 80' lang='lat' dir='ltr'>haec</span> <span class='ocrx_word' id='word_1_146' title='bbox 677 1402 789 1434; x_wconf 75' lang='lat' dir='ltr'>cubilia.</span> <span class='ocrx_word' id='word_1_147' title='bbox 880 1410 949 1438; x_wconf 83' lang='lat'><strong>244.</strong></span> <span class='ocrx_word' id='word_1_148' title='bbox 967 1401 1052 1442; x_wconf 62' lang='lat' dir='ltr'>fucos</span> <span class='ocrx_word' id='word_1_149' title='bbox 1071 1399 1156 1429; x_wconf 93' lang='lat' dir='ltr'>Gud.</span> <span class='ocrx_word' id='word_1_150' title='bbox 1181 1409 1200 1429; x_wconf 86' lang='lat' dir='ltr'>a</span> <span class='ocrx_word' id='word_1_151' title='bbox 1215 1407 1259 1428; x_wconf 92' lang='lat' dir='ltr'>m.</span> <span class='ocrx_word' id='word_1_152' title='bbox 1273 1407 1324 1439; x_wconf 77' lang='lat' dir='ltr'>pr.</span> <span class='ocrx_word' id='word_1_153' title='bbox 1342 1397 1444 1427; x_wconf 88' lang='lat' dir='ltr'>Men-</span> 
     </span>
     <span class='ocr_line' id='line_1_17' title="bbox 128 1446 1445 1498; baseline -0.006 -13"><span class='ocrx_word' id='word_1_154' title='bbox 128 1455 186 1485; x_wconf 85' lang='lat' dir='ltr'>tel.</span> <span class='ocrx_word' id='word_1_155' title='bbox 203 1464 252 1496; x_wconf 88' lang='lat' dir='ltr'>pr.</span> <span class='ocrx_word' id='word_1_156' title='bbox 294 1455 335 1486; x_wconf 85' lang='lat' dir='ltr'>ad</span> <span class='ocrx_word' id='word_1_157' title='bbox 344 1456 444 1498; x_wconf 71' lang='lat' dir='ltr'>pocula</span> <span class='ocrx_word' id='word_1_158' title='bbox 461 1453 582 1485; x_wconf 81' lang='lat' dir='ltr'>Medic.</span> <span class='ocrx_word' id='word_1_159' title='bbox 601 1464 618 1484; x_wconf 84' lang='lat' dir='ltr'>a</span> <span class='ocrx_word' id='word_1_160' title='bbox 635 1464 680 1483; x_wconf 86' lang='lat' dir='ltr'>m.</span> <span class='ocrx_word' id='word_1_161' title='bbox 695 1463 758 1495; x_wconf 60' lang='lat' dir='ltr'>pin,</span> <span class='ocrx_word' id='word_1_162' title='bbox 781 1451 925 1482; x_wconf 84' lang='lat' dir='ltr'>librarius</span> <span class='ocrx_word' id='word_1_163' title='bbox 937 1451 1066 1488; x_wconf 84' lang='lat' dir='ltr'>scilicet,</span> <span class='ocrx_word' id='word_1_164' title='bbox 1091 1449 1145 1491; x_wconf 88' lang='lat' dir='ltr'>qui</span> <span class='ocrx_word' id='word_1_165' title='bbox 1171 1449 1209 1480; x_wconf 88' lang='lat' dir='ltr'>de</span> <span class='ocrx_word' id='word_1_166' title='bbox 1233 1448 1264 1480; x_wconf 85' lang='lat' dir='ltr'>se</span> <span class='ocrx_word' id='word_1_167' title='bbox 1285 1447 1369 1479; x_wconf 81' lang='lat' dir='ltr'>forte</span> <span class='ocrx_word' id='word_1_168' title='bbox 1389 1446 1445 1489; x_wconf 81' lang='lat' dir='ltr'>agi</span> 
     </span>
     <span class='ocr_line' id='line_1_18' title="bbox 128 1494 1445 1549; baseline -0.006 -13"><span class='ocrx_word' id='word_1_169' title='bbox 128 1505 431 1547; x_wconf 78' lang='lat' dir='ltr'>putabat.—-245.</span> <span class='ocrx_word' id='word_1_170' title='bbox 448 1505 548 1549; x_wconf 75' lang='lat' dir='ltr'>scabro</span> <span class='ocrx_word' id='word_1_171' title='bbox 565 1505 686 1536; x_wconf 87' lang='lat' dir='ltr'>Medic.</span> <span class='ocrx_word' id='word_1_172' title='bbox 709 1514 727 1534; x_wconf 81' lang='lat' dir='ltr'>a</span> <span class='ocrx_word' id='word_1_173' title='bbox 753 1513 796 1534; x_wconf 88' lang='lat' dir='ltr'>m.</span> <span class='ocrx_word' id='word_1_174' title='bbox 823 1502 882 1533; x_wconf 88' lang='lat' dir='ltr'>sec.</span> <span class='ocrx_word' id='word_1_175' title='bbox 907 1502 970 1533; x_wconf 88' lang='lat' dir='ltr'>duo</span> <span class='ocrx_word' id='word_1_176' title='bbox 996 1503 1112 1532; x_wconf 87' lang='lat' dir='ltr'>Moret.</span> <span class='ocrx_word' id='word_1_177' title='bbox 1135 1502 1245 1531; x_wconf 88' lang='lat' dir='ltr'>Franc.</span> <span class='ocrx_word' id='word_1_178' title='bbox 1260 1494 1368 1530; x_wconf 86' lang='lat' dir='ltr'>Goth.</span> <span class='ocrx_word' id='word_1_179' title='bbox 1384 1499 1445 1529; x_wconf 79' lang='lat' dir='ltr'>sec.</span> 
     </span>
     <span class='ocr_line' id='line_1_19' title="bbox 129 1549 1450 1602; baseline -0.005 -15"><span class='ocrx_word' id='word_1_180' title='bbox 129 1552 223 1587; x_wconf 64' lang='lat' dir='ltr'>crebro</span> <span class='ocrx_word' id='word_1_181' title='bbox 237 1563 302 1588; x_wconf 82' lang='lat' dir='ltr'>tres</span> <span class='ocrx_word' id='word_1_182' title='bbox 316 1555 380 1587; x_wconf 85' lang='lat' dir='ltr'>alii.</span> <span class='ocrx_word' id='word_1_183' title='bbox 429 1557 463 1600; x_wconf 69' lang='lat' dir='ltr'>se</span> <span class='ocrx_word' id='word_1_184' title='bbox 477 1557 580 1602; x_wconf 69' lang='lat' dir='ltr'>miscuit</span> <span class='ocrx_word' id='word_1_185' title='bbox 595 1555 680 1587; x_wconf 79' lang='lat' dir='ltr'>Voff.</span> <span class='ocrx_word' id='word_1_186' title='bbox 695 1566 743 1597; x_wconf 87' lang='lat' dir='ltr'>pr.</span> <span class='ocrx_word' id='word_1_187' title='bbox 760 1556 883 1585; x_wconf 82' lang='lat' dir='ltr'>Moret.</span> <span class='ocrx_word' id='word_1_188' title='bbox 907 1554 1071 1594; x_wconf 49' lang='lat' dir='ltr'>sr.¹LFranc.</span> <span class='ocrx_word' id='word_1_189' title='bbox 1095 1551 1179 1583; x_wconf 89' lang='lat' dir='ltr'>Toll.</span> <span class='ocrx_word' id='word_1_190' title='bbox 1211 1551 1273 1582; x_wconf 90' lang='lat' dir='ltr'>Ed.</span> <span class='ocrx_word' id='word_1_191' title='bbox 1297 1549 1450 1588; x_wconf 60' lang='lat' dir='ltr'>Mediol„</span> 
     </span>
     <span class='ocr_line' id='line_1_20' title="bbox 128 1602 1354 1649; baseline -0.004 -12"><span class='ocrx_word' id='word_1_192' title='bbox 128 1617 225 1648; x_wconf 88' lang='lat' dir='ltr'>porro</span> <span class='ocrx_word' id='word_1_193' title='bbox 242 1608 339 1639; x_wconf 88' lang='lat' dir='ltr'>Goth.</span> <span class='ocrx_word' id='word_1_194' title='bbox 356 1608 414 1639; x_wconf 86' lang='lat' dir='ltr'>sec.</span> <span class='ocrx_word' id='word_1_195' title='bbox 431 1608 500 1638; x_wconf 89' lang='lat' dir='ltr'>Erf.</span> <span class='ocrx_word' id='word_1_196' title='bbox 519 1615 550 1638; x_wconf 88' lang='lat' dir='ltr'>et</span> <span class='ocrx_word' id='word_1_197' title='bbox 566 1618 647 1638; x_wconf 84' lang='lat' dir='ltr'>unus</span> <span class='ocrx_word' id='word_1_198' title='bbox 656 1606 761 1638; x_wconf 86' lang='lat' dir='ltr'>Mead.</span> <span class='ocrx_word' id='word_1_199' title='bbox 779 1605 984 1649; x_wconf 74' lang='lat' dir='ltr'>imparibusque</span> <span class='ocrx_word' id='word_1_200' title='bbox 1006 1604 1145 1647; x_wconf 83' lang='lat' dir='ltr'>immiscuit</span> <span class='ocrx_word' id='word_1_201' title='bbox 1160 1613 1216 1645; x_wconf 91' lang='lat' dir='ltr'>qu.</span> <span class='ocrx_word' id='word_1_202' title='bbox 1231 1602 1354 1633; x_wconf 88' lang='lat' dir='ltr'>Moret.</span> 
     </span>
     <span class='ocr_line' id='line_1_21' title="bbox 127 1652 1443 1702; baseline -0.005 -13"><span class='ocrx_word' id='word_1_203' title='bbox 127 1658 204 1696; x_wconf 77' lang='lat'><strong>246.</strong></span> <span class='ocrx_word' id='word_1_204' title='bbox 229 1660 320 1691; x_wconf 84' lang='lat' dir='ltr'>dirum</span> <span class='ocrx_word' id='word_1_205' title='bbox 342 1660 482 1702; x_wconf 82' lang='lat' dir='ltr'>optimus</span> <span class='ocrx_word' id='word_1_206' title='bbox 512 1659 642 1700; x_wconf 84' lang='lat' dir='ltr'>quisque</span> <span class='ocrx_word' id='word_1_207' title='bbox 669 1658 755 1700; x_wconf 84' lang='lat' dir='ltr'>apud</span> <span class='ocrx_word' id='word_1_208' title='bbox 777 1657 902 1694; x_wconf 63' lang='lat' dir='ltr'>Heius„</span> <span class='ocrx_word' id='word_1_209' title='bbox 923 1656 983 1686; x_wconf 90' lang='lat' dir='ltr'>hoc</span> <span class='ocrx_word' id='word_1_210' title='bbox 1000 1656 1086 1686; x_wconf 86' lang='lat' dir='ltr'>idem</span> <span class='ocrx_word' id='word_1_211' title='bbox 1106 1655 1174 1696; x_wconf 80' lang='lat' dir='ltr'>jam</span> <span class='ocrx_word' id='word_1_212' title='bbox 1189 1653 1330 1685; x_wconf 88' lang='lat' dir='ltr'>ediderat</span> <span class='ocrx_word' id='word_1_213' title='bbox 1353 1652 1443 1683; x_wconf 85' lang='lat' dir='ltr'>Nau-</span> 
     </span>
     <span class='ocr_line' id='line_1_22' title="bbox 127 1702 1446 1752; baseline -0.005 -12"><span class='ocrx_word' id='word_1_214' title='bbox 127 1720 200 1751; x_wconf 72' lang='lat' dir='ltr'>ger.</span> <span class='ocrx_word' id='word_1_215' title='bbox 231 1718 264 1741; x_wconf 89' lang='lat' dir='ltr'>et</span> <span class='ocrx_word' id='word_1_216' title='bbox 292 1702 630 1752; x_wconf 59' lang='lat' dir='ltr'>Egnat.‚‘negle6tum</span> <span class='ocrx_word' id='word_1_217' title='bbox 653 1721 671 1740; x_wconf 89' lang='lat' dir='ltr'>a</span> <span class='ocrx_word' id='word_1_218' title='bbox 697 1708 900 1751; x_wconf 74' lang='lat' dir='ltr'>sequioribus.</span> <span class='ocrx_word' id='word_1_219' title='bbox 945 1708 1048 1739; x_wconf 86' lang='lat' dir='ltr'>durum</span> <span class='ocrx_word' id='word_1_220' title='bbox 1078 1705 1187 1748; x_wconf 79' lang='lat' dir='ltr'>vulgo,</span> <span class='ocrx_word' id='word_1_221' title='bbox 1233 1707 1312 1739; x_wconf 79' lang='lat' dir='ltr'>tiniae</span> <span class='ocrx_word' id='word_1_222' title='bbox 1347 1703 1446 1745; x_wconf 88' lang='lat' dir='ltr'>scrip-</span> 
     </span>
     <span class='ocr_line' id='line_1_23' title="bbox 128 1756 1444 1800; baseline -0.005 -8"><span class='ocrx_word' id='word_1_223' title='bbox 128 1769 202 1792; x_wconf 84' lang='lat' dir='ltr'>tura</span> <span class='ocrx_word' id='word_1_224' title='bbox 231 1769 311 1792; x_wconf 86' lang='lat' dir='ltr'>vett.</span> <span class='ocrx_word' id='word_1_225' title='bbox 343 1761 509 1792; x_wconf 86' lang='lat' dir='ltr'>librorum.</span> <span class='ocrx_word' id='word_1_226' title='bbox 539 1761 604 1792; x_wconf 84' lang='lat' dir='ltr'>vid.</span> <span class='ocrx_word' id='word_1_227' title='bbox 629 1760 734 1792; x_wconf 85' lang='lat' dir='ltr'>Ursm.</span> <span class='ocrx_word' id='word_1_228' title='bbox 767 1760 860 1791; x_wconf 84' lang='lat' dir='ltr'>Cerd.</span> <span class='ocrx_word' id='word_1_229' title='bbox 895 1758 1006 1789; x_wconf 85' lang='lat' dir='ltr'>Heins.</span> <span class='ocrx_word' id='word_1_230' title='bbox 1096 1766 1169 1796; x_wconf 85' lang='lat'>247.</span> <span class='ocrx_word' id='word_1_231' title='bbox 1195 1759 1223 1788; x_wconf 89' lang='lat' dir='ltr'>in</span> <span class='ocrx_word' id='word_1_232' title='bbox 1230 1756 1346 1800; x_wconf 84' lang='lat' dir='ltr'>foribus</span> <span class='ocrx_word' id='word_1_233' title='bbox 1365 1756 1444 1787; x_wconf 78' lang='lat' dir='ltr'>laxas</span> 
     </span>
     <span class='ocr_line' id='line_1_24' title="bbox 127 1806 1446 1854; baseline -0.005 -9"><span class='ocrx_word' id='word_1_234' title='bbox 127 1812 200 1845; x_wconf 79' lang='lat' dir='ltr'>edd.</span> <span class='ocrx_word' id='word_1_235' title='bbox 214 1819 287 1844; x_wconf 82' lang='lat' dir='ltr'>ante</span> <span class='ocrx_word' id='word_1_236' title='bbox 303 1813 412 1844; x_wconf 83' lang='lat' dir='ltr'>Heins.</span> <span class='ocrx_word' id='word_1_237' title='bbox 426 1813 554 1854; x_wconf 80' lang='lat' dir='ltr'>sedjam</span> <span class='ocrx_word' id='word_1_238' title='bbox 571 1811 694 1842; x_wconf 87' lang='lat' dir='ltr'>Pierius</span> <span class='ocrx_word' id='word_1_239' title='bbox 716 1816 897 1847; x_wconf 83' lang='lat' dir='ltr'>monuerat,</span> <span class='ocrx_word' id='word_1_240' title='bbox 911 1809 1036 1840; x_wconf 83' lang='lat' dir='ltr'>codices</span> <span class='ocrx_word' id='word_1_241' title='bbox 1056 1806 1148 1838; x_wconf 69' lang='lat' dir='ltr'>aliter</span> <span class='ocrx_word' id='word_1_242' title='bbox 1165 1806 1293 1837; x_wconf 85' lang='lat' dir='ltr'>habere.</span> <span class='ocrx_word' id='word_1_243' title='bbox 1336 1808 1446 1850; x_wconf 72' lang='lat' dir='ltr'>Laxqs-</span> 
     </span>
     <span class='ocr_line' id='line_1_25' title="bbox 128 1858 1446 1906; baseline -0.002 -12"><span class='ocrx_word' id='word_1_244' title='bbox 128 1876 183 1906; x_wconf 80' lang='lat' dir='ltr'>que</span> <span class='ocrx_word' id='word_1_245' title='bbox 192 1866 220 1894; x_wconf 78' lang='lat' dir='ltr'>in</span> <span class='ocrx_word' id='word_1_246' title='bbox 226 1864 340 1906; x_wconf 82' lang='lat' dir='ltr'>foribus</span> <span class='ocrx_word' id='word_1_247' title='bbox 360 1864 486 1896; x_wconf 86' lang='lat' dir='ltr'>Zulich.</span> <span class='ocrx_word' id='word_1_248' title='bbox 532 1864 675 1895; x_wconf 73' lang='lat' dir='ltr'>arachnea</span> <span class='ocrx_word' id='word_1_249' title='bbox 697 1862 782 1894; x_wconf 88' lang='lat' dir='ltr'>Toll.</span> <span class='ocrx_word' id='word_1_250' title='bbox 875 1859 950 1899; x_wconf 81' lang='lat'><strong>248.</strong></span> <span class='ocrx_word' id='word_1_251' title='bbox 963 1861 1090 1904; x_wconf 77' lang='lat' dir='ltr'>fuerunt</span> <span class='ocrx_word' id='word_1_252' title='bbox 1113 1865 1144 1890; x_wconf 88' lang='lat' dir='ltr'>et</span> <span class='ocrx_word' id='word_1_253' title='bbox 1170 1867 1247 1890; x_wconf 79' lang='lat' dir='ltr'>mox</span> <span class='ocrx_word' id='word_1_254' title='bbox 1276 1858 1446 1901; x_wconf 63' lang='lat' dir='ltr'>complerunt</span> 
     </span>
     <span class='ocr_line' id='line_1_26' title="bbox 130 1912 721 1960; baseline -0.003 -12"><span class='ocrx_word' id='word_1_255' title='bbox 130 1914 255 1948; x_wconf 83' lang='lat' dir='ltr'>Medic.</span> <span class='ocrx_word' id='word_1_256' title='bbox 291 1916 402 1960; x_wconf 67' lang='lat' dir='ltr'>fuerit.</span> <span class='ocrx_word' id='word_1_257' title='bbox 421 1916 502 1946; x_wconf 87' lang='lat' dir='ltr'>Ven.</span> <span class='ocrx_word' id='word_1_258' title='bbox 520 1917 601 1948; x_wconf 79' lang='lat' dir='ltr'>omnis</span> <span class='ocrx_word' id='word_1_259' title='bbox 618 1912 721 1946; x_wconf 88' lang='lat' dir='ltr'>multi.</span> 
     </span>
    </p>
   </div>
   <div class='ocr_carea' id='block_1_6' title="bbox 791 1419 876 1425">
    <p class='ocr_par' dir='ltr' id='par_1_6' title="bbox 791 1419 876 1425">
     <span class='ocr_line' id='line_1_27' title="bbox 791 1419 876 1425; baseline 0 0"><span class='ocrx_word' id='word_1_260' title='bbox 791 1419 876 1425; x_wconf 95' lang='lat' dir='ltr'> </span> 
     </span>
    </p>
   </div>
   <div class='ocr_carea' id='block_1_7' title="bbox 1358 1617 1444 1624">
    <p class='ocr_par' dir='ltr' id='par_1_7' title="bbox 1358 1617 1444 1624">
     <span class='ocr_line' id='line_1_28' title="bbox 1358 1617 1444 1624; baseline 0 1757"><span class='ocrx_word' id='word_1_261' title='bbox 1358 1617 1444 1624; x_wconf 95' lang='lat' dir='ltr'> </span> 
     </span>
    </p>
   </div>
   <div class='ocr_carea' id='block_1_8' title="bbox 1007 1775 1092 1781">
    <p class='ocr_par' dir='ltr' id='par_1_8' title="bbox 1007 1775 1092 1781">
     <span class='ocr_line' id='line_1_29' title="bbox 1007 1775 1092 1781; baseline 0 0"><span class='ocrx_word' id='word_1_262' title='bbox 1007 1775 1092 1781; x_wconf 95' lang='lat' dir='ltr'> </span> 
     </span>
    </p>
   </div>
   <div class='ocr_carea' id='block_1_9' title="bbox 786 1878 872 1886">
    <p class='ocr_par' dir='ltr' id='par_1_9' title="bbox 786 1878 872 1886">
     <span class='ocr_line' id='line_1_30' title="bbox 786 1878 872 1886; baseline 0 1495"><span class='ocrx_word' id='word_1_263' title='bbox 786 1878 872 1886; x_wconf 95' lang='lat' dir='ltr'> </span> 
     </span>
    </p>
   </div>
   <div class='ocr_carea' id='block_1_10' title="bbox 127 2023 1174 2076">
    <p class='ocr_par' dir='ltr' id='par_1_10' title="bbox 127 2023 1174 2076">
     <span class='ocr_line' id='line_1_31' title="bbox 127 2023 1174 2076; baseline -0.003 -13"><span class='ocrx_word' id='word_1_264' title='bbox 127 2026 178 2064; x_wconf 84' lang='lat' dir='ltr'>lia</span> <span class='ocrx_word' id='word_1_265' title='bbox 181 2030 282 2076; x_wconf 49' lang='lat' dir='ltr'>stim,</span> <span class='ocrx_word' id='word_1_266' title='bbox 300 2027 335 2064; x_wconf 87' lang='lat' dir='ltr'>h.</span> <span class='ocrx_word' id='word_1_267' title='bbox 354 2027 476 2065; x_wconf 67' lang='lat' dir='ltr'>blattae</span> <span class='ocrx_word' id='word_1_268' title='bbox 492 2027 675 2065; x_wconf 85' lang='lat' dir='ltr'>cubilibus</span> <span class='ocrx_word' id='word_1_269' title='bbox 694 2040 752 2072; x_wconf 90' lang='lat' dir='ltr'>eo,</span> <span class='ocrx_word' id='word_1_270' title='bbox 979 2023 1174 2074; x_wconf 86' lang='lat' dir='ltr'>Theogon.</span> 
     </span>
    </p>
   </div>
   <div class='ocr_carea' id='block_1_11' title="bbox 122 2078 755 2388">
    <p class='ocr_par' dir='ltr' id='par_1_11' title="bbox 122 2078 755 2388">
     <span class='ocr_line' id='line_1_32' title="bbox 127 2078 753 2130; baseline 0.003 -16"><span class='ocrx_word' id='word_1_271' title='bbox 127 2078 168 2115; x_wconf 84' lang='lat' dir='ltr'>in</span> <span class='ocrx_word' id='word_1_272' title='bbox 183 2079 283 2117; x_wconf 81' lang='lat' dir='ltr'>favos</span> <span class='ocrx_word' id='word_1_273' title='bbox 291 2093 434 2123; x_wconf 83' lang='lat' dir='ltr'>vacuos,</span> <span class='ocrx_word' id='word_1_274' title='bbox 453 2079 644 2130; x_wconf 81' lang='lat' dir='ltr'>congestis,</span> <span class='ocrx_word' id='word_1_275' title='bbox 670 2079 753 2116; x_wconf 85' lang='lat' dir='ltr'>ade·</span> 
     </span>
     <span class='ocr_line' id='line_1_33' title="bbox 127 2130 753 2182; baseline 0.003 -16"><span class='ocrx_word' id='word_1_276' title='bbox 127 2130 212 2169; x_wconf 87' lang='lat' dir='ltr'>dere</span> <span class='ocrx_word' id='word_1_277' title='bbox 229 2131 339 2169; x_wconf 82' lang='lat' dir='ltr'>favos.</span> <span class='ocrx_word' id='word_1_278' title='bbox 391 2131 561 2182; x_wconf 68' lang='lat' dir='ltr'>lucffugis,</span> <span class='ocrx_word' id='word_1_279' title='bbox 578 2144 640 2182; x_wconf 84' lang='lat' dir='ltr'>per</span> <span class='ocrx_word' id='word_1_280' title='bbox 667 2144 753 2168; x_wconf 92' lang='lat' dir='ltr'>noe-</span> 
     </span>
     <span class='ocr_line' id='line_1_34' title="bbox 127 2181 755 2233; baseline 0.002 -15"><span class='ocrx_word' id='word_1_281' title='bbox 127 2189 202 2219; x_wconf 81' lang='lat' dir='ltr'>tem</span> <span class='ocrx_word' id='word_1_282' title='bbox 242 2183 479 2233; x_wconf 87' lang='lat' dir='ltr'>vagantibus;</span> <span class='ocrx_word' id='word_1_283' title='bbox 535 2193 574 2220; x_wconf 87' lang='lat' dir='ltr'>ut</span> <span class='ocrx_word' id='word_1_284' title='bbox 614 2181 755 2220; x_wconf 87' lang='lat' dir='ltr'>Servius</span> 
     </span>
     <span class='ocr_line' id='line_1_35' title="bbox 125 2234 755 2284; baseline 0.002 -14"><span class='ocrx_word' id='word_1_285' title='bbox 125 2234 221 2270; x_wconf 65' lang='lat' dir='ltr'>teste</span> <span class='ocrx_word' id='word_1_286' title='bbox 247 2235 414 2284; x_wconf 82' lang='lat' dir='ltr'>explicat.</span> <span class='ocrx_word' id='word_1_287' title='bbox 484 2234 544 2271; x_wconf 84' lang='lat' dir='ltr'>Est</span> <span class='ocrx_word' id='word_1_288' title='bbox 579 2234 755 2271; x_wconf 85' lang='lat' dir='ltr'>vermium</span> 
     </span>
     <span class='ocr_line' id='line_1_36' title="bbox 126 2286 755 2335; baseline 0.002 -14"><span class='ocrx_word' id='word_1_289' title='bbox 126 2296 254 2335; x_wconf 81' lang='lat' dir='ltr'>genus,</span> <span class='ocrx_word' id='word_1_290' title='bbox 263 2293 368 2324; x_wconf 77' lang='lat' dir='ltr'>tineas</span> <span class='ocrx_word' id='word_1_291' title='bbox 373 2315 383 2330; x_wconf 93' lang='lat'>,</span> <span class='ocrx_word' id='word_1_292' title='bbox 393 2287 425 2323; x_wconf 92' lang='lat' dir='ltr'><em>B</em></span> <span class='ocrx_word' id='word_1_293' title='bbox 429 2292 637 2324; x_wconf 79' lang='lat' dir='ltr'>ienenmotten</span> <span class='ocrx_word' id='word_1_294' title='bbox 639 2315 650 2330; x_wconf 94' lang='lat'>‚</span> <span class='ocrx_word' id='word_1_295' title='bbox 663 2286 755 2322; x_wconf 80' lang='lat' dir='ltr'>Rau-</span> 
     </span>
     <span class='ocr_line' id='line_1_37' title="bbox 122 2338 754 2388; baseline -0.002 -15"><span class='ocrx_word' id='word_1_296' title='bbox 122 2347 205 2385; x_wconf 83' lang='lat' dir='ltr'>pen,</span> <span class='ocrx_word' id='word_1_297' title='bbox 250 2339 530 2375; x_wconf 66' lang='lat' dir='ltr'>Bienenwiirmer</span> <span class='ocrx_word' id='word_1_298' title='bbox 562 2338 754 2388; x_wconf 82' lang='lat' dir='ltr'>appellant,</span> 
     </span>
    </p>
   </div>
   <div class='ocr_carea' id='block_1_12' title="bbox 818 2033 1449 2334">
    <p class='ocr_par' dir='ltr' id='par_1_12' title="bbox 818 2033 1449 2334">
     <span class='ocr_line' id='line_1_38' title="bbox 821 2033 1310 2075; baseline -0.006 0"><span class='ocrx_word' id='word_1_299' title='bbox 821 2038 908 2075; x_wconf 82' lang='lat'>304·</span> <span class='ocrx_word' id='word_1_300' title='bbox 1234 2033 1310 2074; x_wconf 77' lang='lat'>594</span> 
     </span>
     <span class='ocr_line' id='line_1_39' title="bbox 822 2072 1363 2128; baseline -0.011 -12"><span class='ocrx_word' id='word_1_301' title='bbox 822 2091 908 2128; x_wconf 72' lang='lat'><strong>245.</strong></span> <span class='ocrx_word' id='word_1_302' title='bbox 948 2075 1130 2126; x_wconf 77' lang='lat' dir='ltr'>imparibus</span> <span class='ocrx_word' id='word_1_303' title='bbox 1173 2080 1292 2116; x_wconf 80' lang='lat' dir='ltr'>armis,</span> <span class='ocrx_word' id='word_1_304' title='bbox 1325 2072 1363 2110; x_wconf 88' lang='lat' dir='ltr'>h.</span> 
     </span>
     <span class='ocr_line' id='line_1_40' title="bbox 819 2123 1449 2179; baseline -0.008 -13"><span class='ocrx_word' id='word_1_305' title='bbox 819 2130 948 2179; x_wconf 86' lang='lat' dir='ltr'>quibus</span> <span class='ocrx_word' id='word_1_306' title='bbox 980 2141 1061 2178; x_wconf 87' lang='lat' dir='ltr'>apes</span> <span class='ocrx_word' id='word_1_307' title='bbox 1095 2138 1194 2176; x_wconf 86' lang='lat' dir='ltr'>pares</span> <span class='ocrx_word' id='word_1_308' title='bbox 1235 2137 1310 2162; x_wconf 90' lang='lat' dir='ltr'>non</span> <span class='ocrx_word' id='word_1_309' title='bbox 1350 2123 1449 2161; x_wconf 86' lang='lat' dir='ltr'>sunt.</span> 
     </span>
     <span class='ocr_line' id='line_1_41' title="bbox 818 2176 1446 2230; baseline -0.008 -13"><span class='ocrx_word' id='word_1_310' title='bbox 818 2183 913 2230; x_wconf 81' lang='lat' dir='ltr'>asper</span> <span class='ocrx_word' id='word_1_311' title='bbox 933 2180 1010 2218; x_wconf 76' lang='lat' dir='ltr'>vid.</span> <span class='ocrx_word' id='word_1_312' title='bbox 1032 2178 1104 2216; x_wconf 85' lang='lat' dir='ltr'>Ge.</span> <span class='ocrx_word' id='word_1_313' title='bbox 1122 2177 1195 2221; x_wconf 85' lang='grc' dir='ltr'>ΠΙ,</span> <span class='ocrx_word' id='word_1_314' title='bbox 1218 2189 1302 2227; x_wconf 81' lang='lat'>149.</span> <span class='ocrx_word' id='word_1_315' title='bbox 1355 2176 1446 2225; x_wconf 81' lang='lat'><strong>245.</strong></span> 
     </span>
     <span class='ocr_line' id='line_1_42' title="bbox 819 2227 1447 2282; baseline -0.01 -14"><span class='ocrx_word' id='word_1_316' title='bbox 819 2238 933 2276; x_wconf 80' lang='lat' dir='ltr'>tineae,</span> <span class='ocrx_word' id='word_1_317' title='bbox 969 2244 1121 2282; x_wconf 86' lang='lat' dir='ltr'>quarum</span> <span class='ocrx_word' id='word_1_318' title='bbox 1148 2227 1347 2280; x_wconf 85' lang='lat' dir='ltr'>papiliones</span> <span class='ocrx_word' id='word_1_319' title='bbox 1363 2238 1447 2263; x_wconf 89' lang='lat' dir='ltr'>ene-</span> 
     </span>
     <span class='ocr_line' id='line_1_43' title="bbox 819 2278 1446 2334; baseline -0.008 -14"><span class='ocrx_word' id='word_1_320' title='bbox 819 2296 900 2321; x_wconf 88' lang='lat' dir='ltr'>care</span> <span class='ocrx_word' id='word_1_321' title='bbox 912 2283 1018 2334; x_wconf 86' lang='lat' dir='ltr'>jubet</span> <span class='ocrx_word' id='word_1_322' title='bbox 1043 2281 1190 2319; x_wconf 88' lang='lat' dir='ltr'>Colum.</span> <span class='ocrx_word' id='word_1_323' title='bbox 1221 2278 1297 2321; x_wconf 90' lang='lat' dir='ltr'>IX,</span> <span class='ocrx_word' id='word_1_324' title='bbox 1331 2289 1390 2325; x_wconf 88' lang='lat'>14,</span> <span class='ocrx_word' id='word_1_325' title='bbox 1407 2280 1446 2316; x_wconf 89' lang='lat'>8.</span> 
     </span>
    </p>
   </div>
   <div class='ocr_carea' id='block_1_13' title="bbox 817 2328 1447 2385">
    <p class='ocr_par' dir='ltr' id='par_1_13' title="bbox 817 2328 1447 2385">
     <span class='ocr_line' id='line_1_44' title="bbox 817 2328 1447 2385; baseline -0.008 -15"><span class='ocrx_word' id='word_1_326' title='bbox 817 2339 934 2385; x_wconf 74' lang='lat' dir='ltr'>invzsa</span> <span class='ocrx_word' id='word_1_327' title='bbox 970 2334 1168 2376; x_wconf 59' lang='lat' dir='ltr'>Minenvae3</span> <span class='ocrx_word' id='word_1_328' title='bbox 1211 2339 1298 2369; x_wconf 89' lang='lat' dir='ltr'>nota</span> <span class='ocrx_word' id='word_1_329' title='bbox 1324 2328 1447 2368; x_wconf 85' lang='lat' dir='ltr'>fabula</span> 
     </span>
    </p>
   </div>
   <div class='ocr_carea' id='block_1_14' title="bbox 1364 2020 1445 2109">
    <p class='ocr_par' dir='ltr' id='par_1_14' title="bbox 1364 2020 1445 2109">
     <span class='ocr_line' id='line_1_45' title="bbox 1364 2020 1445 2109; baseline 0.012 -51"><span class='ocrx_word' id='word_1_330' title='bbox 1364 2020 1445 2109; x_wconf 50' lang='grc' dir='ltr'>[ηεξ.</span> 
     </span>
    </p>
   </div>
   <div class='ocr_carea' id='block_1_15' title="bbox 124 2387 760 2850">
    <p class='ocr_par' dir='ltr' id='par_1_15' title="bbox 124 2387 760 2850">
     <span class='ocr_line' id='line_1_46' title="bbox 129 2387 756 2439; baseline 0.002 -16"><span class='ocrx_word' id='word_1_331' title='bbox 129 2399 247 2426; x_wconf 85' lang='lat' dir='ltr'>ceram</span> <span class='ocrx_word' id='word_1_332' title='bbox 263 2388 529 2439; x_wconf 80' lang='lat' dir='ltr'>depascentium</span> <span class='ocrx_word' id='word_1_333' title='bbox 540 2404 550 2434; x_wconf 78' lang='lat'><em>3</em></span> <span class='ocrx_word' id='word_1_334' title='bbox 578 2402 622 2425; x_wconf 89' lang='lat' dir='ltr'>ex</span> <span class='ocrx_word' id='word_1_335' title='bbox 641 2387 756 2425; x_wconf 87' lang='lat' dir='ltr'>erucis</span> 
     </span>
     <span class='ocr_line' id='line_1_47' title="bbox 129 2437 756 2490; baseline 0.002 -16"><span class='ocrx_word' id='word_1_336' title='bbox 129 2437 170 2474; x_wconf 85' lang='lat' dir='ltr'>in</span> <span class='ocrx_word' id='word_1_337' title='bbox 211 2440 428 2490; x_wconf 80' lang='lat' dir='ltr'>chrysalides</span> <span class='ocrx_word' id='word_1_338' title='bbox 465 2440 678 2489; x_wconf 81' lang='lat' dir='ltr'>tandemque</span> <span class='ocrx_word' id='word_1_339' title='bbox 718 2439 756 2475; x_wconf 89' lang='lat' dir='ltr'>in</span> 
     </span>
     <span class='ocr_line' id='line_1_48' title="bbox 129 2488 755 2540; baseline 0.003 -16"><span class='ocrx_word' id='word_1_340' title='bbox 129 2488 260 2529; x_wconf 85' lang='lat' dir='ltr'>blattas</span> <span class='ocrx_word' id='word_1_341' title='bbox 293 2491 472 2540; x_wconf 85' lang='lat' dir='ltr'>lucifugas</span> <span class='ocrx_word' id='word_1_342' title='bbox 510 2489 755 2528; x_wconf 83' lang='lat' dir='ltr'>transformari</span> 
     </span>
     <span class='ocr_line' id='line_1_49' title="bbox 124 2541 755 2591; baseline -0.002 -12"><span class='ocrx_word' id='word_1_343' title='bbox 124 2542 258 2591; x_wconf 82' lang='lat' dir='ltr'>solent.</span> <span class='ocrx_word' id='word_1_344' title='bbox 320 2543 370 2580; x_wconf 87' lang='lat' dir='ltr'>cf.</span> <span class='ocrx_word' id='word_1_345' title='bbox 403 2542 549 2579; x_wconf 85' lang='lat' dir='ltr'>Colum.</span> <span class='ocrx_word' id='word_1_346' title='bbox 585 2541 661 2584; x_wconf 82' lang='lat' dir='ltr'>IX,</span> <span class='ocrx_word' id='word_1_347' title='bbox 696 2555 755 2590; x_wconf 81' lang='lat'>14,</span> 
     </span>
     <span class='ocr_line' id='line_1_50' title="bbox 143 2593 759 2644; baseline -0.006 -12"><span class='ocrx_word' id='word_1_348' title='bbox 143 2605 177 2632; x_wconf 77' lang='grc' dir='ltr'>Ι.</span> <span class='ocrx_word' id='word_1_349' title='bbox 200 2608 238 2633; x_wconf 86' lang='lat'>2.</span> <span class='ocrx_word' id='word_1_350' title='bbox 258 2596 293 2632; x_wconf 83' lang='lat'>8.</span> <span class='ocrx_word' id='word_1_351' title='bbox 313 2607 352 2644; x_wconf 86' lang='lat'>9.</span> <span class='ocrx_word' id='word_1_352' title='bbox 405 2593 609 2630; x_wconf 39' lang='lat' dir='ltr'>Pla-ahenam</span> <span class='ocrx_word' id='word_1_353' title='bbox 635 2600 759 2631; x_wconf 77' lang='lat' dir='ltr'>tineam</span> 
     </span>
     <span class='ocr_line' id='line_1_51' title="bbox 130 2643 758 2688; baseline -0.006 -4"><span class='ocrx_word' id='word_1_354' title='bbox 130 2646 351 2688; x_wconf 75' lang='lat' dir='ltr'>mellonellam</span> <span class='ocrx_word' id='word_1_355' title='bbox 386 2643 497 2682; x_wconf 83' lang='lat' dir='ltr'>Linn.</span> <span class='ocrx_word' id='word_1_356' title='bbox 527 2654 655 2681; x_wconf 79' lang='lat' dir='ltr'>vocant</span> <span class='ocrx_word' id='word_1_357' title='bbox 679 2644 758 2681; x_wconf 87' lang='lat' dir='ltr'>nos-</span> 
     </span>
     <span class='ocr_line' id='line_1_52' title="bbox 130 2696 758 2745; baseline -0.003 -10"><span class='ocrx_word' id='word_1_358' title='bbox 130 2697 180 2735; x_wconf 88' lang='lat' dir='ltr'>tri</span> <span class='ocrx_word' id='word_1_359' title='bbox 211 2697 282 2735; x_wconf 81' lang='lat' dir='ltr'>viri</span> <span class='ocrx_word' id='word_1_360' title='bbox 302 2696 415 2734; x_wconf 70' lang='lat' dir='ltr'>doffi.</span> <span class='ocrx_word' id='word_1_361' title='bbox 472 2700 679 2745; x_wconf 68' lang='lat' dir='ltr'>244.fi!clts</span> <span class='ocrx_word' id='word_1_362' title='bbox 706 2699 758 2744; x_wconf 86' lang='lat' dir='ltr'>(v.</span> 
     </span>
     <span class='ocr_line' id='line_1_53' title="bbox 129 2746 760 2796; baseline -0.003 -10"><span class='ocrx_word' id='word_1_363' title='bbox 129 2748 175 2786; x_wconf 76' lang='lat' dir='ltr'>ad</span> <span class='ocrx_word' id='word_1_364' title='bbox 193 2762 229 2787; x_wconf 90' lang='lat' dir='ltr'>v.</span> <span class='ocrx_word' id='word_1_365' title='bbox 252 2748 337 2791; x_wconf 88' lang='lat'>168)</span> <span class='ocrx_word' id='word_1_366' title='bbox 367 2753 530 2790; x_wconf 79' lang='lat' dir='ltr'>immunis,</span> <span class='ocrx_word' id='word_1_367' title='bbox 560 2747 658 2796; x_wconf 86' lang='lat' dir='ltr'>quod</span> <span class='ocrx_word' id='word_1_368' title='bbox 685 2746 760 2796; x_wconf 81' lang='lat' dir='ltr'>ipse</span> 
     </span>
     <span class='ocr_line' id='line_1_54' title="bbox 128 2797 759 2850; baseline -0.005 -14"><span class='ocrx_word' id='word_1_369' title='bbox 128 2799 224 2838; x_wconf 89' lang='lat' dir='ltr'>nihil</span> <span class='ocrx_word' id='word_1_370' title='bbox 243 2811 358 2850; x_wconf 86' lang='lat' dir='ltr'>operae</span> <span class='ocrx_word' id='word_1_371' title='bbox 372 2798 417 2834; x_wconf 85' lang='lat' dir='ltr'>ad</span> <span class='ocrx_word' id='word_1_372' title='bbox 435 2797 655 2835; x_wconf 79' lang='lat' dir='ltr'>mellificium</span> <span class='ocrx_word' id='word_1_373' title='bbox 673 2810 759 2834; x_wconf 88' lang='lat' dir='ltr'>con-</span> 
     </span>
    </p>
   </div>
   <div class='ocr_carea' id='block_1_16' title="bbox 129 2849 758 2903">
    <p class='ocr_par' dir='ltr' id='par_1_16' title="bbox 129 2849 758 2903">
     <span class='ocr_line' id='line_1_55' title="bbox 129 2849 758 2903; baseline 0.003 -16"><span class='ocrx_word' id='word_1_374' title='bbox 129 2850 213 2892; x_wconf 78' lang='lat' dir='ltr'>fert.</span> <span class='ocrx_word' id='word_1_375' title='bbox 236 2850 337 2892; x_wconf 84' lang='lat' dir='ltr'>conf.</span> <span class='ocrx_word' id='word_1_376' title='bbox 369 2849 518 2890; x_wconf 83' lang='lat' dir='ltr'>Hefiod.</span> <span class='ocrx_word' id='word_1_377' title='bbox 542 2851 639 2900; x_wconf 70' lang='grc' dir='ltr'><strong><em>Ἷὶςγ.</em></strong></span> <span class='ocrx_word' id='word_1_378' title='bbox 669 2861 758 2903; x_wconf 14' lang='lat'><strong>3⁸03.</strong></span> 
     </span>
    </p>
   </div>
   <div class='ocr_carea' id='block_1_17' title="bbox 629 2949 641 2968">
    <p class='ocr_par' dir='ltr' id='par_1_17' title="bbox 629 2949 641 2968">
     <span class='ocr_line' id='line_1_56' title="bbox 629 2949 641 2968; baseline 0 0"><span class='ocrx_word' id='word_1_379' title='bbox 629 2949 641 2968; x_wconf 49' lang='grc' dir='ltr'><strong>ἡ</strong></span> 
     </span>
    </p>
   </div>
   <div class='ocr_carea' id='block_1_18' title="bbox 817 2386 1449 2932">
    <p class='ocr_par' dir='ltr' id='par_1_18' title="bbox 818 2386 1065 2425">
     <span class='ocr_line' id='line_1_57' title="bbox 818 2386 1065 2425; baseline 0 0"><span class='ocrx_word' id='word_1_380' title='bbox 818 2386 864 2425; x_wconf 88' lang='lat' dir='ltr'>de</span> <span class='ocrx_word' id='word_1_381' title='bbox 882 2386 1065 2425; x_wconf 82' lang='lat' dir='ltr'>Arachne.</span> 
     </span>
    </p>

    <p class='ocr_par' dir='ltr' id='par_1_19' title="bbox 817 2431 1449 2899">
     <span class='ocr_line' id='line_1_58' title="bbox 872 2431 1447 2488; baseline -0.017 -12"><span class='ocrx_word' id='word_1_382' title='bbox 872 2440 958 2488; x_wconf 85' lang='lat'>248.</span> <span class='ocrx_word' id='word_1_383' title='bbox 1011 2438 1086 2487; x_wconf 67' lang='lat' dir='ltr'>Qto</span> <span class='ocrx_word' id='word_1_384' title='bbox 1129 2439 1235 2486; x_wconf 72' lang='lat' dir='ltr'>mergis</span> <span class='ocrx_word' id='word_1_385' title='bbox 1278 2431 1388 2470; x_wconf 76' lang='lat' dir='ltr'>exhau</span> <span class='ocrx_word' id='word_1_386' title='bbox 1414 2445 1447 2467; x_wconf 83' lang='lat' dir='ltr'><em>ae</em></span> 
     </span>
     <span class='ocr_line' id='line_1_59' title="bbox 819 2485 1446 2540; baseline -0.013 -14"><span class='ocrx_word' id='word_1_387' title='bbox 819 2502 899 2540; x_wconf 88' lang='lat' dir='ltr'>apes</span> <span class='ocrx_word' id='word_1_388' title='bbox 925 2489 1005 2526; x_wconf 89' lang='lat' dir='ltr'>sunt</span> <span class='ocrx_word' id='word_1_389' title='bbox 1029 2488 1132 2525; x_wconf 85' lang='lat' dir='ltr'>melle</span> <span class='ocrx_word' id='word_1_390' title='bbox 1162 2485 1333 2523; x_wconf 57' lang='lat' dir='ltr'>subducto</span> <span class='ocrx_word' id='word_1_391' title='bbox 1364 2485 1446 2529; x_wconf 85' lang='lat' dir='ltr'>(nec</span> 
     </span>
     <span class='ocr_line' id='line_1_60' title="bbox 821 2535 1446 2588; baseline -0.011 -12"><span class='ocrx_word' id='word_1_392' title='bbox 821 2550 940 2579; x_wconf 83' lang='lat' dir='ltr'>tamen</span> <span class='ocrx_word' id='word_1_393' title='bbox 972 2553 1015 2577; x_wconf 91' lang='lat' dir='ltr'>eo</span> <span class='ocrx_word' id='word_1_394' title='bbox 1026 2539 1147 2588; x_wconf 87' lang='lat' dir='ltr'>usque,</span> <span class='ocrx_word' id='word_1_395' title='bbox 1180 2545 1219 2574; x_wconf 89' lang='lat' dir='ltr'>ut</span> <span class='ocrx_word' id='word_1_396' title='bbox 1237 2535 1330 2572; x_wconf 86' lang='lat' dir='ltr'>fame</span> <span class='ocrx_word' id='word_1_397' title='bbox 1345 2545 1446 2585; x_wconf 87' lang='lat' dir='ltr'>pere-</span> 
     </span>
     <span class='ocr_line' id='line_1_61' title="bbox 821 2587 1446 2636; baseline -0.011 -8"><span class='ocrx_word' id='word_1_398' title='bbox 821 2592 958 2630; x_wconf 88' lang='lat' dir='ltr'>undum</span> <span class='ocrx_word' id='word_1_399' title='bbox 975 2592 1030 2636; x_wconf 85' lang='lat' dir='ltr'>fit,</span> <span class='ocrx_word' id='word_1_400' title='bbox 1042 2603 1105 2628; x_wconf 90' lang='lat' dir='ltr'>nec</span> <span class='ocrx_word' id='word_1_401' title='bbox 1123 2589 1240 2626; x_wconf 89' lang='lat' dir='ltr'>alieno</span> <span class='ocrx_word' id='word_1_402' title='bbox 1253 2587 1446 2636; x_wconf 88' lang='lat' dir='ltr'>tempore),</span> 
     </span>
     <span class='ocr_line' id='line_1_62' title="bbox 820 2637 1445 2692; baseline -0.011 -13"><span class='ocrx_word' id='word_1_403' title='bbox 820 2659 853 2680; x_wconf 82' lang='lat' dir='ltr'>eo</span> <span class='ocrx_word' id='word_1_404' title='bbox 870 2650 978 2681; x_wconf 79' lang='lat' dir='ltr'>acrius</span> <span class='ocrx_word' id='word_1_405' title='bbox 995 2657 1099 2680; x_wconf 78' lang='lat' dir='ltr'>omnes</span> <span class='ocrx_word' id='word_1_406' title='bbox 1114 2651 1259 2692; x_wconf 85' lang='lat' dir='ltr'>operam</span> <span class='ocrx_word' id='word_1_407' title='bbox 1276 2637 1379 2681; x_wconf 87' lang='lat' dir='ltr'>dant,</span> <span class='ocrx_word' id='word_1_408' title='bbox 1403 2644 1445 2673; x_wconf 91' lang='lat' dir='ltr'>ut</span> 
     </span>
     <span class='ocr_line' id='line_1_63' title="bbox 817 2693 1446 2744; baseline -0.01 -14"><span class='ocrx_word' id='word_1_409' title='bbox 817 2694 991 2744; x_wconf 59' lang='lat' dir='ltr'>jacturam</span> <span class='ocrx_word' id='word_1_410' title='bbox 1009 2703 1144 2730; x_wconf 78' lang='lat' dir='ltr'>tantam</span> <span class='ocrx_word' id='word_1_411' title='bbox 1162 2698 1345 2741; x_wconf 88' lang='lat' dir='ltr'>reparent:</span> <span class='ocrx_word' id='word_1_412' title='bbox 1375 2693 1446 2725; x_wconf 79' lang='lat' dir='ltr'>rui-</span> 
     </span>
     <span class='ocr_line' id='line_1_64' title="bbox 824 2740 1447 2798; baseline -0.014 -15"><span class='ocrx_word' id='word_1_413' title='bbox 824 2761 886 2782; x_wconf 78' lang='lat' dir='ltr'>nas</span> <span class='ocrx_word' id='word_1_414' title='bbox 898 2748 1028 2798; x_wconf 78' lang='lat' dir='ltr'>generis</span> <span class='ocrx_word' id='word_1_415' title='bbox 1043 2745 1140 2794; x_wconf 78' lang='lat' dir='ltr'>lapfi‚</span> <span class='ocrx_word' id='word_1_416' title='bbox 1155 2751 1194 2779; x_wconf 90' lang='lat' dir='ltr'>ut</span> <span class='ocrx_word' id='word_1_417' title='bbox 1209 2740 1447 2798; x_wconf 48' lang='lat' dir='ltr'>paullopnte,</span> 
     </span>
     <span class='ocr_line' id='line_1_65' title="bbox 824 2793 1449 2848; baseline -0.018 -12"><span class='ocrx_word' id='word_1_418' title='bbox 824 2802 1035 2848; x_wconf 60' lang='lat' dir='ltr'>resp-afim,</span> <span class='ocrx_word' id='word_1_419' title='bbox 1054 2808 1071 2832; x_wconf 86' lang='lat' dir='ltr'>a</span> <span class='ocrx_word' id='word_1_420' title='bbox 1092 2793 1322 2845; x_wconf 45' lang='lat' dir='ltr'>republica-et</span> <span class='ocrx_word' id='word_1_421' title='bbox 1334 2802 1449 2838; x_wconf 80' lang='lat' dir='ltr'>lmpe-</span> 
     </span>
     <span class='ocr_line' id='line_1_66' title="bbox 825 2842 1447 2899; baseline -0.01 -13"><span class='ocrx_word' id='word_1_422' title='bbox 825 2847 880 2886; x_wconf 85' lang='lat' dir='ltr'>rio</span> <span class='ocrx_word' id='word_1_423' title='bbox 915 2847 1040 2899; x_wconf 83' lang='lat' dir='ltr'>aliquo</span> <span class='ocrx_word' id='word_1_424' title='bbox 1070 2846 1240 2885; x_wconf 88' lang='lat' dir='ltr'>sumtum.</span> <span class='ocrx_word' id='word_1_425' title='bbox 1302 2842 1447 2881; x_wconf 90' lang='lat' dir='ltr'>Notum</span> 
     </span>
    </p>

    <p class='ocr_par' dir='ltr' id='par_1_20' title="bbox 1327 2902 1448 2932">
     <span class='ocr_line' id='line_1_67' title="bbox 1327 2902 1448 2932; baseline 0.008 -1"><span class='ocrx_word' id='word_1_426' title='bbox 1327 2902 1448 2932; x_wconf 81' lang='lat' dir='ltr'>autem</span> 
     </span>
    </p>
   </div>
  </div>
 </body>
</html>
