1987 3361
441 259 918 323 eomclssus
973 267 1142 318 MSS.
1391 285 1442 317 LI

135 427 228 480 qua
264 411 359 459 vid.
392 409 477 456 inf.
547 403 897 454 Adservabatur
934 400 1015 448 ille
1057 401 1107 447 in
1152 399 1443 447 bibliotheca

136 496 376 550 Vaticana,
410 494 458 539 in
504 507 598 554 qua
640 501 799 535 tamen
837 485 1001 533 frustra
1046 500 1157 531 eum
1199 483 1444 547 quaerebat

135 579 368 626 Bottarius
403 573 537 638 praef.
576 572 636 620 ad
671 570 840 635 fragm.
868 568 1023 616 VatiC.
1048 584 1098 631 p.
1124 567 1182 614 V.
1253 567 1443 615 Mirum

133 663 197 710 est
225 662 284 709 de
303 677 357 707 eo
389 658 458 705 nil
478 656 734 704 memorari
760 669 787 701 a
822 653 936 700 viris
962 653 1129 708 doetis,
1165 652 1348 714 quoties
1383 649 1443 695 de

132 746 269 794 claris
294 740 550 806 Pomponii
573 739 819 787 codicibus
843 748 1005 800 agunt,
1034 746 1090 782 ut
1113 735 1272 791 Perfii,
1296 733 1445 780 Pom-

130 829 227 891 peii
251 826 372 874 Festi
386 850 398 881 ;
430 841 490 871 ne
510 822 678 886 Apost.
748 820 882 867 Zeno
905 818 1103 882 quidem
1126 817 1239 877 Dg‘ffi
1268 813 1448 872 Vqffiane

129 925 179 971 p.
209 906 392 971 243‚sq.
476 904 626 952 Levat
650 914 808 949 tamen
836 899 1117 948 defiderium
1140 895 1284 945 Pierii
1316 897 1364 942 in
1388 909 1444 941 eo

127 990 400 1038 adhibendo
421 986 686 1052 diligentia..

197 1072 331 1120 Codex
348 1071 683 1136 Longobardicus
707 1067 865 1126 Pierii,
899 1083 1041 1131 quem
1070 1082 1146 1112 non
1177 1066 1299 1127 nget
1327 1063 1444 1109 evol-

129 1157 245 1218 viffe,
278 1170 332 1204 ut
354 1156 435 1203 ille
457 1155 517 1202 de
551 1171 607 1202 eo
632 1166 794 1202 monet
827 1152 887 1200 ab
915 1152 1127 1199 Bucolic.
1172 1149 1326 1212 princ.
1395 1146 1441 1192 A

128 1242 397 1289 charaetere
436 1257 610 1288 nornen
644 1239 938 1303 impositum,
978 1237 1062 1300 qui
1099 1248 1259 1282 tamen
1294 1229 1446 1293 qualis

129 1326 201 1383 fit,
231 1342 289 1373 ex
318 1326 512 1373 nomine
544 1326 626 1372 vix
656 1325 854 1372 definire
884 1322 1001 1371 ausit
1029 1321 1215 1383 aliquis,
1249 1333 1362 1364 cum
1395 1317 1445 1361 in

128 1407 374 1471 scripturae
425 1409 618 1455 notione
673 1406 944 1455 definienda
993 1404 1130 1450 valde
1176 1398 1445 1447 fluetuarint

125 1489 422 1554 superiorum
444 1490 727 1539 saeculorum
748 1488 922 1538 critici.

199 1572 331 1620 Codex
353 1571 577 1617 Mediceus
600 1569 772 1616 Pierii:
808 1570 867 1614 ab
891 1584 962 1626 eo,
997 1585 1144 1631 quem
1182 1561 1443 1627 Fogginius

129 1653 360 1719 expreffit,
393 1653 560 1715 utique
583 1649 804 1707 diversuS,
846 1650 974 1712 quod
998 1649 1072 1694 vel
1096 1646 1207 1692 hinc
1232 1645 1444 1707 colligaS‚

130 1737 243 1800 quia
273 1736 324 1783 in
351 1737 509 1800 prima
539 1734 698 1781 statim
728 1733 912 1796 Ecloga
941 1747 969 1777 a
1006 1729 1161 1776 Pierio
1196 1727 1444 1780 laudatur;

129 1818 450 1882 Fogginianus
474 1834 587 1865 vero
610 1817 669 1863 ab
691 1816 828 1863 initio
849 1814 1046 1862 mutilus
1081 1811 1146 1859 est
1160 1834 1172 1865 ;
1209 1809 1291 1856 etfi
1328 1810 1446 1856 leci-

129 1903 281 1949 tiones
305 1900 409 1948 sunt
432 1917 540 1964 quae
580 1916 695 1947 cum
729 1899 812 1946 illo
842 1897 1148 1952 conveniunt,
1181 1895 1303 1956 inpr.
1329 1892 1442 1938 ΖΕΗ.

131 1985 249 2044 XII,
285 2000 369 2033 221
414 1985 631 2047 pubentes,
665 1983 795 2046 quod
838 1982 1089 2030 Mediceus
1133 1996 1160 2025 a
1204 1977 1444 2042 Fogginio

129 2069 323 2116 excusus
354 2070 404 2115 in
439 2067 580 2114 litura
619 2067 776 2113 habet.
847 2065 976 2111 Eum
1014 2063 1137 2109 inter
1169 2058 1442 2106 emendatos

129 2153 234 2211 effe,
267 2154 326 2200 ad
344 2151 553 2199 Bucolic.
580 2167 652 2214 pr.
699 2149 880 2196 Pierius
921 2146 1131 2194 testatur.
1201 2142 1338 2189 Num
1362 2141 1442 2187 ille

128 2237 389 2284 etiamnum
425 2235 474 2281 in
511 2250 689 2297 magno
725 2233 808 2279 illo
838 2230 980 2278 codd.
1013 2226 1313 2291 Virgilianor.
1351 2239 1442 2269 nu-

131 2335 282 2377 mero,
315 2319 398 2382 qui
435 2319 485 2365 in
512 2317 733 2367 Medieea
756 2315 1014 2371 servantur,
1048 2312 1202 2366 lateat,
1247 2323 1342 2353 non
1365 2306 1442 2353 di-

131 2400 299 2447 xerirn.

204 2481 451 2529 Leffiones
473 2482 703 2529 variantes
725 2497 782 2527 ex
805 2478 975 2526 iisdem
1002 2475 1136 2523 libris
1165 2472 1311 2520 modo
1336 2486 1441 2517 me·-

130 2567 344 2623 moratis‚
377 2566 548 2629 quibus
572 2565 750 2612 Pierius
773 2563 879 2611 usus
903 2562 1069 2617 fuerat,
1096 2559 1154 2606 ad
1178 2556 1440 2604 editionem

130 2647 394 2708 Juntinam,
418 2648 536 2695 forte
558 2648 618 2694 ab
642 2646 783 2711 ipfius
808 2644 949 2692 Pierii
974 2659 1130 2698 manu,
1153 2652 1335 2687 notatas
1355 2641 1439 2686 ha-

128 2729 235 2776 buit
273 2729 515 2788 Heinsius,
561 2740 854 2777 memorante
900 2728 1063 2773 Burm.
1101 2725 1149 2770 in
1200 2722 1336 2785 praef.
1377 2723 1435 2767 ad

130 2811 303 2876 virgil.
330 2812 506 2859 Pierius
543 2823 701 2859 tamen
726 2824 899 2874 praeter
919 2808 1026 2855 istos
1051 2805 1298 2852 nonnullos
1322 2804 1442 2848 alios,

130 2908 273 2940 manu
312 2894 587 2941 versaverat.
657 2894 730 2940 Ita
771 2893 1002 2940 Codicem
1043 2890 1252 2944 Fortium,
1289 2884 1438 2930 Codi-

744 2976 775 3020 d
812 2991 837 3021 2
876 2986 879 2996 ²
1329 2984 1437 3016 cem
