1821 3381
319 314 852 371 GEORGICON,
902 311 1054 359 LIB.
1101 308 1195 357 ΙΙΙ.
1324 322 1417 373 393

130 457 311 511 Cetera,
334 469 442 516 quae
463 466 628 497 vacuas
652 447 898 496 tenuissent
921 444 1131 492 carmine
1155 440 1349 496 mentis,

128 543 308 589 Omnia
323 541 427 605 jam
454 540 644 602 volgata
663 557 672 585 ε
709 538 814 600 quis
837 548 915 582 aut
940 533 1198 595 Eurysthea
1218 530 1409 585 durum,

128 633 230 681 Aut
253 630 479 678 inlaudati
503 628 649 675 nescit
674 626 898 674 Busiridis
921 625 1050 674 aras?

134 724 227 772 Cui
250 737 346 768 non
368 719 519 766 dicstus
542 716 694 778 Hylas
717 715 867 778 puer?
905 727 949 761 et
975 715 1172 761 Latonia
1195 714 1373 763 Delos?
1416 730 1444 779 5

129 811 550 876 Hippodameque,
563 807 854 869 humeroque
865 805 1033 868 Pelops
1045 805 1237 870 infignis
1251 806 1450 867 eburno,

178 962 209 993 3.
233 955 361 986 Carmine
379 954 580 985 Burmannus
594 951 746 994 reposuit,
759 959 796 983 ut
813 959 880 983 erat
901 951 935 983 in
957 950 1118 982 nonnullis
1142 949 1258 989 Pierii3
1280 949 1313 981 in
1330 949 1447 992 fragm.

137 1004 243 1036 Varie.
277 1004 393 1035 Medic.
413 1012 444 1035 et
471 1003 540 1035 aliis
564 1006 699 1041 carmina,
725 1003 810 1045 quod
831 1003 930 1044 vulgo
947 1003 1060 1034 editur.
1107 1002 1284 1033 Proclivior
1299 1002 1402 1044 lapsus
1415 1001 1451 1032 in

142 1055 204 1085 hoc
221 1066 257 1086 ex
273 1055 339 1093 illo,
355 1066 451 1096 quam
468 1055 536 1085 vice
559 1054 666 1091 versa3
687 1056 782 1085 mentis
809 1054 895 1084 idem
922 1053 1039 1095 scripsit
1067 1065 1104 1085 ex
1131 1054 1281 1085 Rottend.
1301 1061 1372 1085 tert.
1389 1063 1451 1095 pro

142 1116 249 1137 mentes.
340 1116 371 1144 4.
388 1107 515 1148 vulgata
532 1105 618 1136 idem
634 1116 671 1135 ex
689 1105 772 1136 Gud.
791 1112 822 1135 et
846 1104 983 1135 Nic-utel.
1008 1111 1080 1136 tert.
1116 1105 1186 1148 sunt
1214 1106 1341 1148 vulgata
1357 1106 1452 1135 Parr-

140 1156 205 1188 has.
224 1157 347 1189 Bodlei.
367 1165 399 1188 et
417 1168 497 1188 unus
513 1157 622 1187 Mead.
713 1165 745 1194 5.
763 1157 900 1197 Bufiridis
917 1168 993 1187 arces
1019 1156 1133 1187 Medic.
1159 1167 1176 1186 a
1192 1167 1234 1187 m.
1252 1167 1298 1199 pr.
1317 1157 1452 1188 illaudari

140 1207 241 1240 Goth.
259 1207 427 1250 pr.——-6.
451 1209 529 1252 Qvi
545 1207 577 1238 in
595 1206 771 1238 Pierianis:
795 1214 832 1237 ut
847 1206 988 1244 EcLIV,
1007 1208 1057 1239 62.
1104 1208 1146 1237 Et
1159 1206 1198 1238 fic
1214 1207 1328 1249 fragm.
1345 1206 1453 1240 Vatic-

130 1326 249 1377 Pastor
275 1325 320 1363 ab
350 1326 531 1377 Amphtjfh
565 1339 631 1376 pro
666 1327 757 1363 Am-

130 1378 302 1427 phryfius,
322 1391 421 1414 more
440 1378 613 1427 loquendi
640 1379 760 1428 paullo

130 1429 305 1466 dofiiore.
360 1428 490 1466 Graece
504 1430 663 1466 diceres:
696 1440 761 1467 No-

130 1482 208 1526 μεὺς
220 1480 466 1530 Ἀμφξύσηὲειι.
488 1481 539 1517 Cf.
556 1480 680 1531 Toup.
693 1482 762 1533 Ep.

130 1532 211 1570 erit.
240 1547 277 1583 p.
312 1533 394 1583 165.
448 1532 542 1569 Mox
556 1532 674 1582 filvas
693 1551 764 1571 am-

131 1588 243 1634 msque
261 1585 376 1634 Lycaei
402 1594 578 1621 memorat
604 1597 667 1633 pro
696 1585 765 1623 deo

134 1635 306 1684 Lycaeum
322 1646 476 1678 tenente,
489 1635 604 1680 Pane3
620 1645 655 1671 et
669 1636 763 1673 hunc

132 1699 200 1737 pro
231 1700 268 1723 re
300 1687 494 1737 pastoritia.
552 1701 586 1734 3.
634 1686 763 1724 Pinda-

134 1751 213 1775 rum
245 1738 395 1788 Olymp,
429 1738 512 1774 Ode
540 1739 578 1774 II
607 1752 662 1788 pr.
681 1748 762 1776 ante

135 1789 257 1826 oculos
274 1790 446 1834 habuiffe,
462 1790 581 1827 Cerda
599 1791 759 1840 putabar.

134 1840 350 1878 Communis
369 1851 486 1878 tamen
513 1842 576 1878 illa
593 1842 639 1878 est
669 1842 761 1878 ratio

138 1892 335 1930 multorum
373 1897 577 1943 poetarum,
619 1903 658 1930 ut
693 1893 763 1930 alia

134 1943 199 1988 fibi
215 1955 384 1994 praerepta
401 1945 480 1988 effe,
509 1945 580 1981 alia
603 1944 765 1994 vulgaria

136 2008 155 2032 a
191 1995 225 2031 se
263 1996 385 2032 omitti
424 1995 560 2033 dicant.
641 1996 766 2046 Magis

133 2056 273 2083 certum
285 2048 346 2092 est,
366 2047 523 2084 nostrum
538 2048 668 2084 multos
682 2047 764 2085 imi-

133 2107 225 2135 tatos
251 2099 330 2144 effe,
363 2098 542 2148 imprimis
568 2098 764 2136 Manilium

133 2149 201 2187 lib.
215 2149 272 2186 III
287 2164 340 2201 pr.
360 2150 410 2186 cf.
433 2149 541 2186 AEtna
555 2164 627 2201 pr„
648 2149 709 2186 ubi
727 2164 762 2187 v·

136 2200 362 2239 Wernsdorf.
379 2201 538 2251 Oppian.
551 2202 692 2252 Cyneg.
708 2215 762 2251 pr.

136 2252 341 2291 Nemefian.
368 2253 512 2303 Cyneg.
542 2267 583 2304 ις
604 2253 672 2303 sq„
703 2253 765 2289 ubi

134 2303 188 2342 cf.
209 2304 366 2341 Titium.
421 2302 549 2341 Tenent
572 2316 689 2342 mentes
707 2317 763 2348 ca,

138 2369 217 2405 quae
233 2356 425 2398 deleftant,
452 2365 487 2392 et
504 2355 675 2405 exprimit
693 2356 762 2392 hoc

137 2406 254 2456 ipsum
263 2406 511 2445 deleftationis
519 2418 690 2443 naturam.
701 2423 764 2443 va-

137 2474 208 2497 cuae
233 2467 350 2494 autern
369 2469 486 2496 mentes
498 2472 518 2495 a
535 2458 645 2502 curis,
665 2457 768 2494 rebus

139 2522 180 2546 ac
200 2509 326 2546 studiis
346 2509 486 2552 severis,
505 2519 684 2551 vacantes,
699 2509 767 2545 sol-

138 2562 241 2598 lenne
249 2561 293 2596 de
304 2560 361 2603 iis,
375 2560 435 2610 qui
445 2565 633 2611 poetarum
641 2559 770 2597 carmi-

138 2625 183 2649 na
195 2611 359 2648 audiunt.
378 2612 563 2648 Monenda
577 2612 650 2648 haec
661 2624 767 2661 prop-

139 2672 192 2701 ter
211 2662 407 2700 Burmanni
424 2662 638 2700 subtilitates
656 2664 768 2701 fuere.

190 2728 305 2765 4—7.
336 2713 434 2750 Dum
454 2714 666 2764 Eurystheum
693 2727 765 2750 me·

141 2776 272 2810 morat,
292 2765 462 2802 Herculis
476 2765 615 2802 labores
633 2765 765 2802 intelli-

139 2817 206 2867 git.
262 2816 399 2854 Eodem
429 2816 607 2854 referendi
636 2817 765 2854 Busiris

139 2878 177 2908 et
207 2868 338 2921 Hylas.
402 2867 674 2906 Commemorat
703 2881 765 2906 au-

821 1333 895 1363 tem
913 1325 1063 1368 fabulas,
1082 1339 1168 1377 quas
1183 1328 1213 1363 'a
1230 1325 1312 1364 satis
1331 1325 1454 1368 multis

824 1377 940 1427 poetis
971 1378 1133 1415 tradatas
1150 1379 1214 1415 effe
1243 1379 1451 1420 constabat:

825 1428 912 1465 hine
932 1442 965 1465 v.
986 1429 1009 1466 6
1023 1430 1092 1466 Cui
1101 1446 1163 1467 non
1176 1433 1313 1468 didus?
1332 1431 1454 1470 Dicere

826 1480 924 1517 euim
943 1481 988 1517 de
1001 1480 1120 1531 poe'tis
1133 1481 1299 1519 sollenne.
1338 1482 1454 1522 Fuiss'e

829 1544 972 1581 quoque
995 1533 1127 1569 neceffe
1154 1534 1201 1569 est
1225 1534 1388 1572 carmina
1407 1537 1455 1575 de

832 1583 941 1627 Delo,
959 1593 994 1619 et
1009 1584 1053 1620 de
1073 1583 1200 1634 Pelope
1217 1585 1360 1635 ejusque
1372 1601 1455 1625 cnr-

828 1635 864 1670 su
898 1634 1031 1678 curuli,
1064 1648 1136 1685 quo
1167 1635 1455 1686 Hippodamiam

829 1686 1001 1722 OEnomai
1046 1687 1073 1723 f.
1118 1687 1299 1725 obtinuit:
1344 1699 1382 1726 at
1413 1704 1457 1729 ea

827 1738 948 1773 omnia
974 1742 1164 1788 poetarum
1183 1753 1291 1790 opera
1309 1739 1457 1780 interci-

825 1788 970 1833 derunt,
1013 1800 1139 1839 praeter
1191 1792 1379 1841 Apollonii
1420 1804 1459 1832 et

826 1840 1021 1877 Theocriti
1034 1841 1113 1878 loca
1125 1842 1170 1878 de
1185 1841 1299 1891 Hyla,
1314 1844 1458 1883 Hercu-

826 1890 870 1927 lis
890 1892 1033 1934 amasio,
1065 1903 1100 1930 et
1115 1893 1200 1930 Deli
1219 1895 1341 1932 laudes
1357 1898 1457 1947 apud

829 1943 1106 1982 Callimachum.
1161 1945 1255 1998 Qae
1272 1955 1389 1985 autem
1410 1962 1458 1987 ex

829 1994 1026 2044 deperditis
1047 1996 1199 2034 excitari
1232 1997 1291 2033 hic
1310 2000 1461 2048 poffent,

831 2058 926 2082 notae
954 2048 1102 2084 modum
1133 2048 1310 2086 excessura
1340 2052 1462 2090 effent.

834 2111 868 2146 ς.
899 2097 956 2134 De
982 2098 1155 2141 illaudato,
1180 2100 1215 2136 h.
1239 2100 1460 2148 detestando,

830 2148 990 2186 Busiride
1021 2149 1187 2200 inprimis
1213 2153 1324 2189 multa
1350 2153 1463 2192 inter-

827 2212 942 2250 pretes
967 2203 1207 2240 cumularunt.
1278 2204 1460 2243 Isocratea

828 2253 946 2288 oratio
966 2254 1067 2302 plane
1094 2254 1154 2290 hic
1183 2257 1460 2295 commemorari

827 2316 899 2339 non
917 2303 1082 2341 debebat.
1135 2305 1205 2342 Sed
1233 2307 1383 2345 videndi
1404 2309 1461 2346 in-

830 2354 955 2404 primis
975 2355 1074 2393 Gen.
1102 2356 1155 2400 II,
1175 2358 1212 2402 6,
1232 2358 1294 2395 ubi
1311 2359 1360 2396 cf.
1378 2360 1460 2409 Jac.

833 2405 996 2443 Gronov.
1019 2407 1186 2447 Macrob.
1217 2409 1291 2447 Sat.
1321 2409 1393 2454 Vl,
1421 2425 1460 2462 7.

834 2457 947 2493 Omni
966 2458 1205 2507 disputatione
1218 2460 1361 2510 potiora
1380 2461 1462 2501 sunt

834 2509 898 2545 illa
941 2508 1057 2546 Gellii
1090 2512 1221 2548 verba:
1268 2512 1461 2551 illaudatus

833 2563 876 2610 <st
903 2562 996 2611 quasi
1019 2562 1235 2599 illaudabilis
1266 2574 1297 2600 et
1325 2570 1462 2602 innomi-

835 2611 972 2656 nabilis,
1005 2619 1064 2663 qui
1093 2630 1193 2664 neque
1221 2621 1376 2651 mentione
1401 2627 1463 2654 aut

834 2669 987 2701 memoria
1020 2664 1092 2701 ulla
1119 2668 1250 2715 dignus,
1273 2682 1373 2716 neque
1390 2683 1464 2704 um-

833 2730 931 2765 quam
949 2719 1171 2753 memorandus
1187 2719 1240 2768 cst.
1288 2717 1461 2766 Expreffit

828 2777 946 2803 autem
968 2767 1122 2806 Homeri
1143 2771 1185 2805 εἰ
1203 2763 1352 2813 ὄνομὲιςὸν
1382 2769 1460 2814 Od,

830 2834 868 2861 τ,
888 2818 974 2855 260.
999 2831 1083 2868 ς97.
1141 2820 1202 2856 Sic
1221 2819 1403 2859 ἀπόθητος.
1423 2817 1460 2862 ν’.

830 2869 955 2920 Toup.
975 2869 1042 2920 Ep.
1061 2870 1143 2910 crit.
1173 2884 1257 2923 pag.
1295 2875 1365 2919 8²3
1394 2885 1462 2913 nec

1414 2925 1462 2964 ad
