1821 3381
347 347 889 407 GEORGICON‚
945 349 1096 397 LIB.
1147 350 1214 399 II.
1355 366 1446 415 343

134 481 289 529 Densa
303 481 398 530 sere
412 484 489 538 3in
508 484 650 531 denso
664 501 754 532 non
771 484 954 549 segnior
965 486 1104 532 ubere
1117 485 1343 534 Bacchus,
1354 501 1442 551 275

132 572 215 619 Sin
236 576 431 622 tumulis
449 576 633 623 adclive
656 575 807 623 solum
831 577 1058 639 collisque
1078 576 1294 639 supinos:

130 662 336 727 Indulge
358 665 621 712 ordinibus.
691 665 792 712 Nec
819 665 964 712 secius
987 667 1139 713 omnis
1159 667 1207 712 in
1230 683 1447 731 unguem

130 754 396 803 Arboribus
419 756 580 819 positis
604 755 727 803 seeto
751 757 827 802 via
851 756 1005 803 limite
1027 757 1240 819 quadret.

176 901 251 932 275.
274 894 414 924 Bacchum
432 893 535 926 Goth.
553 894 766 936 pr.---276.
792 896 894 924 adcline
911 894 1033 925 Medic.
1057 906 1074 926 a
1099 905 1146 926 m.
1170 906 1233 937 pr.,
1254 907 1312 929 nec
1337 906 1446 932 tamen

130 955 149 976 a
165 945 323 987 Fogginio
348 953 506 976 notatum.
549 947 660 975 humilis
676 945 762 975 idern
778 955 796 974 a
812 955 855 975 m.
875 955 922 986 pr.
966 947 1095 986 proclive
1112 949 1233 979 Moret.
1252 957 1360 989 quart.
1392 952 1447 991 fic-

123 999 190 1040 pini
200 997 326 1028 Nonius
342 997 374 1028 in
390 999 542 1040 indulgere,
557 1004 588 1027 et
607 995 751 1028 Parrhas.
767 1008 775 1033 3
792 1004 822 1026 et
840 996 940 1037 potest
958 996 1097 1028 defendi.
1143 1000 1208 1042 Qi
1219 1002 1328 1031 tumulis
1345 1001 1447 1032 Goth.

128 1048 190 1079 sec.
280 1056 356 1087 277.
371 1050 458 1089 fitius
484 1049 602 1079 Medic.
633 1048 731 1085 Gud.‚
753 1055 887 1088 uterque
906 1047 1048 1078 Mentel.
1075 1049 1144 1079 Erf.
1164 1061 1181 1079 a
1202 1061 1246 1081 m.
1264 1062 1313 1093 pr.
1333 1060 1363 1083 et
1380 1053 1446 1084 alii.

121 1101 235 1141 fignius
251 1099 411 1130 Rottend.
429 1107 460 1130 et
490 1110 569 1130 unus
595 1099 716 1130 Bodlei.
743 1109 815 1133 cum
840 1098 909 1129 Erf.
936 1110 953 1128 a
980 1109 1024 1129 m.
1053 1100 1129 1137 see„
1151 1101 1241 1132 solita
1257 1103 1448 1136 variatione.

118 1153 214 1193 sbrius
230 1150 388 1182 Arundel.
434 1151 485 1181 De
502 1158 656 1192 perpetua
672 1151 704 1180 in
722 1149 779 1180 hac
797 1161 874 1180 voce
891 1150 1045 1180 varietate
1070 1151 1224 1183 scribendi
1249 1154 1313 1184 vid.
1336 1155 1446 1186 Heius.

129 1202 170 1232 ad
187 1201 282 1233 ovid.
302 1202 388 1232 Met.
407 1202 447 1239 11,
471 1201 544 1243 809.
566 1201 624 1232 inf.
643 1202 721 1231 AEn.
742 1202 801 1238 1X,
816 1209 893 1238 441.
907 1202 950 1238 V,
963 1200 1038 1233 862.
1080 1203 1260 1245 Antiquior
1277 1204 1386 1246 utique
1401 1205 1447 1237 est

129 1253 377 1295 scriptura-fitius
394 1252 533 1296 etsteius.
581 1254 611 1284 A
624 1255 737 1294 sequius
754 1261 862 1283 tamen
880 1252 930 1283 vel
945 1255 1023 1294 six-us
1050 1253 1177 1291 ducere,
1191 1254 1317 1295 syllabae
1334 1257 1447 1298 primae

129 1305 291 1346 quantitas
306 1312 404 1336 vetat.
452 1306 630 1346 Putosecius
647 1316 664 1335 a
680 1305 721 1342 se,
743 1316 801 1346 pro
820 1304 896 1341 fine,
911 1305 1044 1334 duotum
1061 1305 1121 1336 effe
1135 1318 1143 1343 ;
1163 1313 1194 1336 et
1210 1305 1385 1338 formatum
1401 1316 1449 1348 ut,

129 1357 226 1388 ocius.
274 1357 430 1398 Necstcius
446 1364 475 1386 ut
487 1357 595 1398 jungit
612 1355 699 1386 Voss.
724 1364 760 1387 ut
785 1355 821 1386 fit
838 1366 896 1397 pro
920 1368 964 1385 nee
974 1357 1065 1396 samius
1080 1369 1123 1388 ac.
1171 1357 1288 1398 Sicque
1311 1358 1371 1389 effe
1395 1371 1447 1401 ap.

129 1409 246 1439 Horat.
264 1408 380 1446 111‚25‚
395 1407 487 1446 8,12.
517 1408 567 1438 De
587 1419 650 1448 quo
666 1407 794 1438 videant
812 1407 1169 1448 Grammatici.——·27
1178 1408 1206 1439 8.
1218 1411 1306 1452 saepto
1323 1411 1448 1442 Medic.

129 1470 148 1491 a
164 1470 207 1490 m.
223 1470 270 1500 pr.
290 1459 380 1490 Fuld.
396 1467 427 1490 et
444 1460 513 1490 cod.
533 1459 641 1490 Ursini
657 1459 689 1490 in
716 1460 838 1498 Servio,
861 1459 914 1491 sed
939 1460 1024 1490 reete
1039 1461 1116 1500 ῥεῖα
1141 1459 1273 1492 adstruit
1295 1462 1449 1505 exemplis

129 1512 242 1543 Burni.
277 1513 363 1553 saffo
381 1511 482 1543 Goth.
498 1511 558 1543 sec.

130 1623 244 1670 VIII,
277 1639 311 1671 1,
338 1625 433 1676 quod
454 1636 572 1663 tamen
594 1625 654 1663 hic
673 1625 754 1663 sub-

120 1676 264 1727 jicitur,
291 1677 383 1715 nihil
400 1679 446 1715 ad
464 1678 534 1715 hoc
553 1677 654 1714 facit.
684 1677 755 1715 Sed

127 1728 279 1765 dileftus
297 1729 405 1773 ratio,
433 1743 498 1780 pro
515 1730 609 1773 caeli,
638 1729 755 1779 regio-

127 1793 215 1818 num
248 1789 284 1818 et
314 1782 491 1818 nanuum
523 1780 664 1817 diversa
690 1793 752 1816 na-

127 1840 222 1875 tura,
251 1832 404 1876 variare,
431 1841 467 1868 et
498 1844 540 1868 ea
571 1831 752 1868 dubitatio

126 1883 273 1920 existere
291 1884 417 1934 potest,
444 1882 509 1919 sub
526 1884 595 1920 hoc
612 1884 667 1920 vel
686 1883 752 1919 illo

125 1936 228 1977 eaelo‚
255 1934 293 1972 in
311 1934 376 1972 tali
393 1934 506 1972 vineae
522 1935 603 1979 situ,
631 1943 692 1970 aut·
713 1934 752 1970 in

125 1996 226 2024 certo
243 1999 372 2038 genere
397 1986 544 2030 vitium,
573 1986 669 2036 quod
689 1986 751 2021 ha-

126 2039 224 2082 beas,
252 2047 371 2075 utrum
397 2038 614 2088 potiffimum
635 2037 753 2074 facere

126 2089 334 2134 conveniat,
361 2089 592 2139 campestrine
611 2102 656 2124 an
675 2088 750 2125 col-

123 2141 202 2179 lino
216 2140 290 2178 solo
302 2141 444 2178 vineam
459 2141 582 2178 serere.
601 2141 750 2177 Colum.

125 2193 200 2237 III,
243 2205 277 2237 1,
377 2192 598 2243 Exploratum
639 2203 751 2229 tamen

126 2244 264 2282 habebit
292 2247 438 2294 prudens
465 2245 613 2295 agricola
644 2259 748 2294 genus

124 2302 210 2334 ‘vitis
225 2296 339 2333 habile
354 2307 478 2346 campa,
505 2298 592 2346 quod
615 2295 751 2332 nebulas

121 2354 342 2399 pruinamque
359 2350 438 2397 sine
472 2363 560 2385 noxa
588 2351 721 2396 pe7ferl
735 2362 749 2391 ‚-

125 2400 214 2444 colli,
249 2401 336 2450 quod
349 2401 539 2448 ficcilcztem
574 2403 749 2448 ventosque

120 2458 268 2501 patitur.
297 2450 346 2488 cf.
384 2450 480 2488 Plin.
513 2450 648 2494 XVII,
685 2463 748 2494 22,

124 2502 205 2540 sest
223 2516 242 2551 3
250 2518 287 2554 ς,
318 2503 378 2541 16.

179 2567 395 2605 274—277.
431 2552 529 2602 Jam,
557 2552 581 2589 s1
611 2553 649 2589 in
673 2552 748 2603 pla-

124 2619 174 2643 no
206 2605 347 2642 vineam
379 2604 485 2649 facis,
520 2603 658 2648 densas,
698 2604 749 2640 fin

123 2657 164 2695 in
192 2658 299 2701 colle,
328 2669 421 2693 raras
449 2657 611 2706 plantato
641 2655 743 2692 vites.

123 2708 168 2745 In
186 2717 365 2759 praecepto
384 2708 451 2744 hoc
470 2707 608 2743 variant
635 2706 747 2757 scrip-

124 2768 243 2797 tores:
273 2773 308 2798 ν.
328 2760 428 2797 Nota
446 2758 575 2795 Cerdae
593 2759 637 2795 ad
659 2770 746 2809 ²75·

123 2811 261 2849 Metari
287 2827 399 2862 agros,
437 2809 612 2853 finiendo,
649 2809 685 2847 h.
717 2810 743 2847 l.

123 2863 171 2899 de
204 2876 263 2906 eo,
290 2862 388 2912 quod
419 2860 664 2910 consequitur,
692 2860 747 2898 in-

121 2914 259 2966 tellige,
297 2926 424 2966 nempe
467 2913 608 2951 vineam
641 2912 748 2965 ‚insti-

821 1635 934 1670 tuere,
963 1625 1090 1662 facere.
1128 1637 1215 1676 ²75·
1256 1623 1350 1664 Haec
1384 1636 1446 1665 aut

821 1677 867 1714 fic
909 1677 1027 1727 accipi
1070 1677 1232 1727 possunt:
1278 1684 1314 1715 in
1355 1681 1449 1728 denso

821 1729 920 1766 ubere
951 1745 1013 1766 non
1036 1732 1173 1778 segnior
1200 1729 1378 1775 Bacchzls,·
1405 1730 1446 1769 h.

821 1780 859 1816 in
904 1780 980 1816 sato
1024 1779 1148 1822 denso,
1186 1779 1210 1815 fi
1256 1781 1356 1831 densa
1407 1781 1444 1821 h.

822 1832 943 1875 dense,
981 1832 1131 1880 plantes,
1164 1829 1275 1867 modo
1311 1833 1448 1883 pingue

820 1882 935 1920 solum
952 1882 1007 1924 sit,
1036 1882 1112 1919 vini
1141 1894 1213 1918 non
1241 1882 1358 1921 minus
1383 1886 1445 1922 lae-

822 1944 877 1971 tus
895 1944 1086 1984 proventus
1103 1934 1165 1976 est,
1184 1943 1262 1978 aut,
1283 1941 1317 1972 in
1337 1937 1446 1984 denso,

820 1986 857 2022 h.
895 2000 926 2022 e.
963 1998 1061 2029 curn,
1089 1984 1289 2023 minoribus
1321 1987 1447 2037 spatiis

821 2037 967 2080 reliffls,
996 2035 1113 2073 densae
1142 2047 1325 2086 ponuntur
1341 2039 1446 2085 vites,

820 2089 970 2126 Bacchus
1004 2103 1065 2125 non
1086 2091 1225 2138 segnior
1262 2089 1374 2134 ubere,
1402 2091 1441 2129 h.

821 2140 981 2176 ubertate
997 2140 1059 2181 est,
1087 2139 1164 2176 scil.
1197 2139 1221 2175 fi
1251 2139 1289 2176 in
1312 2140 1446 2192 pingui

819 2191 894 2228 solo
928 2191 1071 2227 vineam
1107 2189 1208 2227 facis.
1263 2190 1445 2231 Caeterum

819 2242 879 2282 hie
916 2241 1141 2279 manifestum
1187 2243 1240 2286 fit,
1285 2243 1445 2282 Socratis

818 2292 1095 2345 disputationem
1132 2292 1288 2344 Virgilii
1319 2296 1444 2334 animo

818 2345 980 2383 insedisse
1012 2344 1182 2394 Xenoph.
1237 2346 1370 2385 OEcon.
1408 2361 1444 2387 e.

820 2397 952 2442 XVII,
988 2399 1127 2434 8—11.
1165 2396 1253 2446 276.
1284 2398 1344 2435 Sin
1368 2412 1442 2436 me-

818 2448 938 2486 tabere
973 2448 1083 2498 solum
1125 2448 1254 2485 acclive
1294 2451 1443 2496 tumulat,

817 2500 902 2550 quia
935 2500 973 2537 in
1004 2499 1144 2536 tumulo
1172 2499 1277 2536 fitum
1304 2501 1367 2544 est,
1395 2502 1442 2539 ad

817 2552 996 2589 tumulum
1012 2550 1187 2601 adsurgit.
1210 2564 1296 2601 277.
1321 2553 1442 2590 Indul-

812 2614 872 2654 get
888 2603 1054 2640 ordinibus
1083 2612 1118 2638 et
1146 2602 1191 2645 is,
1219 2602 1283 2651 qui
1310 2603 1443 2653 fimpli-

818 2654 908 2691 citer
939 2654 1030 2690 facit
1058 2653 1217 2696 ordines,
1244 2663 1279 2689 et
1304 2652 1348 2697 is,
1376 2655 1442 2704 qui

817 2706 969 2742 laxiores
986 2718 1028 2742 ac
1045 2704 1193 2741 rariores
1211 2702 1314 2747 facit,
1341 2719 1441 2756 mag-

816 2756 872 2793 nis
889 2757 1016 2807 spatiis
1037 2755 1181 2799 reliftis,
1217 2766 1256 2791 ut
1275 2756 1442 2796 deleetari

815 2808 911 2858 quasi
929 2808 1055 2845 iisdem
1069 2806 1243 2843 videatur.
1259 2806 1353 2844 Bene
1362 2809 1440 2846 Ser-

817 2860 918 2898 vius:
949 2866 976 2883 “
996 2861 1120 2898 ordines
1137 2860 1220 2904 effice
1243 2857 1443 2910 largimvsss'

818 2926 905 2965 277.
928 2913 1015 2963 278.
1043 2910 1240 2960 Nccsecius,
1266 2910 1304 2949 h.
1335 2910 1438 2953 item,

1316 2974 1444 3013 porro,
