1987 3361
480 302 504 345 8
640 291 741 344 DE
788 289 1156 341 CARMINE
1202 282 1613 336 BUCOLICQ

685 424 733 461 Et
752 423 872 460 secura
890 420 990 471 quies
1007 428 1042 455 et
1062 417 1178 455 nescia
1195 417 1315 454 fallere
1331 415 1422 460 vita,

684 482 798 520 Dives
816 494 923 531 opum
943 478 1134 521 variarum,
1153 477 1285 522 etQ-„itis
1302 475 1375 512 otia
1393 474 1530 518 fundis,

684 543 869 592 Spelunca:
886 537 1030 587 vivique
1044 537 1155 577 lacurn
1174 545 1208 571 et
1226 534 1365 584 frigida
1383 534 1539 584 Tempe,

682 598 919 651 Mugitusqne
936 597 1046 634 boum
1067 593 1258 644 mollesque
1277 592 1338 630 sub
1358 592 1486 629 arbore
1505 591 1621 630 somni

681 661 770 699 Non
789 659 917 696 absunt
931 658 968 700 *‚

476 762 767 822 omninoque
789 768 946 803 totum
967 752 1188 801 carminis
1204 749 1434 813 pastoritii
1449 761 1787 813 argumentum

478 845 537 893 ad
563 843 696 890 silvas
722 838 948 902 agrosque
971 837 1189 898 spectare,
1226 833 1344 880 ruris
1368 843 1414 878 et
1442 831 1560 878 veris
1582 831 1788 878 amoeni·
1848 873 1853 875 .

479 941 574 976 tate
605 920 949 977 commendari,
985 931 1031 965 ct
1063 919 1193 964 locus
1223 915 1331 962 faeti
1357 914 1448 961 five
1476 913 1699 960 dramatis
1723 913 1790 959 ita

478 1008 704 1060 declarari
741 1005 898 1060 debet,
932 1013 984 1048 ut
1021 999 1172 1045 sensus
1216 998 1358 1044 nostri
1393 996 1529 1043 rebus
1566 996 1673 1059 ipfis
1712 997 1788 1043 in-

479 1091 639 1141 teresse
665 1087 932 1134 videantur.
1002 1081 1149 1145 Qod
1187 1081 1460 1127 animorum
1496 1079 1791 1126 deludendo-

479 1190 587 1223 rum
611 1170 868 1219 artificium
903 1165 1219 1228 descriptione
1244 1165 1459 1210 locorum
1483 1179 1536 1210 ac
1562 1162 1789 1226 temporiS

479 1271 575 1302 non
601 1268 773 1316 parum
798 1250 1010 1314 juvatur,
1043 1248 1119 1294 cui
1162 1259 1337 1292 veteres
1377 1257 1477 1291 tam
1514 1261 1684 1308 parum
1714 1245 1790 1291 in-

479 1334 662 1385 dulfiffe
705 1331 867 1378 mirari
915 1329 1036 1376 forte
1073 1327 1240 1391 possis;
1292 1343 1582 1389 quamquam
1630 1327 1793 1375 Theo-

480 1418 626 1465 critus
670 1415 756 1462 hac
797 1424 894 1458 arte
933 1409 1136 1472 Virgilio
1174 1409 1382 1454 multum
1429 1408 1648 1469 praesta't:
1687 1407 1795 1453 sunt

481 1497 614 1545 enim
645 1496 765 1542 inter
801 1491 898 1556 ejus
933 1491 1271 1553 descriptiones
1304 1489 1546 1535 nonnullae
1582 1490 1702 1535 veris
1736 1505 1791 1536 ac

481 1579 601 1626 ruris
635 1574 911 1624 suaviffimae
950 1585 996 1619 et
1026 1571 1376 1631 dulciffimae†;
1413 1570 1714 1633 frequentius,
1748 1584 1793 1617 et

482 1663 530 1708 in
582 1658 743 1705 multis
789 1654 1002 1711 feliciter,
1048 1670 1103 1700 eo
1149 1652 1381 1700 Gesnerus
1427 1652 1530 1699 usus
1579 1651 1658 1709 est,
1692 1652 1796 1699 sua-

481 1741 690 1788 viffimus
727 1731 880 1800 poeta,
927 1752 1071 1798 quem
1120 1735 1314 1797 antiqua
1357 1734 1438 1780 illa
1491 1733 1682 1801 Graecia
1715 1746 1795 1781 aut

482 1823 620 1870 suum
653 1819 741 1866 effe
774 1818 1054 1881 popularem
1092 1810 1373 1871 credidisset,
1408 1827 1487 1862 aut
1509 1815 1644 1862 nobis
1669 1816 1797 1863 invi-

482 1906 635 1954 diffet.
706 1903 781 1950 Ex
818 1901 987 1948 eodem
1019 1900 1155 1947 fonte
1177 1901 1418 1947 derivatur
1440 1900 1518 1946 illa
1546 1900 1680 1956 ratio,
1704 1916 1797 1961 qua

481 1986 777 2052 praecipitur,
810 1998 862 2031 ut
900 2001 993 2031 non
1031 1984 1191 2042 modo,
1228 1983 1460 2047 quicquid
1483 1983 1580 2029 veri
1606 1984 1798 2042 frurstus,

484 2072 571 2119 otii
598 2082 644 2118 et
670 2068 920 2124 felicitatis,
956 2069 1069 2114 vitae
1105 2068 1290 2114 rusticae
1314 2066 1407 2112 five
1430 2067 1645 2129 pastorali
1675 2066 1800 2125 infit,

485 2154 542 2201 ad
560 2152 787 2216 pastoritii
805 2151 1028 2198 carminis
1049 2149 1327 2197 suavitatem
1344 2149 1606 2205 arceffatur,
1630 2165 1800 2196 verum

487 2234 632 2281 etiam
667 2245 734 2289 ut,
766 2231 996 2294 quicquid
1039 2230 1098 2277 ad
1134 2230 1540 2293 amplificandam,
1568 2246 1800 2276 exornan-

487 2314 614 2370 dam,
647 2330 700 2360 ac
723 2311 1062 2360 cumulandam
1085 2312 1219 2358 istam
1256 2328 1415 2358 veram
1446 2309 1799 2374 jucunditatem

487 2395 636 2442 animi
659 2394 730 2440 vis
753 2393 1021 2456 excogitare
1043 2409 1096 2439 ac
1121 2393 1299 2456 fingere
1322 2392 1472 2456 potiit,
1487 2393 1547 2439 ad
1571 2391 1802 2456 majorem

489 2477 766 2524 suavitatem
792 2475 1049 2522 liberaliter
1072 2489 1366 2538 congeratur.
1413 2473 1657 2538 Qicquid
1672 2474 1802 2520 enim

489 2558 705 2606 animum
728 2557 958 2604 delestare
976 2568 1023 2603 et
1044 2556 1273 2604 illecebris
1300 2556 1585 2619 quibusdam
1602 2556 1804 2603 delinire

490 2638 658 2702 potest,
680 2638 726 2684 in
752 2636 803 2683 id
832 2635 975 2699 poeta
1000 2635 1078 2699 jus
1113 2636 1271 2684 habet.
1353 2635 1445 2683 Sed
1482 2652 1575 2682 non
1599 2636 1646 2682 in
1670 2637 1802 2683 omni

490 2733 663 2782 genere
685 2717 848 2764 omnia
860 2717 919 2764 ad
937 2716 1269 2764 delcetandum
1292 2716 1392 2764 vim
1408 2715 1578 2762 habere
1598 2715 1801 2778 poffunt.

543 2842 568 2866 ⁴¹*
595 2842 668 2884 Ge.
686 2841 825 2893 113461
849 2839 926 2894 sqq.
1186 2840 1210 2878 ’ἓ
1238 2840 1335 2879 Vide
1352 2838 1464 2890 Idyll.
1484 2839 1520 2877 V
1524 2840 1574 2880 ΙΙ.
1687 2892 1717 2939 S

1722 2904 1808 2939 unt
