1987 3361
487 400 512 437 8

492 583 517 620 9
545 583 706 620 cidentes
737 581 839 631 equis
865 580 1019 618 curavit.

469 651 518 680 ιο
545 655 650 692 panes
677 641 857 691 Virgilio,
897 649 938 677 ut
968 638 1031 675 uni
1063 650 1108 675 ex
1139 635 1354 679 stabulariis,
1379 633 1460 672 dari
1492 633 1602 684 justit.

477 1063 517 1090 11

481 1304 524 1331 12

481 1423 525 1460 13
556 1427 641 1451 num
673 1423 708 1451 et
735 1412 820 1462 equi
850 1422 1017 1448 naturam
1058 1409 1289 1461 parentesque
1321 1415 1510 1459 cognorat.

481 1602 530 1640 14
554 1591 684 1629 tandos
714 1589 878 1626 homines
912 1588 1126 1625 facultatem
1164 1585 1325 1629 haberet.

538 286 690 320 evar

856 266 1010 316 TIB.
1049 263 1162 312 CL.
1199 261 1540 313 DONAT1

593 406 666 445 111.
695 405 842 459 Qibus
879 404 982 442 rebus
1016 415 1099 439 cum
1147 409 1230 438 ante
1266 398 1356 435 alios
1404 396 1584 435 eruditior
1635 395 1856 447 peritiorque

540 467 639 511 effer,
665 466 699 502 se
724 465 759 502 in
797 464 938 502 Urbem
967 461 1141 506 contulit,
1169 459 1373 509 statimque,
1401 457 1561 508 magistri
1591 456 1722 495 stabuli
1745 466 1857 507 equo-

544 539 624 562 rum
652 524 806 576 Augusti
840 522 1039 561 amicitiam
1069 521 1207 563 nactus,
1236 518 1368 556 multos
1395 516 1586 567 variosque
1620 515 1764 554 morbos
1800 513 1856 551 in-

1076 578 1128 614 At
1164 578 1227 614 illc
1258 577 1296 614 in
1325 574 1525 613 mercedem
1557 574 1704 624 singulis
1731 571 1859 611 diebus

1668 632 1811 675 Interea
1837 644 1860 671 a

545 700 771 741 Crotoniatis
802 700 919 751 pullus
953 696 1052 747 equi,
1094 695 1195 733 mirae
1231 692 1530 745 pulchritudiniS,
1575 690 1710 729 Caesari
1759 691 1860 729 dono

545 759 618 796 fuit
637 759 779 796 missus:
811 757 874 808 qui
905 756 1069 802 omnium
1093 753 1239 804 judicio
1259 752 1353 804 spem
1385 750 1624 802 portendebat
1655 749 1800 788 virtutis
1824 758 1862 788 et

545 817 742 855 celeritatis
777 815 969 854 immensae.
1027 813 1140 850 Hunc
1176 825 1260 849 cum
1296 809 1504 866 adspexiffet
1539 808 1662 851 Maro,
1691 808 1862 858 magistro

546 876 675 914 stabuli
715 875 826 920 dixit,
866 883 988 911 natum
1023 871 1089 909 ess‘e
1124 883 1168 908 ex
1205 869 1370 908 morbosa
1405 881 1512 918 equa,
1552 876 1588 904 et
1625 880 1690 905 nec
1724 864 1866 905 viribus

546 936 744 973 valiturum
787 948 852 972 nec
898 931 1104 970 celeritate:
1134 929 1245 979 idque
1280 942 1402 966 verum
1438 927 1540 965 fuisse
1583 927 1771 964 inventum
1801 927 1863 969 est.

549 995 663 1048 Qod
692 1009 775 1032 cum
814 993 979 1044 magister
1004 990 1132 1028 stabuli
1169 989 1334 1039 Augusto
1366 987 1554 1030 recitasset,
1582 986 1762 1037 duplicari
1799 985 1863 1037 ipsx

551 1055 589 1093 in
622 1055 824 1093 mercedem
856 1065 963 1104 panes
990 1051 1098 1101 justit.
1151 1049 1251 1086 Cum
1284 1048 1370 1086 item
1404 1060 1448 1084 ex
1491 1045 1668 1097 Hispania
1703 1047 1868 1096 Augusto

549 1129 655 1152 canes
684 1115 784 1152 dono
803 1113 1046 1155 mitterentur,
1075 1119 1111 1148 et
1138 1119 1298 1159 parentes
1329 1121 1454 1145 eorum
1483 1105 1580 1143 dixit
1611 1105 1806 1156 Virgilius,
1831 1115 1868 1147 et

548 1175 727 1219 animum,
754 1174 1045 1222 celeritatemque
1072 1170 1246 1207 futuram.
1301 1167 1389 1220 Qo
1428 1165 1596 1219 cognito,
1623 1165 1771 1209 mandat
1802 1164 1869 1202 ite-

551 1247 629 1272 rum
648 1234 814 1285 Virgilio
830 1246 935 1284 panes
952 1230 1145 1282 duplicari.

606 1293 679 1332 IV.
707 1293 903 1331 Dubitavit
937 1291 1132 1342 AugustuS,
1169 1289 1364 1328 ORaviine
1413 1286 1508 1324 filius
1548 1285 1644 1330 esset,
1684 1299 1729 1323 an
1780 1285 1868 1323 alte-

556 1354 652 1392 rius:
683 1354 794 1404 idque
830 1353 1023 1390 Maronem
1057 1350 1194 1400 aperire
1237 1350 1332 1400 pofl'e
1364 1346 1558 1387 arbitratus
1593 1346 1656 1389 est,
1693 1346 1779 1397 quia
1810 1359 1870 1383 ca-

1583 1406 1731 1444 Amotis
1757 1405 1873 1457 igitur

552 1472 723 1512 omnibus
751 1471 911 1515 arbitris,
939 1470 1043 1507 illum
1079 1469 1118 1506 in
1154 1468 1367 1518 penitiorem
1403 1476 1541 1517 partem
1590 1465 1720 1503 domus
1749 1475 1873 1516 vocat,

554 1542 590 1570 et
628 1532 742 1569 solum
774 1539 892 1581 rogat,
933 1543 978 1566 an
1008 1528 1096 1566 sciat
1131 1527 1296 1577 quisnam
1329 1527 1426 1570 effer,
1453 1534 1490 1563 et
1531 1537 1637 1575 quam
1673 1524 1719 1561 ad
1755 1524 1874 1565 felici÷

1387 1585 1498 1627 Novi,
1525 1582 1646 1633 inquit
1676 1583 1801 1627 Maro,
1828 1595 1876 1632 te„

553 1652 678 1701 Caesar
703 1650 864 1700 Auguste,
903 1658 935 1684 et
966 1650 1081 1698 firme
1114 1661 1247 1695 aequam
1278 1660 1350 1682 cum
1387 1644 1437 1680 dis
1470 1640 1710 1684 inmmrz‘alibus
1738 1645 1876 1693 potcsta-

553 1721 619 1749 tem
647 1709 787 1753 habere,
827 1717 880 1752 ut,
907 1722 1000 1758 quem
1025 1711 1097 1749 vis,
1113 1703 1254 1756 filicem
1286 1707 1421 1754 facias.

555 1835 678 1865 imitatus
708 1833 752 1876 est
783 1831 847 1863 vid.
890 1829 947 1861 inf.
978 1829 1118 1861 Prooem.
1149 1825 1183 1857 in

557 1879 737 1914 Moretum.

602 1921 653 1951 De
678 1921 777 1962 Syrone
793 1915 946 1957 magistro
969 1914 1036 1945 vid.
1066 1913 1122 1944 inf.
1146 1913 1186 1944 ad

564 1966 592 2002 8,.
610 1973 661 2004 79.
707 1962 771 2006 Jos.
791 1960 932 2001 Scaliger
957 1959 997 1990 ad
1021 1957 1186 1988 Cataletsta

559 2003 706 2048 Virgilii,
727 2006 759 2036 in
788 2004 878 2036 Cirin
902 2013 953 2044 pr.
981 2009 1014 2033 et
1041 1999 1188 2039 Heinsius

560 2052 600 2085 de
617 2052 729 2091 Satyra
745 2049 861 2079 Horat.
874 2047 917 2077 lib
939 2047 978 2082 11,
991 2056 1022 2087 p.
1036 2044 1076 2087 98
1089 2043 1188 2083 etiam

562 2106 581 2125 a
605 2095 682 2124 Catio
707 2092 837 2124 Insubro
866 2088 1077 2132 philosophize
1110 2086 1188 2128 Epi-

562 2148 666 2168 cureae
711 2135 839 2178 gustum
873 2131 1022 2173 accepisse
1053 2130 1189 2167 volunt3

564 2180 748 2223 conjeetura
772 2190 809 2210 ex
834 2189 871 2208 eo
894 2176 1001 2213 ducta,
1026 2174 1111 2216 quod
1138 2173 1190 2204 hic

561 2226 618 2256 M.
638 2224 748 2255 Catius
764 2220 928 2253 Miltiades
942 2218 1083 2255 Insuber,
1105 2224 1135 2248 et
1151 2227 1189 2247 ex

563 2267 693 2310 Epicuri
709 2266 792 2297 saeta
816 2262 1033 2307 philosophus,
1055 2272 1092 2292 eo
1107 2268 1190 2291 tem-

562 2322 642 2355 pore
670 2308 851 2341 Mediolani
876 2307 969 2337 vixit.
1011 2303 1192 2341 Meminere

564 2355 633 2396 ejus
649 2354 716 2385 Cic.
741 2354 781 2384 ad
805 2352 881 2382 Div.
910 2350 989 2387 XV,
1020 2346 1058 2379 16
1083 2354 1114 2378 et
1141 2356 1192 2387 19.

565 2400 679 2430 Horat.
707 2398 772 2427 Sat.
798 2397 838 2432 11,
864 2404 884 2431 4
911 2403 960 2435 pr.
1029 2391 1090 2421 Sed
1119 2390 1193 2420 vide

565 2441 715 2482 Baylium
736 2442 860 2470 DiHion.
885 2437 918 2467 h.
941 2447 976 2467 v.
998 2442 1030 2466 et
1050 2432 1191 2465 Maffon.

566 2485 647 2515 Vita
663 2486 776 2514 Horat.
796 2492 869 2524 pag.
895 2479 948 2511 28.
995 2479 1051 2509 M.
1076 2479 1193 2507 Furium

568 2529 731 2559 Bibaculum
748 2534 909 2557 oratorem
929 2530 960 2553 et
976 2523 1117 2564 poetam,
1141 2531 1194 2550 cu·

569 2573 618 2611 ius
640 2571 746 2601 versus
770 2569 891 2610 aliquot
919 2567 1049 2596 Sueton.
1081 2563 1194 2594 recitat

567 2610 618 2646 Ill.
643 2617 822 2644 Grammat.
844 2622 894 2648 11,
914 2610 999 2640 inter
1013 2607 1146 2647 Virgilii
1162 2614 1193 2637 et

568 2658 649 2689 Vari
680 2657 847 2696 magistros
876 2652 1013 2684 retulere
1038 2650 1103 2681 alii.
1127 2649 1194 2680 vid.

569 2701 666 2733 Arifii
683 2691 843 2731 Crfmona
858 2697 999 2728 litterata
1013 2696 1060 2728 T.
1084 2695 1193 2735 Lpag.

573 2756 623 2784 17.
655 2744 709 2776 28.
777 2744 941 2783 Legerant
972 2738 1128 2769 nimirum
1161 2737 1194 2767 in

570 2787 766 2828 Hieronymi
820 2785 944 2815 Cliron.
999 2780 1112 2812 Euseb.
1157 2779 1197 2810 ad

570 2832 705 2875 Olymp.
736 2829 810 2872 169,
837 2838 855 2870 3
889 2827 948 2871 (U.
982 2826 1020 2858 C.
1053 2823 1129 2867 652)
1155 2823 1196 2855 M.

1478 1702 1527 1742 Eo
1560 1707 1672 1738 animo
1697 1704 1795 1752 stam,
1822 1713 1877 1745 rex

1249 1826 1352 1857 Furius
1386 1826 1472 1866 poi-'ta
1522 1830 1700 1864 cognomento.
1730 1823 1879 1860 Bibaculus·

1251 1869 1385 1898 Cremona:
1412 1868 1541 1907 nastissur.
1586 1867 1620 1896 In
1643 1865 1792 1897 Gudiano
1815 1867 1879 1897 Co-

1250 1911 1319 1942 dice
1348 1910 1547 1952 Guelpherb.
1575 1909 1777 1941 bibliothecae
1799 1910 1877 1947 Vita

1250 1953 1384 1995 Virgilii
1407 1960 1475 1984 erat
1493 1952 1638 1995 praefixa,
1656 1953 1689 1983 in
1706 1963 1767 1994 qua
1783 1955 1881 1995 poeta

1252 1998 1337 2040 apud
1363 1998 1493 2038 Epidium
1522 2004 1684 2026 oratorem
1708 2006 1782 2026 cum
1805 1997 1880 2026 Cae-

1251 2041 1317 2081 sare
1336 2040 1480 2081 Augusto
1504 2039 1650 2071 studuisse
1670 2047 1879 2070 memoratur.

1254 2086 1334 2115 Saue
1364 2083 1498 2125 Epidius
1529 2083 1713 2113 Antonium
1747 2091 1780 2114 et
1811 2076 1882 2114 Αιι-ι

1253 2127 1381 2170 gustum
1398 2125 1534 2157 docuiffe
1558 2137 1608 2167 ap.
1627 2127 1759 2157 Sueten.
1781 2126 1882 2160 tradi-.

1253 2181 1307 2203 tur
1319 2171 1356 2202 de
1374 2170 1509 2200 Rhetor.
1528 2169 1588 2200 1V.

1280 2215 1347 2289 8De
1364 2214 1472 2256 Balssa
1498 2224 1515 2245 c
1533 2212 1638 2244 Phoca
1656 2223 1690 2242 v.
1706 2211 1766 2245 inf.
1789 2211 1831 2244 ad
1854 2212 1883 2253 ξ.

1257 2267 1275 2290 2
1303 2281 1310 2288 .

1301 2302 1464 2340 Caeterurn
1485 2309 1548 2339 non
1566 2298 1729 2336 definiam,
1751 2309 1791 2330 an
1811 2308 1886 2333 nar·-

1257 2344 1375 2376 rationi
1407 2343 1479 2374 huic
1506 2343 1544 2373 dc
1569 2341 1736 2374 medicinae
1761 2350 1794 2373 et
1815 2353 1884 2373 ma«-

1258 2387 1381 2419 theseos
1396 2386 1505 2417 studiis
1524 2385 1666 2417 Maronis
1681 2385 1801 2427 aliquid
1816 2385 1886 2422 veri

1258 2430 1342 2462 infit.
1393 2430 1506 2461 Vidcri
1533 2429 1635 2471 potest
1660 2440 1697 2459 ea
1723 2428 1784 2460 effe
1809 2439 1884 2470 prof

1260 2474 1343 2505 fecta
1371 2484 1388 2504 a
1413 2473 1590 2510 monachis,
1620 2472 1675 2513 qui
1702 2471 1734 2503 in
1765 2472 1886 2507 artibus

1260 2516 1496 2548 mathematicis
1517 2516 1557 2547 ad
1582 2515 1708 2555 γσῇτειαν
1737 2515 1890 2550 adhibitis.

1261 2568 1292 2592 et
1319 2561 1351 2590 in
1382 2560 1540 2591 medicina
1563 2559 1722 2599 summam
1748 2558 1888 2590 scientia}

1258 2603 1393 2647 positam
1409 2603 1655 2634 arbitrabantur.

1305 2648 1332 2688 ς.
1359 2647 1477 2678 8-18,
1503 2646 1598 2677 Unde
1611 2644 1802 2687 ineptiffima
1813 2655 1888 2676 nar-

1261 2691 1344 2722 ratio
1360 2689 1561 2732 profluxerit,
1582 2700 1677 2720 nemo
1704 2688 1795 2720 facile
1811 2687 1891 2719 affe-

1262 2741 1400 2775 quatur;
1424 2733 1482 2764 nisi
1504 2733 1587 2764 sorte
1613 2743 1688 2763 cura
1718 2741 1890 2773 equorum,

1264 2787 1379 2807 canum
1405 2785 1436 2807 ct
1459 2776 1618 2818 pecudum
1643 2777 1768 2816 Georg.
1793 2776 1834 2805 111
1852 2774 1890 2805 li-

1264 2820 1323 2855 bro
1340 2820 1456 2854 tradite.
1472 2830 1572 2865 nugas
1587 2819 1643 2853 has
1657 2817 1889 2852 monachorum

1775 2860 1894 2904 animia
