1821 3381
360 276 826 372 BUCOLICA,
881 315 978 363 EC
998 315 1053 363 L.
1108 315 1246 363 VII-I.

1373 331 1462 380 139

218 452 297 499 Tu
318 451 440 498 mihi
462 450 540 498 seu
563 450 725 513 magni
748 446 1046 516 superasjam
1060 447 1165 495 saxa
1188 449 1398 508 Timavi,

151 543 260 590 Sive
282 559 416 589 oram
433 541 614 603 lllyrici
634 539 750 604 legis
773 540 1005 602 aequori83
1042 556 1099 587 en
1123 541 1211 587 erit
1232 557 1466 606 umquam

151 635 241 682 Ille
262 635 377 691 dies,
392 634 514 680 mihi
538 649 650 681 cum
673 633 814 680 liceat
835 644 914 679 tua
937 632 1094 680 dicere
1118 633 1273 681 faeta?

150 725 228 773 En
244 726 347 782 erit,
368 738 423 772 ut
445 726 586 772 liceat
607 735 765 772 totum
786 725 907 772 mihi
933 726 1051 773 ferre
1075 742 1162 790 per
1177 725 1342 773 orbem

148 817 258 864 Sola
278 816 543 880 Sophocleo
565 828 645 864 tua
665 816 879 864 carmina
895 815 1040 879 digna
1062 817 1295 864 cothurno
1317 817 1335 865 ?
1405 834 1465 867 10

147 907 193 954 A
212 919 260 955 te
279 907 600 971 principium
636 906 726 953 tibi
748 905 953 961 definet;
988 906 1302 971 adcipejuffis

190 1037 222 1071 6.
234 1041 301 1082 jam
324 1042 421 1085 magni
432 1042 552 1082 fizperas
565 1041 618 1082 stu
639 1039 783 1071 Parrhas.

873 1051 902 1080 7.
927 1041 998 1082 regis
1023 1046 1154 1081 quartus
1169 1041 1289 1073 Moreti
1313 1049 1345 1074 et
1367 1040 1464 1073 Leid.

145 1096 171 1121 et
186 1093 240 1121 erit
254 1090 378 1122 Medi&
396 1103 414 1122 a
429 1102 478 1134 pr.
493 1091 659 1123 rna—8.
680 1094 759 1123 liceat
774 1093 842 1123 mihi
856 1104 916 1123 cum
936 1099 985 1122 tua
1007 1091 1071 1123 duo
1088 1092 1212 1124 Moret.
1257 1093 1327 1124 mibi
1341 1100 1372 1123 m·
1383 1095 1466 1124 liceat

145 1142 268 1184 primus
285 1142 422 1174 Moreti.
457 1145 527 1174 mihi
539 1156 590 1184 quo
604 1146 625 1174 l.
638 1143 738 1174 Goth.
755 1143 812 1175 sec.

903 1152 932 1184 9.
944 1145 1023 1174 liceat
1037 1144 1105 1174 thi
1115 1150 1197 1174 totum
1211 1143 1291 1175 alter
1307 1144 1464 1177 Rottend.

146 1201 286 1225 ——11.
305 1195 397 1236 dffinit
412 1194 518 1227 Schol.
536 1195 653 1226 Horat.
668 1195 791 1237 Cruqu.
809 1194 849 1226 ad
864 1193 963 1238 Epist.
981 1193 1007 1233 I,
1025 1204 1054 1233 1,
1071 1202 1174 1228 Ictum
1189 1195 1282 1227 Leid.

142 1316 333 1365 requicstere
343 1327 428 1352 cum
441 1314 525 1353 casu
539 1323 666 1365 quarto
682 1327 772 1352 non-

144 1379 341 1415 numquam
373 1367 495 1425 jungi,
539 1366 667 1403 docuit
696 1368 773 1417 jam

146 1417 302 1456 Servius.
355 1417 455 1455 Ciris
483 1432 553 1467 233
582 1419 656 1468 on
680 1425 772 1468 rapt-

144 1471 198 1506 dos
214 1475 314 1507 etiam
334 1485 408 1520 requ
397 1473 680 1518 ifscuntflumitza
695 1485 772 1508 cur-

131 1524 207 1571 sus.
261 1521 438 1571 Calpurn.
459 1521 540 1560 Ecl.
561 1522 613 1566 ΙΙ,
646 1535 689 1573 ¹5
716 1521 770 1559 ita

132 1573 330 1623 'zexpreffit
361 1573 408 1611 Et
431 1577 642 1620 tenueresuos
653 1583 768 1623 prope-

147 1630 263 1662 rantia
273 1627 424 1673 flumina
450 1641 487 1662 ct
491 1633 571 1673 sus.
641 1626 773 1675 Lym-as

145 1689 233 1713 vero
277 1675 369 1713 nolis
414 1676 452 1713 in
498 1676 562 1712 tali
612 1676 772 1713 carmine

143 1727 273 1772 dielas,
300 1727 399 1778 quod
427 1727 473 1764 ad
501 1726 663 1765 Siciliam
691 1741 771 1778 per-

143 1778 246 1818 tinet.
293 1780 420 1816 Certat
432 1792 515 1815 cum
526 1778 690 1830 Virgilio
703 1779 771 1816 Po-

141 1830 224 1881 pius
242 1831 370 1881 Pastor.
396 1830 450 1873 ΙΙ,
470 1843 491 1880 5
511 1830 563 1880 sq.
757 1842 760 1845 ’

197 1885 338 1930 6—13.
376 1882 505 1919 Afinio
541 1881 714 1926 Pollioni,
750 1895 771 1920 a

143 1946 217 1984 quo
237 1934 348 1984 jussus
372 1943 448 1971 erat
466 1946 610 1971 carmen
628 1933 771 1971 bucoli-

142 1998 226 2022 cum
258 1985 429 2029 condere,
467 1985 645 2044 Eclogam
678 1985 771 2023 hanc

142 2035 332 2074 inscribit:
360 2036 546 2087 pollicitus
573 2037 771 2088 aliquando

143 2101 289 2125 carmen
308 2089 435 2138 majus,
464 2101 535 2138 quo
557 2089 632 2139 ejus
650 2088 772 2127 laudes

142 2140 451 2198 comprehendat:
494 2153 574 2190 quae
607 2140 769 2190 duplicis

141 2190 285 2242 generis
313 2191 410 2237 sunt,
438 2201 474 2229 et
508 2205 627 2229 rerum
657 2192 770 2242 gesta-

143 2255 224 2281 rum
243 2257 279 2281 v.
308 2245 346 2288 8,
374 2253 410 2281 et
436 2243 576 2293 ingenii
602 2256 768 2294 operum-

143 2308 212 2345 que
228 2295 456 2345 poeticorum
483 2308 520 2345 9.
545 2308 602 2333 10.
654 2295 770 2352 Qod

143 2359 275 2383 nomen
322 2346 498 2384 Pollionis
550 2345 770 2397 adscriptum

141 2410 216 2435 non
234 2398 295 2442 est,
314 2397 406 2435 forte
424 2398 471 2436 fic
488 2397 648 2442 excuses,
672 2398 771 2448 quod

143 2449 183 2486 in
211 2449 330 2486 fronte
359 2450 552 2487 voluminis
585 2449 679 2486 illud
705 2450 770 2486 ad-

138 2499 317 2552 scriptum
335 2510 425 2540 erat.
467 2499 770 2552 Interpungebam

142 2552 234 2590 olim
262 2566 344 2590 cum
372 2553 452 2590 aliis
472 2553 526 2591 Tu
543 2553 638 2595 mibi,
657 2561 693 2589 et
710 2566 769 2591 ac-

142 2603 322 2655 cipiebam
338 2604 491 2647 dif’tum,
509 2618 550 2642 ac
566 2605 589 2642 st
607 2604 771 2643 voluiffet

141 2655 378 2706 subjungere:
413 2657 514 2700 ades-3
543 2656 601 2692 sed
636 2655 770 2694 defide-

142 2707 191 2745 rii
235 2709 317 2745 aestu
356 2708 423 2745 esse
457 2708 528 2745 alio
569 2707 769 2757 abreptum.

143 2758 257 2797 Recte
298 2759 480 2802 haetenus,
522 2759 619 2811 quod
663 2765 772 2808 poeta

143 2809 329 2870 inceptum
348 2811 545 2849 sermonem
565 2810 708 2854 deserit,
735 2822 772 2849 et

144 2861 343 2914 interponit
369 2861 502 2901 ἔνθεσιῗ
470 2882 519 2902 ων
537 2863 623 2901 illa:
653 2877 693 2900 en
709 2868 773 2900 erit

143 2914 404 2966 unquam—tibi
412 2916 450 2951 d
438 2916 480 2964 s
476 2926 542 2953 net
578 2914 773 2964 Jungenda

144 2964 262 3013 adeog
307 2963 362 3004 Tu
392 2967 644 3018 mihi—accep
673 2966 762 3018 Jzff
759 2982 774 3005 5

836 1319 989 1352 carmina
1025 1323 1132 1364 coepta
1164 1319 1240 1353 tuis.
1303 1311 1348 1351 In
1391 1312 1465 1353 illis

823 1370 989 1416 st‘u-su
1006 1367 1109 1403 color
1132 1365 1260 1403 duetus
1285 1365 1331 1403 ab
1358 1365 1462 1404 invo-

835 1418 981 1456 catione
993 1418 1166 1454 deorum:
1195 1429 1409 1468 quocunque
1423 1417 1464 1455 in

834 1471 918 1507 loco
938 1480 975 1506 tu
993 1469 1155 1513 versaris,
1181 1469 1231 1507 cf.
1248 1468 1408 1507 Theocr.
1428 1469 1463 1515 Ι,

841 1533 925 1571 123.
965 1533 1049 1570 124.
1119 1520 1363 1567 Timavus-in
1398 1534 1463 1558 ora

835 1572 978 1617 Adriae,
1005 1585 1080 1610 non
1099 1572 1207 1621 longe
1228 1571 1274 1608 ab
1292 1572 1464 1622 Aquileia

836 1625 966 1661 fluvius
982 1637 1027 1661 ex
1045 1634 1138 1661 terra
1156 1623 1465 1663 novemfontibus

836 1675 896 1714 seu
923 1675 1104 1727 capitibus
1130 1675 1342 1725 progressus,
1361 1675 1464 1715 brevi

835 1727 956 1772 cursu,
984 1728 1023 1765 in
1042 1740 1152 1764 unum
1171 1727 1310 1764 alveum
1330 1727 1465 1766 collec-

836 1788 909 1824 tus,
946 1780 1020 1816 lato
1054 1779 1199 1828 altoque
1239 1777 1388 1816 flumine
1424 1780 1465 1818 in

837 1843 934 1868 mare
951 1830 1042 1867 exit.
1070 1829 1122 1866 cf.
1142 1830 1229 1866 AEn.
1249 1829 1282 1873 Ι,
1313 1842 1402 1880 244,
1427 1843 1465 1870 et

834 1881 892 1919 ibi
910 1879 1061 1920 Excurs.
1080 1880 1171 1917 VIL
1225 1880 1324 1917 Cum
1344 1882 1464 1920 Pollio

830 1933 1035 1971 'exercitum
1054 1932 1119 1969 illo
1136 1942 1298 1982 tempo-re
1318 1933 1357 1970 in
1378 1932 1462 1971 Par-

837 1984 959 2023 thinos
977 1985 1138 2029 duceret,
1164 1992 1201 2021 et
1226 1983 1375 2033 quidem
1402 1998 1463 2035 pe-

835 2037 941 2074 destri
985 2035 1140 2074 itinere:
1183 2035 1300 2072 adhuc
1331 2036 1394 2073 ille
1423 2037 1464 2074 in

837 2087 939 2125 Istria
957 2087 1088 2124 haerere
1113 2095 1174 2124 aut
1204 2086 1353 2125 ulterius
1378 2101 1466 2138 pro-

835 2140 967 2190 greffus
995 2140 1061 2176 effe
1081 2148 1234 2189 poterat.
1294 2139 1333 2176 Si
1364 2140 1465 2190 prius

833 2191 951 2229 illud:
1006 2200 1145 2228 montes
1178 2199 1280 2227 erant
1324 2191 1464 2242 trajici-

833 2243 937 2287 endi,
963 2242 1001 2280 in
1029 2242 1161 2293 quibus
1179 2242 1330 2279 Timavi
1345 2241 1465 2280 fontes

834 2295 930 2332 sunt.
983 2308 1021 2346 7.
1057 2309 1097 2331 en
1109 2297 1173 2331 erit
1200 2309 1371 2345 umquam.
1411 2295 1466 2335 cf.

834 2348 882 2383 ad
914 2346 995 2384 Ecl.
1027 2345 1061 2390 I,
1091 2348 1153 2384 68.
1213 2358 1271 2383 10.
1298 2344 1377 2383 Sola
1403 2347 1464 2389 So-

828 2397 1221 2448 phocleo——trageedias
1263 2406 1342 2434 tuas
1397 2397 1463 2434 So-

834 2450 963 2500 phocle
995 2449 1141 2507 dignaS,
1178 2449 1250 2486 five
1267 2448 1465 2499 Sophocle-

834 2515 892 2539 am
923 2500 1140 2548 gravitatem
1173 2513 1215 2537 ac
1250 2500 1466 2551 majestatem

833 2553 1085 2604 exprimentes,
1111 2561 1152 2589 ut
1194 2551 1271 2596 IX,
1297 2566 1317 2601 3
1324 2566 1344 2603 ς
1376 2554 1468 2591 Varo

833 2615 866 2641 et
903 2605 1018 2641 Cinna
1062 2605 1171 2642 diona
1211 2605 1326 2641 dicere.
1382 2605 1463 2642 Afi-

835 2657 938 2694 nium
947 2643 1147 2693 Pollionem
1159 2655 1353 2713 tragoedias
1362 2668 1461 2692 com-

835 2707 1002 2758 posuisse,
1012 2706 1376 2757 ΓυρτεινὶἀίῐηυεΕαΙ
1389 2707 1463 2750 III,

839 2762 889 2808 84
906 2758 976 2809 sq„
1006 2769 1042 2796 et
1070 2759 1202 2796 Horat.
1234 2759 1311 2795 Od.
1343 2758 1396 2802 ΙΙ,
1427 2772 1461 2795 x.

836 2810 907 2847 Eas
924 2821 1042 2848 tamen
1055 2819 1150 2855 tum,
1167 2823 1251 2847 cum
1263 2814 1375 2860 po'cta
1388 2810 1463 2846 haec

835 2862 1006 2900 scriberet
1019 2861 1130 2898 Maro
1148 2862 1343 2898 nondum'
1333 2875 1372 2898 m
1386 2861 1465 2898 vul-

835 2927 903 2965 gus
913 2914 1037 2951 exiisse
1053 2913 1184 2950 neceffe
1202 2914 1266 2956 est;
1288 2926 1369 2949 nam
1387 2912 1462 2949 ait:

835 2967 892 3004 En
907 2972 969 3004 erit
985 2976 1022 3003 ut
1040 2965 1149 3004 libeat
1182 2964 1354 3003 Ceterum
1373 2964 1465 3001 illud

1399 3014 1467 3054 vias
