1987 3361
427 311 1104 361 EDITION‘IBUS.
1333 328 1399 360 cv

138 447 307 486 Tandem
326 447 403 484 Nic.
424 445 592 495 Heirfius,
618 443 748 481 divino
761 442 920 493 quodam
934 442 1110 481 beneficio
1129 444 1246 494 po'e'tis
1264 445 1399 484 Roma-

88 509 147 545 nis
173 506 362 558 sospitator
379 506 496 549 datus,
524 504 569 541 nd
588 502 792 554 Virgilium
809 502 1093 540 confiituendum
1112 505 1270 541 acceffit:
1299 508 1401 555 cujus

84 567 267 605 editiones
285 580 342 616 ap.
363 564 566 602 Elzevirios
590 566 700 613 1664,
733 576 791 601 12.
817 563 928 613 1671,
953 564 1061 614 1676.
1094 565 1188 601 1688
1203 564 1328 614 sa‘pius
1345 579 1399 602 re-

86 629 211 680 petitae
236 638 271 665 et
288 628 333 665 ab
351 623 576 676 sequentibus
593 623 794 661 editoribus
811 623 886 661 fere
905 624 1089 668 omnibus,
1121 625 1226 662 etiam
1246 640 1265 662 a
1286 626 1400 664 Ruaeo

85 688 131 726 in
146 689 235 726 edit.
254 686 420 730 secunda,
447 693 627 734 tamquam
646 684 768 734 regula
785 693 942 733 acceptae
960 684 1054 727 sunt,
1081 684 1126 720 acl
1146 697 1253 734 quarn
1272 685 1402 736 Virgi-

89 747 189 785 liana
208 746 314 798 leeiio
331 746 547 795 exigeretur.
603 744 791 794 Postquam
815 753 933 780 tamen
953 743 994 780 P.
1030 744 1254 781 Burmannus
1271 744 1400 784 scrinia

89 806 286 844 Heinfiana
306 811 586 854 recuperaverat,
613 801 810 839 Burmanni
826 801 1021 851 diligentia
1038 816 1130 839 nova
1145 803 1266 840 saltem
1295 805 1402 844 variae

88 864 253 907 iectionis
269 863 368 907 silva,
394 873 430 899 et
446 861 576 899 critica
593 860 633 898 in
646 860 819 898 nonnulla
831 860 912 898 loca
928 860 1088 898 strifmra
1106 862 1254 899 subnata
1270 865 1332 902 est.

140 923 241 960 Inter
268 923 342 959 haec
360 919 629 958 commentandi
644 930 684 957 et
700 919 899 957 illustrandi
918 919 1009 957 ratio
1027 930 1063 957 et
1081 920 1156 971 ipsa
1174 921 1267 959 inter
1283 924 1401 962 varias

85 982 342 1021 vicissitudines
371 979 545 1018 flustavit.
599 979 679 1016 Post
707 979 868 1029 quinque
898 978 1131 1024 Commenta,
1159 994 1238 1030 quae
1255 981 1319 1018 sub
1336 982 1399 1020 sae-

85 1042 160 1080 culi
192 1040 271 1078 XV
305 1039 444 1078 exitum
476 1038 704 1090 prodierant,
732 1038 857 1089 saepius
885 1038 1035 1089 repetita
1065 1039 1104 1076 in
1139 1040 1224 1078 edd.
1279 1041 1401 1080 saeculi

87 1101 203 1145 XVI,
231 1099 395 1152 regnavit
425 1097 639 1136 Ascensiana
666 1097 881 1141 elucidatio,
908 1099 1146 1149 grammatica
1163 1100 1236 1137 fere
1261 1114 1302 1138 ac
1320 1102 1401 1139 rhe-

85 1160 217 1205 torica,
235 1169 270 1196 et
288 1160 333 1196 ad
354 1158 470 1197 Servii
489 1159 695 1208 exemplum
713 1157 890 1194 instituta.
944 1156 1023 1207 Ipse
1037 1157 1181 1195 Servius
1199 1173 1273 1197 non
1291 1161 1401 1199 modo

85 1219 216 1257 assidue
227 1218 431 1270 legebatur,
462 1231 586 1255 verum
603 1227 639 1254 et
653 1226 953 1254 commentatores
967 1217 1046 1254 suos
1059 1226 1134 1254 erat
1151 1219 1273 1255 nac'tus
1288 1234 1299 1264 ;
1325 1219 1402 1270 ipse

85 1288 207 1317 tamen
234 1280 335 1316 vitiis
358 1279 626 1329 coinquinatus,
654 1277 771 1314 donec
803 1275 1062 1327 recentioribus
1087 1277 1249 1314 virorum
1275 1279 1402 1316 doeio-

87 1351 167 1376 rum
193 1337 316 1375 studiis
333 1337 596 1375 emendaretur.
654 1335 763 1373 Probi
781 1335 1112 1379 commentariolus,
1145 1349 1239 1387 1507
1261 1337 1306 1374 ab
1326 1337 1401 1388 Eg-

84 1397 186 1435 natio
217 1399 397 1448 vulgatus,
424 1410 496 1434 non
521 1395 644 1446 magni
676 1395 758 1433 usus
789 1395 854 1432 effe
871 1404 1025 1446 poterat.
1080 1395 1220 1432 Donati
1244 1410 1317 1433 non
1334 1398 1402 1435 nifi

85 1457 283 1508 fragmenta
314 1456 538 1493 habebantur
570 1456 656 1492 inde
685 1468 720 1493 a.
759 1457 871 1505 1489,
897 1454 1013 1492 donec
1051 1454 1194 1504 plenior
1235 1454 1403 1493 Donatus

85 1516 247 1566 prodiret
260 1516 378 1566 Neap.
403 1529 415 1552 1
427 1528 445 1566 5
453 1527 471 1563 3
477 1527 515 1565 5,
534 1514 704 1564 repetitus
722 1527 743 1550 a
771 1512 943 1550 Fabricio
967 1526 1057 1564 1551
1082 1513 1236 1559 Bafileae,
1253 1519 1403 1566 po'e'tam

86 1576 135 1613 ad
176 1575 354 1613 rhetorica
389 1582 566 1625 praecepta
598 1572 760 1623 exigens.
812 1572 907 1621 Julii
943 1572 1070 1609 Sabini
1109 1573 1404 1613 Commentarios

92 1633 190 1684 1486
207 1633 323 1670 editos
341 1633 460 1669 minus
487 1631 728 1680 frequentatos
747 1631 813 1667 effe
826 1643 871 1668 ex
884 1630 1065 1680 paucitate
1084 1631 1315 1681 repetitorum
1339 1647 1403 1671 ex-

87 1690 300 1741 emplarium
332 1690 485 1740 colligo.
543 1688 663 1726 Serius
687 1688 825 1725 acceffit
854 1688 1104 1739 Philargyrius
1123 1692 1216 1741 1587
1233 1699 1268 1727 et
1291 1691 1403 1730 1600.

86 1748 133 1785 In
164 1749 320 1787 Scholiis
339 1748 530 1786 Torrentini
543 1747 735 1785 familiaris
752 1746 927 1796 expositio
945 1746 1094 1798 ingenia
1111 1762 1305 1798 puerorum
1323 1764 1404 1788 cor-

87 1809 202 1860 rupit,
228 1807 378 1859 fingulis
405 1807 479 1844 fere
508 1806 610 1844 annis
638 1806 725 1843 inde
759 1819 778 1842 a
801 1809 899 1854 1496
918 1806 1080 1857 repetita.
1134 1807 1333 1846 Substituta
1358 1809 1404 1847 iis

86 1867 174 1907 inde
190 1881 210 1904 a
233 1881 245 1905 1
255 1882 275 1919 5
282 1880 329 1919 39
344 1866 519 1916 Erythraei
531 1864 667 1902 scholia
681 1877 764 1902 cum
783 1864 905 1901 indice
923 1864 1118 1903 sexcenties
1141 1866 1271 1903 excusa
1285 1883 1296 1913 ;
1324 1877 1404 1906 tum

86 1945 166 1968 van
181 1928 302 1978 Meyen
323 1926 458 1964 scholia
488 1925 572 1962 inde
601 1938 623 1962 a
645 1927 755 1976 1576.
810 1923 868 1961 Ex
885 1923 942 1961 his
972 1924 1172 1963 triumviris
1192 1926 1404 1978 plerumque

86 1987 252 2026 doctrina
273 1985 478 2024 scholastica
509 1983 694 2035 pependit,
721 1997 741 2021 e
771 1997 843 2034 qua
869 1983 960 2021 adeo
978 1983 1113 2021 divinae
1139 1984 1300 2035 poetices
1324 2000 1403 2024 om-

87 2047 214 2098 nisque
243 2045 432 2084 venustatis
457 2054 494 2082 et
510 2043 793 2095 pulchritudinis
810 2042 926 2080 sensus
943 2051 980 2080 et
1003 2055 1048 2079 ex
1065 2043 1222 2081 leffione
1240 2045 1403 2096 voluptas

86 2106 225 2158 sublata
250 2107 317 2144 effe
344 2105 485 2143 debuit.
539 2103 604 2140 Ad
632 2101 785 2152 puerilia
813 2102 970 2152 depressa
997 2101 1068 2138 fuit
1098 2102 1209 2139 Rami
1238 2116 1347 2154 opera
1363 2103 1404 2142 in

87 2164 180 2203 Buc.
206 2175 242 2202 et
262 2165 336 2203 Ge.
373 2178 485 2216 1551,
512 2162 558 2200 ad
587 2175 667 2213 quae
681 2162 755 2198 duo
774 2160 933 2198 carmina
950 2159 1099 2197 omnino
1117 2162 1195 2211 plus
1223 2162 1331 2199 studii
1350 2172 1405 2199 at-

87 2224 201 2262 tulere
217 2223 394 2269 homines,
421 2222 507 2273 quia
534 2220 681 2271 puerilis
709 2219 884 2257 institutio
911 2219 950 2256 in
973 2218 1018 2256 iis
1044 2219 1201 2257 maxime
1228 2230 1405 2272 occupata

88 2292 178 2321 erat.
233 2283 335 2320 Hinc
380 2282 538 2320 subnatae
574 2277 735 2330 Philippi
767 2277 1063 2315 Melanchthonis
1096 2277 1404 2318 adnotatiunculae

94 2340 427 2393 1531;·Willichii
458 2339 594 2377 scholia
627 2351 721 2390 ¹535
751 2346 789 2374 et
822 2350 946 2388 1539;
974 2335 1084 2373 Lucii
1112 2336 1220 2374 Vivis
1246 2336 1286 2374 in
1312 2338 1405 2377 Buc.

89 2400 337 2450 interpretatio
373 2412 484 2450 1537,
511 2397 576 2448 qui
609 2408 645 2434 et
671 2394 852 2446 allegoriis
868 2394 1036 2441 indulsit3
1067 2395 1269 2433 Camerarii
1291 2400 1405 2449 1556,

91 2469 170 2498 tum
189 2460 329 2498 Nicod.
361 2456 555 2496 Frischlini
573 2455 791 2506 paraphrasis
813 2456 920 2505 1580.
961 2456 1074 2493 1602.
1129 2453 1247 2491 Serius
1263 2455 1310 2492 ad
1337 2455 1405 2492 AE-

90 2518 234 2556 neidem
259 2527 482 2569 perventum,
509 2514 666 2566 primum
680 2513 719 2550 in
752 2511 939 2563 Hartungi
969 2512 1146 2551 Annotat.
1186 2525 1298 2564 1551,
1325 2522 1405 2552 tum

91 2575 237 2613 Nannii
266 2585 302 2612 et
332 2573 517 2612 Hortensii
552 2585 647 2624 1559
676 2581 712 2608 et
736 2570 985 2609 Nascimbaeni
1009 2571 1119 2621 1596.
1172 2569 1263 2607 Non
1283 2581 1406 2609 carent

91 2634 149 2673 illi
167 2634 272 2672 dosia
290 2632 513 2676 subtilitate3
541 2644 666 2668 verum
681 2629 864 2680 judicium
880 2639 916 2666 et
934 2628 1052 2665 sensus
1072 2628 1251 2679 elegantia
1268 2629 1314 2667 ab
1331 2629 1405 2666 illis

91 2693 201 2732 abest.
255 2691 498 2730 Cumulantur
515 2701 655 2740 quoque
682 2688 813 2739 partim
832 2687 1010 2738 vulgaria,
1036 2687 1167 2737 partim
1187 2687 1366 2725 rhetorica
1383 2700 1405 2724 a

92 2752 204 2804 genio
220 2761 256 2790 et
286 2751 408 2788 indole
434 2749 596 2801 poetices
615 2748 745 2788 aliena.
801 2747 1055 2800 Grammatica
1071 2746 1164 2784 ratio
1181 2746 1277 2784 intra
1298 2747 1406 2783 verba

92 2820 128 2849 et
153 2811 325 2850 formulas
356 2808 555 2852 subfistens,
581 2807 711 2845 melior
733 2818 852 2844 tamen
869 2817 905 2844 et
923 2806 1143 2856 castigatior,
1169 2805 1240 2843 fuit
1257 2805 1296 2842 in
1315 2818 1404 2843 non-

93 2869 203 2910 nullis
231 2883 278 2910 ex
308 2868 378 2914 his,
406 2877 483 2907 turn
511 2866 550 2905 in
570 2866 684 2905 Paulli
699 2865 863 2905 Manutii
881 2864 1177 2904 adnotationibus
1195 2863 1406 2916 marginali-

1339 2921 1405 2960 bus
