1987 3361
490 305 706 340 ccxxxvt
839 281 1476 335 ARGUMENTA&

1040 430 1244 463 Drerrvzr.

492 505 756 554 Consilium
778 502 914 550 Divis
937 502 1188 548 hominurn
1210 500 1268 547 de
1292 500 1428 546 rebus
1450 497 1664 544 habetur.

490 591 676 637 Interea
695 587 859 633 Rutuli
884 585 1036 647 portis
1060 585 1240 630 circum
1257 581 1478 628 omnibus
1501 579 1686 626 instant.

489 672 703 719 Advenit
724 669 894 716 AEneas
914 667 1075 714 multis
1098 682 1208 714 cum
1228 664 1441 712 millibus
1465 662 1618 708 heros.

492 753 625 799 Mars
650 763 801 808 vocat,
825 763 871 797 et
895 750 1002 796 totis
1027 749 1077 796 in
1099 763 1314 812 pugnam
1338 744 1516 790 viribus
1540 743 1649 789 itur.

491 834 730 882 Interimit
756 833 967 880 Pallanta
990 845 1157 896 potens
1182 830 1230 876 in
1253 826 1418 891 praelia
1434 825 1640 873 Turnus.>
1715 831 1799 882 105
1826 873 1834 885 „-

494 916 850 980 Caedunturque
865 916 1034 963 duces:
1071 914 1198 961 cadit
1222 924 1267 958 et
1289 911 1384 957 sine
1408 909 1600 956 nomine
1615 905 1803 968 vulgus.-

494 999 796 1047 Subtrahitur
815 1015 991 1062 pugnae
1017 996 1216 1059 Junonis
1237 994 1432 1040 numine
1458 990 1664 1037 Turnus.

496 1082 668 1131 AEneas
690 1082 864 1144 perstat
891 1079 1106 1126 Mezenti
1130 1076 1263 1124 eaede
1286 1075 1441 1139 piata:

496 1164 561 1210 Et
580 1163 786 1210 Lausum
808 1162 981 1209 invicta
1003 1160 1195 1225 perimit
1219 1175 1304 1222 per
1326 1156 1518 1203 vulnera
1539 1152 1718 1201 dextra.

498 1245 623 1294 Mox
644 1246 773 1292 ultor
793 1246 889 1293 nati
908 1245 1182 1291 Mezentius
1206 1239 1384 1289 occidit
1403 1238 1516 1302 ipse.
1717 1250 1733 1280 1
1749 1250 1808 1284 10

983 1354 1013 1382 U
1031 1354 1060 1382 N
1082 1352 1112 1382 D
1132 1353 1154 1382 E
1171 1352 1194 1380 e
1216 1350 1231 1380 1
1253 1350 1288 1380 M
1309 1348 1345 1379 Ι.

501 1422 757 1470 Constituit
782 1421 929 1468 Marti
955 1421 1216 1483 spoliorum
1243 1436 1299 1465 ex
1323 1417 1453 1464 hoste
1476 1427 1730 1477 tropaeum.

498 1508 884 1569 Exanimumque
908 1505 1029 1567 patri
1054 1515 1217 1550 natum
1241 1501 1451 1549 Pallanta
1471 1495 1692 1545 remittit.

499 1589 612 1650 Jura
635 1587 887 1649 sepulturae
910 1585 1076 1632 tribuit
1093 1582 1371 1647 tempusque
1396 1579 1597 1627 Latinis.

499 1669 721 1716 Evander
744 1667 918 1731 patrios
935 1666 1125 1714 affectus
1148 1665 1245 1712 edit
1269 1663 1317 1708 in
1341 1661 1470 1708 urbe.

504 1750 717 1813 Corpora
739 1749 857 1797 caesa
880 1750 1035 1795 virum
1051 1747 1216 1811 paffim
1238 1745 1418 1809 digesta
1439 1753 1722 1803 cremantur.

503 1834 676 1898 Legati
700 1833 907 1880 referunt
930 1832 1199 1880 Diomeden
1220 1847 1349 1877 arma
1373 1828 1571 1892 negasse.
1687 1851 1691 1854 ·
1720 1842 1737 1873 1
1754 1824 1810 1872 16

503 1916 714 1964 Drances
732 1930 777 1963 et
802 1919 1008 1973 Turnus,
1032 1915 1157 1978 leges
1179 1924 1396 1976 aequante
1421 1910 1608 1967 Latino,

504 1999 804 2048 Concurrunt
825 2001 978 2049 dietis.
1045 2000 1216 2048 AEneas
1238 1995 1454 2051 imminet
1475 1995 1598 2043 urbi.

502 2084 764 2148 Pugnatur.
832 2087 1040 2134 Vincunt
1064 2085 1227 2132 Troes.
1314 2081 1455 2130 Cadit
1478 2081 1568 2127 icta
1593 2076 1811 2125 Camilla.

505 2167 693 2215 Deinde
714 2168 856 2215 duces
880 2168 1054 2224 castriS‚
1071 2167 1221 2213 donec
1237 2165 1421 2221 <effer-e,
1440 2163 1696 2216 minantur.
1723 2171 1816 2206 120

1017 2285 1328 2318 DUODECIMI.

505 2357 697 2404 Turnus
712 2355 818 2421 jam
842 2355 998 2402 fractis
1023 2353 1215 2401 adverso
1243 2354 1403 2400 Marte
1429 2350 1617 2398 Latinis

506 2440 665 2486 Semet
689 2440 736 2485 in
761 2455 890 2485 arma
913 2451 1062 2501 parat,
1085 2453 1252 2500 pacem
1278 2436 1500 2498 cupiente
1527 2433 1715 2479 Latino.

507 2520 685 2568 Foedus
706 2519 971 2583 percutitur
992 2517 1186 2582 passuris
1210 2517 1373 2562 omnia
1395 2515 1551 2562 vietis.

508 2602 623 2648 Hoc
646 2602 798 2648 Turni
823 2602 1022 2663 Juturna
1042 2600 1171 2647 soror
1196 2598 1449 2646 confundit
1468 2616 1479 2645 ε
1513 2609 1560 2644 et
1583 2597 1748 2644 ambos

562 2732 628 2769 108
653 2731 809 2769 Mezenti
821 2733 922 2777 ccede,
940 2731 977 2771 h.
1001 2745 1022 2769 a
1049 2731 1107 2770 M.
1126 2731 1217 2770 faeta
1231 2747 1242 2778 ;
1269 2732 1420 2784 stragem
1439 2731 1682 2782 Trojanorum
1700 2729 1745 2767 ab
1770 2740 1816 2767 eo

508 2797 644 2837 editam
661 2799 861 2839 ulciscitur.

1760 2896 1819 2943 In
