1821 3381
331 322 864 381 GEoRG1c0N,
924 321 1074 369 LIB.
1133 320 1173 368 1.

1322 336 1411 385 243

88 457 390 521 Degenerare
414 469 604 504 tamen:
639 455 688 502 ni
715 455 786 501 vis
807 454 1014 501 humana
1037 453 1290 516 quotannis

93 545 330 592 Maxuma
350 561 552 609 quaeque
574 560 717 592 manu
740 545 915 607 legeret
933 567 945 598 ;
980 543 1042 590 fic
1067 543 1228 590 omnia
1251 541 1358 588 fatis

93 637 149 684 In
171 636 305 701 pejus
330 653 476 693 ruere,
498 653 551 684 ac
574 647 699 683 retro
721 634 934 698 sublapsa
959 634 1138 681 referri.

1315 647 1411 680 200

90 727 204 774 Non
227 727 378 784 aliter,
401 743 546 789 quam
569 726 652 789 qui
669 725 860 772 adverso
881 725 962 772 vix
977 725 1175 772 flumine
1192 724 1410 773 lembum

92 818 328 882 Remigiis
351 817 544 882 subigit,
567 816 600 863 fi
625 816 819 863 brachia
842 816 963 864 forte
984 816 1179 874 remisit,

91 910 252 973 Atque
276 911 411 958 illum
436 912 484 957 in
507 927 721 975 praeceps
744 927 896 975 prono
918 910 1043 974 rapit
1063 911 1221 957 alveus
1241 910 1387 957 amni.

157 998 388 1046 Praeterea
410 1010 510 1046 tam
533 999 636 1047 sunt
660 998 852 1046 Areluri
872 998 1019 1047 fidera
1041 1000 1178 1047 nobis

90 1087 458 1153 Haedorumque
474 1090 573 1137 dies
591 1089 802 1137 servandi
818 1103 863 1137 et
878 1090 1063 1137 lucidus
1079 1091 1280 1154 Anguis,
1315 1106 1376 1140 20
1379 1104 1404 1155 5

92 1180 255 1246 Qam
271 1181 444 1245 quibus
466 1181 515 1228 in
537 1180 744 1244 patriam
758 1178 949 1226 ventosa
961 1196 1047 1243 per
1061 1196 1251 1243 aequora
1267 1181 1411 1228 veetis

137 1322 211 1357 199.
233 1327 329 1346 manus
345 1314 464 1346 Medic.
488 1324 507 1345 a
528 1324 572 1345 m.
591 1324 639 1356 pr.
686 1314 802 1356 legerent
817 1311 962 1345 Parthas.
979 1323 997 1343 a
1012 1322 1055 1343 m.
1071 1322 1119 1355 pr.

1210 1322 1283 1345 200.
1295 1315 1412 1356 stcblatae

91 1367 212 1399 Moret.
226 1366 358 1409 fragm„
378 1373 415 1397 ut
440 1365 538 1397 etiam
560 1365 703 1397 variatur
723 1364 801 1395 AEn.
825 1365 864 1402 11,
883 1363 956 1405 169.
1004 1364 1066 1394 Pro
1090 1377 1123 1394 ac
1147 1363 1267 1404 legitur
1287 1366 1347 1403 hac,
1370 1372 1411 1399 et,

92 1471 204 1512 remigio
231 1469 323 1500 Leid.
352 1479 400 1510 pr.

94 1582 169 1611 204.
191 1581 248 1604 tam
258 1574 319 1616 sint
335 1583 415 1603 unus
442 1574 559 1604 Mox-et.

97 1635 114 1659 Ι
136 1625 254 1657 laudat.
278 1624 343 1656 vid.
370 1625 482 1655 Burm.

93 1732 204 1770 ctiam
222 1731 401 1784 exposuit.
442 1735 614 1782 speHata,
633 1730 722 1767 dum

95 1785 280 1834 leguntur,
325 1784 523 1834 explorata.
597 1781 724 1818 Sensus

94 1836 169 1880 est3
207 1849 280 1872 non
311 1835 392 1872 satis
425 1835 506 1878 effe,
541 1842 580 1870 ut
616 1833 722 1870 semel

96 1887 233 1924 semina
256 1888 438 1937 leguntur,
466 1886 526 1922 sed
545 1894 634 1935 quot
660 1898 724 1921 an-

97 1938 152 1975 nis
179 1938 220 1975 id
251 1940 318 1976 effe
349 1937 566 1975 iterandum.
639 1950 724 1987 199.

98 1989 343 2027 Grandiffima
406 1989 541 2026 semina
603 1988 723 2038 legere

98 2042 208 2080 nostri
237 2046 354 2093 po'etae
382 2041 592 2078 aufioritate
619 2040 723 2089 jubet

99 2093 250 2131 Colum.
271 2093 323 2136 Il,
354 2106 393 2144 9,
412 2091 444 2142 ᾗ
483 2105 540 2130 11.
580 2103 637 2129 12.
669 2090 722 2129 cf.

99 2143 220 2182 Varro
236 2144 268 2188 Ι,
290 2159 353 2196 52›
377 2158 388 2181 1
408 2145 600 2195 Qcaeseges
611 2157 722 2195 gran-

95 2197 224 2243 dfflma
240 2207 338 2247 atque
357 2201 477 2246 optima
484 2199 613 2245 fuerit,
628 2197 721 2242 ſsor-

85 2252 166 2298 sum
186 2254 220 2285 in
238 2263 353 2285 aream
358 2251 489 2296 secerni
512 2257 631 2296 oportet
646 2249 721 2295 spi-

98 2315 169 2345 cas,
209 2309 247 2337 ut
261 2302 375 2348 semen
402 2304 554 2348 optimum
582 2297 720 2334 habeas.

100 2350 200 2389 conf.
238 2349 408 2400 Geopon.
433 2349 485 2393 ΙΙ,
508 2351 566 2387 16.
585 2354 641 2385 vis
660 2347 722 2385 hu-

99 2418 219 2445 mana,
233 2401 422 2438 hominum
451 2413 573 2451 opera,
601 2401 637 2437 h.
658 2399 724 2435 ho-

101 2454 238 2498 mines;
305 2452 431 2490 habuit
505 2452 544 2489 in
601 2451 727 2488 animo

101 2504 250 2542 Lucret.
267 2503 319 2548 V,
341 2517 428 2555 207.
457 2506 529 2542 208
547 2504 648 2553 Qod
661 2506 723 2552 su-

93 2559 200 2607 percst
230 2562 317 2594 arvi
331 2568 441 2594 tamen
459 2557 497 2592 id
511 2556 650 2592 Natura
654 2556 726 2602 fica

100 2614 146 2645 vi
163 2607 316 2644 Sentibus
342 2607 492 2651 obducat,
520 2613 557 2643 ni
573 2613 632 2643 vis
662 2605 724 2642 hu-

100 2674 205 2698 mana
220 2661 353 2710 refistaf.
386 2671 472 2696 200.
484 2657 571 2695 AEn.
584 2657 637 2700 ΙΙ,
655 2669 725 2706 109

101 2712 159 2749 Ex
190 2710 245 2747 illo
260 2714 370 2758 fluere
396 2721 428 2747 et
462 2720 545 2746 retro
561 2708 724 2758 sublapsa

102 2766 226 2813 referri
246 2763 305 2798 Res
324 2762 497 2798 Danaum.
555 2773 642 2810 203.
661 2760 725 2797 At-

104 2828 164 2863 que
178 2814 253 2863 jam
280 2813 380 2850 Gell.
410 2812 464 2857 X,
494 2824 540 2860 29
569 2823 605 2849 et
624 2812 724 2850 Serv.

103 2864 329 2914 interpretati
359 2863 454 2908 sunt,
475 2866 607 2914 statim.
673 2861 726 2900 cf⁴

104 2914 228 2953 Burm.
289 2915 336 2952 Et
354 2916 400 2952 est
425 2916 522 2952 haud
549 2913 661 2952 dubie
686 2926 728 2950 ea

107 2966 256 3018 antiqua
287 2967 462 3019 loquendi
494 2965 602 3006 ratio.
669 2965 729 3005 Sic

182 1427 254 1450 201.
287 1419 334 1458 qui
355 1430 389 1447 ex
415 1418 527 1459 adversi»
554 1417 647 1448 Leid.
668 1417 726 1448 sec.

816 1425 889 1448 202.
901 1416 1003 1457 subicit
1029 1416 1117 1446 Serv.
1162 1416 1253 1457 fihiit
1273 1415 1409 1447 Mentel.

493 1478 568 1509 203.
602 1470 691 1499 trahit
721 1469 896 1498 Romanus.
924 1477 955 1498 V.
984 1467 1094 1498 Burm.
1124 1468 1153 1496 in
1175 1473 1265 1508 prono
1288 1475 1411 1511 praecep5

92 1522 158 1564 legi
181 1521 312 1552 testatur
337 1520 470 1558 Pierius,
492 1528 524 1552 et
551 1520 590 1552 fic
615 1520 658 1551 est
683 1520 716 1551 in
744 1521 844 1550 Rom.
889 1532 967 1549 amne
990 1518 1089 1560 vulgo
1113 1526 1186 1549 ante
1208 1519 1317 1550 Heins.

651 1581 725 1611 205.
747 1574 800 1602 dies
809 1572 941 1614 ſsgnandi
965 1569 1069 1601 Schol.
1093 1570 1209 1601 Horat.
1230 1571 1338 1604 Carm.
1356 1573 1413 1611 111,

789 1729 828 1766 in
849 1729 928 1767 XII
947 1730 1050 1767 tabb.
1123 1730 1162 1767 Si
1177 1735 1212 1767 in
1226 1733 1281 1778 jus
1296 1739 1412 1773 vocat,

786 1792 886 1832 atque
917 1795 986 1824 eat,
1016 1781 1079 1819 ubi
1096 1795 1131 1819 v.
1151 1776 1272 1832 Intpp.
1328 1780 1411 1818 Nifi

786 1842 906 1870 tamen
958 1832 1167 1871 auetoritati
1214 1832 1411 1883 parendum

786 1895 909 1935 putes:
952 1885 1003 1922 ita
1029 1885 1146 1922 facere
1175 1885 1307 1922 neceffe
1337 1896 1411 1921 non

785 1936 895 1980 duco,
915 1938 1024 1973 modo
1039 1936 1220 1987 suppleas:
1251 1937 1326 1972 Non
1344 1935 1413 1972 ali-

787 1998 852 2030 ίαν,
895 2004 994 2038 quam
1021 1996 1047 2026 is
1074 1999 1156 2025 retro
1159 1987 1336 2036 sublapsus
1360 2003 1413 2024 re-

772 2044 908 2092 fertur,
927 2039 990 2090 qui
1007 2039 1192 2090 navigium
1210 2040 1414 2089 agit,—at-

784 2107 846 2143 que
873 2089 966 2128 illam
997 2098 1031 2128 in
1043 2101 1192 2141 prceceps
1203 2102 1302 2141 prono
1322 2095 1411 2141 rapit

784 2142 907 2180 alveus
924 2150 1028 2181 amni.

840 2207 928 2243 204.
960 2194 1142 2244 Agricoiis
1181 2193 1332 2232 fide-rum
1353 2207 1412 2231 or-

787 2253 841 2282 tus
858 2256 893 2282 et
913 2246 1058 2282 occasus
1089 2259 1160 2282 non
1192 2245 1309 2282 minus
1329 2245 1411 2282 sunt

787 2297 951 2334 servandi
991 2310 1098 2348 quam
1131 2296 1410 2348 navigamibus;

788 2362 824 2385 v.
851 2348 999 2385 Colum.
1034 2348 1107 2393 Xi,
1136 2364 1174 2400 7,
1207 2363 1266 2395 31.
1324 2348 1408 2386 Hoc

787 2410 913 2437 ornat:
943 2400 1003 2443 iis,
1030 2400 1094 2450 qui
1125 2400 1164 2437 in
1197 2399 1352 2437 Pontum
1375 2411 1413 2438 et

790 2451 1066 2501 Hellespontum
1098 2452 1283 2502 navigant.
1344 2462 1415 2488 ten-

787 2514 862 2540 tare
890 2504 937 2540 est
971 2503 1083 2540 adire.
1111 2503 1252 2554 Georg.
1285 2503 1357 2546 III,
1389 2505 1411 2540 8

788 2556 950 2592 tentanda
965 2562 1030 2592 via
1047 2556 1089 2604 est
1105 2566 1174 2592 etc.
1194 2568 1413 2605 quamquam

788 2606 933 2656 proprie
980 2607 1025 2643 ad
1073 2606 1140 2643 iter
1176 2606 1341 2656 ignotum
1375 2615 1413 2644 et

790 2656 1029 2707 periculosum
1093 2657 1215 2695 referri
1270 2655 1411 2697 debuit}

791 2708 961 2746 Necdum
989 2720 1107 2746 tamen
1137 2720 1308 2760 exputare
1332 2708 1416 2759 pos-

791 2759 887 2804 sum3
915 2760 1085 2810 quorsum
1104 2770 1164 2797 aut
1191 2773 1298 2810 quam
1322 2760 1416 2798 bene

789 2818 824 2849 in
847 2818 998 2860 patriam
1024 2813 1201 2860 adjeftum
1227 2812 1282 2849 fit.
1339 2812 1415 2849 Ac-

789 2862 999 2913 cipiendum
1041 2863 1162 2900 saltem
1203 2868 1240 2901 in
1261 2869 1415 2913 patriam

790 2921 909 2956 vectis,
952 2915 1181 2952 redeuntibus
1208 2928 1253 2951 ex
1288 2915 1416 2964 AEgaeo

792 2965 831 3003 in
870 2965 1041 3004 Pontum
1124 2967 1260 3018 Abydus
1292 2964 1416 3004 ostreis

845 3015 907 3067 Q
915 3028 936 3055 z
1270 3016 1421 3065 nobilis.
