1987 3361
462 244 934 319 CODICIBUS
993 268 1137 318 MSS.
1340 283 1457 317 Lm

148 411 197 458 in
234 409 384 457 trastu
429 406 705 454 Franconiae
759 404 1179 468 Steigerwaldenfi.
1250 403 1455 452 Criticus

146 495 254 541 usus
276 493 453 541 codicis
476 501 556 538 aut
578 489 734 536 nullus
758 501 837 535 aut
865 489 1064 551 exiguus
1094 488 1189 541 est3
1236 503 1348 533 cum
1380 489 1456 534 in..

145 575 285 623 doc‘lze
298 574 495 636 scriptus
513 587 598 619 nec
616 571 774 617 minus
788 570 978 617 indocie
992 571 1224 618 correstus
1246 581 1291 616 et
1310 570 1457 616 inter-

145 658 332 722 polatus
369 656 424 703 fit
460 672 487 701 a
520 655 754 717 pluribus.
827 653 1020 699 Varians
1057 652 1221 715 utique
1259 651 1400 698 lecstio
1431 669 1456 699 e

146 740 290 788 meris
314 738 440 785 vitiis
475 751 634 799 pravae
670 736 917 798 scripturae
956 735 1167 789 constat3
1201 750 1260 792 et,
1296 735 1330 782 fi
1363 751 1456 798 qua

144 821 210 868 est
232 818 488 866 tolerabilis
512 818 668 873 lecstiQ
693 828 774 863 aut
795 833 852 863 ex
875 832 1031 863 errore
1056 833 1160 863 eam
1190 818 1453 879 profecffiim

142 901 229 950 effe
255 901 391 948 facile
413 899 707 963 intelligitur,
741 909 820 945 aut
843 897 949 963 jam
984 915 1038 945 ex
1076 898 1180 945 aliis
1208 899 1348 947 codd.
1374 899 1454 945 illa

144 985 210 1032 est
233 994 435 1030 enotata,

205 1065 398 1113 Oblitus
424 1064 527 1112 sum
569 1080 776 1121 monere,
812 1065 955 1111 etiam
998 1065 1294 1114 Brunckium
1329 1079 1455 1114 trac-

139 1147 249 1196 taffe
292 1146 541 1202 codicem;
577 1147 761 1206 vetustas
794 1147 1018 1211 probaeque
1051 1159 1155 1195 nosce
1193 1151 1456 1196 membranas

140 1232 347 1296 appellat
371 1231 485 1294 ipse,
520 1230 768 1277 Seminarii
792 1230 1092 1294 Episcopalis
1113 1232 1243 1279 urbis
1266 1233 1455 1296 Argen-

140 1315 395 1362 toratenfis.
474 1315 920 1362 Memorabiliorem
952 1316 1162 1379 aliquam
1200 1317 1454 1364 lechonem

142 1413 199 1443 ex
241 1412 296 1442 eo
325 1397 525 1459 proferri
562 1412 656 1442 non
699 1395 914 1442 memini,
984 1396 1027 1443 E
1067 1397 1276 1461 quinque
1310 1397 1451 1445 codd.

139 1479 479 1533 Hafnienfibus
502 1481 700 1527 varietas
727 1490 914 1526 enotata
939 1479 1003 1526 est
1024 1497 1050 1526 a
1076 1480 1231 1528 Voffio
1257 1481 1314 1529 V.
1338 1482 1394 1528 C·

598 1616 995 1647 -sss-··-<·-—.-===>··-<1)·

204 1727 440 1775 Codicum
476 1726 865 1789 Virgilianorum,
899 1725 982 1787 qui
1020 1726 1193 1772 nondum
1233 1744 1322 1773 cum
1347 1728 1448 1774 vul..

129 1811 467 1874 gatastrzptura
499 1810 733 1870 comparati
752 1809 798 1855 in
833 1805 1139 1853 bibliothecis
1177 1807 1341 1869 paffim
1380 1809 1448 1855 la-

134 1905 251 1951 tent,
281 1892 571 1942 incredibilis
596 1908 819 1938 numerus
838 1907 863 1937 e
892 1889 1294 1937 bibliothecarum
1317 1903 1448 1937 cata-

133 1978 255 2040 logis
277 1977 583 2039 virorumque
606 1976 855 2022 dociorum
883 1975 1239 2021 commentariis
1265 1976 1444 2021 excita-

132 2058 174 2106 ri
218 2058 354 2106 facile
395 2058 546 2122 poffit.
624 2057 897 2109 Maximam
937 2068 1096 2103 tamen
1142 2068 1326 2118 partem
1362 2058 1443 2105 vix

133 2143 278 2206 digna
301 2143 418 2199 funt,
454 2144 502 2189 in
534 2142 707 2205 quibus
744 2141 1040 2189 conferendis
1073 2141 1250 2187 bonam
1273 2141 1440 2188 horam

133 2224 316 2287 perdas,
393 2224 471 2270 Ad
506 2223 711 2285 pueriles
751 2223 882 2269 enim
921 2234 967 2268 et
1002 2221 1298 2268 scholasticos
1335 2221 1441 2268 usus

132 2304 343 2368 plerique
365 2305 492 2351 fuere
513 2303 691 2366 scripti,
712 2303 930 2367 inprimis
951 2301 1288 2349 Bucolicorum
1308 2301 1444 2348 codi-

132 2403 225 2434 ces.
280 2388 445 2452 Itaque
478 2388 631 2434 nullus
667 2389 865 2434 omnino
913 2388 1088 2435 frudlzus
1124 2386 1233 2432 inde
1267 2399 1442 2447 expec-

133 2468 299 2516 tandus
317 2471 357 2516 *.
448 2469 709 2533 Indignum
745 2484 906 2518 autem
950 2471 1114 2518 studiis
1142 2469 1232 2524 his,
1266 2466 1438 2530 quibus

124 2548 365 2616 judicium
390 2562 436 2597 et
468 2550 621 2598 sensus
651 2553 756 2599 acui
779 2553 998 2609 debebat,
1034 2553 1241 2615 stupores
1267 2548 1439 2595 barba-

129 2648 291 2686 rorum
315 2633 657 2680 monachorum
682 2635 900 2698 religiose
923 2647 1127 2691 enotare,
1150 2646 1196 2680 et
1220 2648 1314 2682 non
1336 2643 1436 2678 tam

182 2766 204 2787 ἦ·
237 2766 335 2804 Vide
358 2781 392 2804 v·
421 2780 454 2805 c.
483 2765 572 2804 Var.
594 2767 694 2805 Le&
718 2779 738 2804 e
765 2767 864 2806 Cod.
893 2767 1116 2806 Dantiscano
1143 2780 1201 2817 ap.
1232 2762 1435 2816 Lengnich.

128 2826 353 2871 Nachrichten
368 2841 435 2869 zur
452 2826 674 2865 Biicher-und
685 2827 901 2866 Manzkunde
918 2827 970 2865 II.
991 2827 1067 2866 Th.
1092 2827 1201 2878 1782.

1152 2892 1437 2940 variantium
