1987 3361
397 335 1077 389 EDITIONIBUS.
1344 347 1396 379 ci

83 382 101 405 ὁ

84 483 220 521 torum,
246 474 310 526 qui
327 474 472 512 tertiam
497 473 696 516 deseruere,
723 470 822 519 etad
840 468 976 520 priores
1005 465 1159 504 Aldinas
1177 464 1326 507 rediere,
1357 474 1397 502 ut

85 535 326 586 Gryphianae,
354 534 451 572 Rob.
471 533 642 583 Stephani
655 532 701 568 al.

137 594 285 632 Novam
303 593 538 632 recensionem
558 590 739 628 adornasse
766 587 881 625 videri
897 586 1013 624 voluit
1030 586 1091 636 Jo.
1115 586 1216 634 Bapt.
1233 584 1400 635 Egnatius

84 651 202 695 in„ed.‘
230 653 326 692 Ven.
363 665 473 704 1507.
527 649 666 686 Verum
697 646 850 685 substitit
877 647 953 695 ejus
979 657 1087 695 opera
1118 643 1273 680 maxime
1301 641 1399 678 intra

85 711 265 758 Servium,
293 725 398 763 quem
419 723 466 747 ex
496 707 692 746 dimidiato
711 706 892 757 integrum
909 705 945 742 se
961 704 1078 742 fecisse
1096 703 1305 754 profitetur3
1334 700 1398 737 ad-

81 769 173 819 jecit
189 783 226 810 et
245 771 353 808 Probi
381 767 733 810 commentariolum,
760 765 819 802 seu
846 764 1060 815 fragmenta.
1114 763 1146 799 E
1163 761 1275 799 codd.
1309 766 1400 811 qu0⁸

13 826 17 831 ¹
80 831 192 880 jaetat
208 829 316 884 pauci
332 829 410 866 vidi
430 838 582 870 mutata,
598 827 731 863 bonam
750 835 868 861 tamen
886 823 1068 861 interdum
1085 821 1275 859 lefiionem
1296 831 1398 870 repo-

83 890 197 928 fitam.
248 890 293 926 In
322 888 459 926 ratione
486 885 666 924 scribendi
698 885 809 921 multa
843 883 879 920 se
907 883 952 920 ad
976 881 1105 919 veteris
1131 878 1400 918 consuetudinis

83 961 247 986 normam
278 947 443 986 direxiffe
461 946 535 992 ait3
563 946 602 983 in
621 944 800 996 plerisque
819 942 1086 993 antiquioribus
1104 940 1224 992 potius
1241 937 1398 977 auetori-

82 1006 165 1052 bus,
191 1021 296 1058 quam
314 1006 516 1045 recentibus
532 1003 796 1057 grammaticis,
823 1002 1062 1053 adstipulatus.

135 1066 289 1115 Juntina
317 1065 450 1117 prima,
478 1079 497 1102 a
516 1063 668 1114 Philzppo
692 1063 810 1111 Junta
833 1060 1004 1112 expreffa,
1030 1060 1078 1096 est
1096 1072 1130 1096 a.
1167 1071 1280 1110 1510,
1305 1058 1399 1108 post-

83 1138 194 1176 quam
206 1124 282 1175 Jam
301 1125 473 1176 Eclogas,
499 1125 592 1160 forte
614 1131 650 1159 et
667 1121 755 1164 alia,
783 1119 970 1171 separatim
991 1119 1090 1169 prelo
1107 1118 1318 1168 subjecerat,
1344 1130 1400 1154 re-

83 1182 198 1234 petita
221 1197 334 1236 1529,
360 1197 467 1234 quam
486 1181 682 1232 diligenter
707 1180 861 1231 inspexi.
916 1178 975 1215 Est
994 1178 1032 1215 in
1049 1178 1120 1221 his,
1148 1178 1272 1214 saltem
1291 1178 1329 1214 in
1348 1178 1398 1214 al-

82 1252 174 1287 tera,
200 1243 332 1281 fundus
348 1243 464 1280 editio
483 1241 620 1279 Aldina
637 1241 752 1291 prior,
781 1252 905 1276 verum
923 1237 1114 1275 emendata
1131 1238 1194 1274 illa
1211 1239 1259 1274 est
1279 1251 1299 1273 a
1317 1239 1398 1275 Nic.

82 1301 224 1355 Aregelia
235 1317 249 1340 .·
276 1302 377 1354 quod
403 1311 522 1339 tamen
551 1313 624 1338 non
652 1300 703 1336 ita
729 1298 1002 1349 accipiendum,
1030 1310 1072 1334 ac
1099 1296 1124 1333 fi
1149 1309 1262 1333 novos
1285 1297 1400 1336 codd.

82 1359 304 1398 adhibuerit.
360 1360 514 1398 Praefixae
529 1358 609 1396 sunt
627 1360 801 1395 BenediHi
810 1357 848 1394 in
866 1355 1070 1406 Virgilium
1091 1355 1359 1398 annotationes,
1377 1370 1399 1393 a
1460 1397 1463 1402 ,

84 1432 159 1469 quo
176 1420 322 1458 codices
337 1419 485 1470 inspecti
502 1418 602 1456 sunt:
632 1432 668 1454 v.
702 1417 770 1454 inf.
798 1416 843 1453 ad
863 1430 895 1454 a.
919 1430 932 1452 1
943 1429 1038 1467 5²03
1066 1415 1159 1452 hanc
1186 1424 1307 1452 tamen
1322 1417 1400 1453 edi-

83 1477 221 1515 tionem
248 1491 332 1516 cum
350 1478 555 1528 Egnatiana
571 1489 592 1513 a
618 1475 709 1513 viris
725 1474 841 1512 doctis
864 1474 1063 1525 negleeiam
1092 1474 1159 1510 effe
1184 1473 1306 1519 video,
1332 1475 1399 1512 nifi

83 1537 185 1586 quod
208 1551 221 1574 1
231 1551 306 1588 534
320 1550 366 1575 ex
384 1537 542 1588 Egnatio
562 1535 762 1573 Bafileenfis
779 1534 838 1583 Jo.
858 1533 1020 1570 walderi
1039 1532 1189 1582 repetita
1207 1534 1268 1570 est.
1323 1533 1396 1571 Di-

83 1595 193 1633 versae
207 1597 252 1633 ab
269 1597 323 1633 his
337 1597 415 1634 sunt
432 1596 517 1633 edd.
543 1597 652 1633 Lucae
669 1594 761 1631 Ant.
779 1593 913 1642 Juntae,
939 1592 985 1628 de
1003 1591 1134 1642 quibus
1161 1592 1283 1630 statim·
1299 1592 1398 1630 dice·-

84 1667 178 1700 mus,
204 1668 286 1692 cum
304 1656 350 1692 de
369 1654 587 1692 Ascenfianis
604 1664 717 1705 pauca
733 1650 992 1688 monuerimus.

137 1716 259 1752 Prima
275 1715 491 1764 Ascenfiana,
519 1714 556 1752 h.
582 1726 615 1750 e.
644 1711 730 1760 Jod.
751 1709 858 1749 Badii
877 1708 1041 1747 Asoenfii
1056 1708 1325 1746 commentariis
1341 1709 1400 1746 in-

84 1771 229 1817 structa,
245 1783 417 1823 quantum
436 1772 584 1822 quidem
601 1770 751 1813 constat,
776 1782 788 1805 1
799 1781 872 1819 500
891 1767 1043 1818 prodiit.
1098 1767 1209 1804 Nihil
1227 1768 1399 1817 equidem

85 1830 132 1868 de
151 1844 188 1868 re
205 1845 278 1868 non
297 1831 452 1882 inspesta
469 1831 643 1872 affirmare
663 1828 792 1872 ausum
821 1839 899 1863 eam
918 1837 1038 1864 tamen
1057 1839 1138 1863 cum
1155 1827 1301 1876 reliquis
1318 1828 1399 1864 edi-

86 1888 248 1937 tionibus
266 1890 487 1928 Ascenfianis
504 1903 525 1926 a
538 1888 688 1926 Venetis
704 1886 808 1938 supra
826 1887 1047 1943 memoraris,
1076 1887 1129 1923 uti
1153 1899 1222 1937 149
1227 1900 1261 1937 5.
1286 1901 1399 1939 1499,

85 1963 108 1988 a
122 1950 252 2000 quibus
267 1952 449 2001 vulgatam
468 1949 660 1987 leftionem
680 1947 870 1984 deduflam
886 1946 1061 1996 suspicor,
1088 1945 1183 1982 nihil
1213 1946 1399 1984 discedere

84 2009 180 2053 vidi,
194 2019 234 2046 ut
250 2009 341 2046 adeo
359 2010 433 2061 ipse
448 2009 582 2047 Badius
607 2010 647 2046 in
664 2016 766 2045 textu
781 2005 877 2043 nihil
895 2006 1160 2043 emendationis
1177 2006 1329 2043 attulisse
1342 2007 1398 2044 vi-

84 2067 224 2109 deatur.
276 2068 426 2106 Criticae
449 2069 539 2106 adeo
570 2067 649 2118 opis
673 2079 718 2102 ex
747 2065 794 2102 iis
819 2064 987 2102 omnibus
1005 2065 1097 2102 nihil
1123 2065 1399 2115 expeciandum.

85 2127 177 2166 Sunt
202 2137 320 2167 autern
343 2126 566 2166 Ascenfianae
581 2124 814 2163 notabiliores
831 2122 944 2161 Paris.
963 2123 992 2161 f.
1018 2136 1128 2175 1505.
1148 2137 1161 2160 1
1171 2137 1259 2175 507.
1285 2137 1396 2176 1514.

90 2201 201 2240 1515.
253 2187 426 2238 Lugdun.
445 2186 472 2224 f.
498 2188 740 2238 1517.1528.
763 2196 876 2234 15²9·

137 2246 283 2295 Matuoe
314 2245 570 2283 Ascenfianum
596 2249 840 2281 commentum
860 2241 900 2278 in
920 2241 1062 2278 Venetas
1087 2240 1173 2280 edd.
1209 2241 1396 2292 migravit,

86 2303 268 2347 interdum
295 2304 340 2344 ad
363 2303 471 2342 verba
498 2301 626 2340 diverfi
650 2299 837 2344 contexti3
865 2299 964 2338 unde
991 2312 1056 2339 nec,
1076 2299 1209 2337 dubito
1231 2301 1397 2339 leeiionis

83 2363 292 2408 varietatem
303 2372 338 2400 et
351 2360 664 2413 interpolationem
677 2359 722 2397 ab
735 2372 778 2396 eo
794 2369 957 2409 tempore
973 2358 1127 2409 pmmisc
1134 2373 1175 2396 ue
1188 2373 1252 2411 per
1268 2362 1394 2413 vulga-

86 2433 140 2459 tas
156 2421 222 2460 effe
238 2422 436 2472 grassatam.
494 2419 571 2456 Post
588 2417 787 2456 editionem
814 2431 848 2456 a.
875 2431 887 2455 1
898 2431 972 2469 ςοο
989 2431 1034 2454 ex
1053 2417 1225 2456 Pinciana
1249 2420 1395 2459 duetam

86 2482 196 2522 Lucas
212 2481 297 2530 Ant,
314 2480 446 2528 Junta,
474 2477 767 2515 Ascenfianarum
783 2475 867 2512 edd.
885 2475 1066 2527 exemplo,
1091 2490 1238 2516 onerare
1255 2491 1298 2516 ac
1312 2479 1393 2517 sub-

86 2553 247 2591 mergete
281 2533 443 2590 poetam,
478 2536 659 2575 variorum
692 2535 1032 2574 commentariorum
1063 2545 1245 2587 tamquam
1274 2539 1394 2578 eluvie

86 2599 207 2649 aliqua
236 2597 397 2641 inducta,
423 2595 553 2646 coepit:
587 2595 616 2633 f.
653 2607 765 2645 1519.
790 2607 901 2645 1533·
925 2606 1018 2644 1537
1045 2606 1151 2646 ¹54²·
1204 2595 1307 2641 Idem
1335 2598 1392 2636 in-

85 2659 246 2698 stitutum
264 2667 407 2696 tenuere
424 2654 488 2692 alii
505 2653 646 2691 librarii
664 2652 815 2696 Veneti,
841 2663 876 2689 et
904 2652 943 2690 in
960 2652 1053 2692 edit.
1084 2667 1193 2705 1522.
1247 2655 1394 2699 Harum

85 2719 289 2761 editionum
307 2714 470 2756 omnium
496 2714 592 2754 nulla
621 2713 687 2751 esse
714 2713 824 2764 potest
842 2713 1025 2764 dignatio.
1077 2713 1198 2752 Etiam
1224 2715 1395 2764 juntinas

86 2779 197 2822 modo
213 2777 325 2815 dietas
342 2775 534 2826 sequuntur
551 2773 630 2812 aliae
646 2772 819 2812 Venetae:
848 2782 888 2810 ut
905 2785 964 2822 ap.
983 2773 1029 2811 de
1045 2772 1171 2811 Tortis
1190 2788 1201 2811 1
1211 2789 1278 2825 54¹
1299 2789 1308 2813 ε
1333 2789 1392 2825 ap.

88 2838 246 2886 Hieron.
274 2837 423 2877 Scotum
455 2846 553 2889 1544
573 2842 609 2872 et
631 2846 689 2887 ap.
716 2832 905 2874 Bonellum
934 2835 1029 2886 1558
1052 2841 1089 2874 et
1114 2832 1190 2886 ipsa
1219 2833 1394 2886 Velutelli

92 2910 202 2957 {5345
937 2912 942 2936 Ι

1294 2950 1394 2991 Inter
