1821 3381
377 266 837 324 BUCOLICA,
894 265 1066 317 ECL.
1120 266 1210 313 111.
1392 278 1445 330 71

132 402 164 430 ’ἲ
180 401 281 447 Aut
300 411 480 446 metuet
500 397 666 455 dulcis,
689 409 769 443 aut
786 397 1055 459 experietur
1069 413 1270 444 amaros.
1291 400 1316 426 ³*
1361 413 1378 445 1
1392 415 1451 451 10

132 488 358 536 Claudite
372 489 476 552 jam
499 488 640 544 rivos,
662 487 825 550 pueri:
851 486 919 533 sat
940 499 1073 550 prata
1097 488 1336 538 biberunt.

131 634 290 671 unquam
326 621 403 659 dici
437 620 547 676 posse,
579 618 757 657 existimo.

129 671 283 710 Referre
302 672 533 722 interpretum
554 682 758 708 commenta

129 723 184 761 nil
195 724 342 768 attinet,
364 723 494 774 frigere
506 722 604 759 enim
618 736 657 759 ea
671 736 754 760 eum

127 773 207 825 ipso
234 774 393 812 carmine
418 775 549 811 necesse
574 774 634 812 est.
681 773 754 810 Ve-

128 838 211 865 rum
244 826 420 864 Palaemon
449 825 625 874 ejusmodi
657 825 752 862 arbi-

125 877 238 914 trium
270 878 372 921 facit,
405 885 444 914 ut
476 887 665 927 utrumque
691 890 752 926 pa-

125 940 201 966 rem
229 930 295 966 effe
323 929 436 972 dicat,
464 937 505 965 ut
533 929 623 966 adeo
650 929 754 972 alter,

127 977 328 1025 Menalcas,
355 980 485 1023 vitula,
513 980 559 1017 ab
586 980 755 1017 Damoeta

125 1029 167 1068 in
197 1031 380 1081 sponfione
411 1032 537 1081 pofita,
567 1029 754 1068 Damoetas

123 1092 246 1120 autem
273 1083 385 1133 poculo
416 1082 543 1132 fagino
576 1082 753 1120 Menalcae

124 1133 257 1184 dignus
294 1134 411 1171 videri
446 1133 587 1172 debeat.
648 1133 749 1181 Jam,

123 1184 295 1234 quorsum
329 1185 464 1236 reliqua
500 1185 570 1223 hoc
605 1197 640 1223 et
674 1185 745 1237 seq.

120 1235 226 1274 versu
251 1238 421 1287 speeiem,
451 1250 523 1274 non
552 1237 659 1276 facile
688 1238 746 1275 di-

120 1299 204 1333 cas;
231 1301 344 1338 neque
370 1289 561 1346 quicquam
589 1302 633 1326 ex
660 1289 747 1326 Cal-

121 1339 254 1426 Eurnio
271 1339 350 1378 Ecl.
368 1340 421 1384 Π,
439 1353 487 1392 99
507 1339 661 1384 divines,
684 1341 746 1379 ubi

149 1403 198 1427 aee
211 1391 420 1429 adumbrat:
439 1355 526 1442 9Este
535 1402 637 1441 pares
653 1404 685 1429 et
700 1393 746 1430 ab

120 1440 179 1485 boc
193 1446 355 1485 concordes
371 1446 507 1482 vivite·
497 1472 508 1489 ‚
535 1459 614 1483 nam
626 1461 685 1484 vos
700 1446 747 1483 Et

821 621 914 659 decor
933 630 965 658 et
980 632 1095 660 cantus
1110 632 1142 659 et
1157 637 1250 661 amor
1249 627 1399 673 sociavit
1414 636 1447 665 et

821 683 919 709 aetas.
960 673 1094 711 Melius
1110 674 1267 714 Theocr.
1281 675 1337 712 Vl
1350 687 1446 718 extr.

822 725 908 763 Νίκη
924 725 992 770 μὰν
1009 724 1057 761 «ᾖδ’
1073 728 1191 769 ἄλλος,
1209 733 1293 764 vicit
1320 740 1446 774 neuter,

820 779 1009 814 [iudeo-owen
1036 777 1064 813 δ
1088 781 1240 824 ἐγένοντο.
1308 779 1446 818 Melio-

820 841 893 865 rem
914 841 1055 879 quoque
1073 829 1167 866 viam
1200 829 1283 866 iniit
1313 830 1446 883 Pupius

819 880 984 926 Pastoml.
1002 880 1036 924 Ι,
1063 892 1111 929 92
1130 880 1206 932 sqq.

876 945 888 968 1
901 945 913 968 1
927 944 959 968 1.
979 931 1222 983 Clauditejam
1236 938 1337 973 rivos.
1367 935 1443 974 EX-

819 982 879 1019 iffe
901 982 1078 1020 Palaemon
1106 982 1375 1034 intelligendu3‚
1402 998 1444 1025 ut

820 1033 928 1072 servis
956 1034 1026 1071 suis
1057 1033 1263 1093 imperaret,
1291 1047 1329 1074 ut
1348 1038 1444 1077 rivos

817 1085 875 1122 seu
895 1087 1033 1122 canales
1060 1087 1103 1123 ad
1136 1086 1321 1137 irriganda
1338 1099 1441 1139 prata

816 1138 1017 1187 aperirent3
1047 1136 1182 1175 interea
1215 1152 1236 1175 a
1270 1139 1441 1180 Menalca

813 1200 849 1225 et
875 1189 1045 1226 Damoeta
1073 1189 1206 1227 arbiter
1230 1190 1440 1238 advocatus,

811 1253 921 1284 nunc,
946 1240 1048 1277 finito
1065 1241 1276 1285 certamine,
1302 1243 1346 1279 ad
1368 1244 1440 1282 ser-

809 1304 873 1328 vos
907 1293 928 1341 s
924 1305 985 1328 uos
1017 1291 1146 1328 iterum
1179 1293 1213 1330 se
1246 1295 1438 1335 convertit.

809 1343 887 1382 vid.
908 1344 1005 1386 Serv,
1023 1352 1059 1380 et
1078 1343 1202 1384 Burm.
1225 1345 1323 1388 conf.
1351 1346 1437 1386 Cal-

807 1407 914 1446 pum.
931 1394 985 1440 II,
1002 1394 1065 1445 96.
1083 1407 1148 1448 97.
