1821 3381
348 336 441 370 200
715 315 1276 364 PROOEMIUM

344 452 475 513 quod
532 448 689 513 paullo
743 458 851 492 ante
903 445 1408 502 commemorabamus,
1461 446 1656 494 defuisse«

350 535 553 597 Virgilio
589 534 801 580 divinam
845 532 975 577 illam
1011 546 1132 576 nova
1166 542 1212 575 et
1247 531 1418 576 intaeta
1455 530 1514 576 ab
1551 531 1655 577 aliis

346 619 542 681 proprio
571 618 777 680 quodam
803 615 900 661 nisu
927 613 1191 678 proferendi
1217 614 1331 671 vim,
1366 613 1570 659 liberum
1595 611 1655 657 il-,

346 703 446 748 lum
471 700 616 746 animi
643 715 725 762 per
749 698 913 759 ignota
937 708 982 742 et
1016 696 1242 742 intentata
1265 684 1476 756 vagantis
1499 693 1656 753 impe÷

348 796 481 835 tum;
518 797 660 844 quem
686 793 843 826 tamen
868 777 1025 840 ipsum
1048 776 1309 824 verecunda
1340 776 1433 832 illa,
1466 774 1586 820 rec-ta
1609 783 1656 818 et

346 864 586 927 castigata,
641 861 859 910 carminis
910 859 1263 923 pulchritudine
1324 857 1564 905 redemisse
1609 868 1687 904 et-

347 944 664 1007 compensafl'e
700 943 848 990 videri
887 942 1054 994 debet3
1091 958 1241 1005 neque
1275 943 1321 988 in
1357 942 1436 988 illa
1466 958 1656 988 morum

348 1027 559 1089 vitaeque
595 1025 827 1087 elegantia
861 1024 998 1070 certis
1023 1023 1205 1070 decoris
1229 1035 1274 1070 et
1298 1023 1548 1069 honestatis
1572 1039 1658 1069 cu-

340 1111 532 1175 jusdam
558 1110 740 1176 legibus
765 1109 993 1164 adstricta,
1027 1120 1107 1154 aut
1144 1109 1189 1154 in
1228 1108 1306 1154 illa
1340 1107 1569 1154 doetrinae
1602 1123 1656 1153 ac

348 1196 609 1242 litterarum
632 1191 785 1254 copia,
819 1207 927 1254 quae
952 1191 998 1239 in
1025 1191 1229 1253 Virgilio
1254 1190 1343 1236 fuit
1368 1189 1486 1236 liber
1509 1190 1586 1236 ille
1610 1200 1656 1243 et

348 1277 489 1338 supra
512 1275 726 1321 mortalia
741 1275 947 1321 emicans
970 1287 1015 1321 et
1038 1288 1283 1336 tamquam
1306 1274 1435 1319 alatis
1452 1273 1658 1320 Platonis

349 1358 483 1421 equis
497 1359 616 1403 inter
629 1357 775 1403 nubes
791 1358 974 1403 evectus
990 1356 1174 1418 spiritus
1184 1355 1530 1418 vigerepotuit3
1556 1355 1657 1401 fieri

349 1441 479 1487 enim
493 1440 624 1486 aliter
637 1439 716 1484 vix
731 1439 1048 1501 potest,quam
1073 1451 1126 1484 ut
1146 1439 1246 1483 htec
1264 1437 1469 1499 operosae
1482 1438 1661 1485 doetri-

350 1538 425 1568 nae
448 1522 574 1584 quafi
603 1520 778 1566 sarcina
796 1520 1031 1584 impeturn
1047 1520 1195 1567 animi
1210 1520 1494 1567 diviniorem
1515 1534 1660 1567 retar-

349 1605 459 1656 det;
485 1602 625 1657 unde,
650 1617 801 1663 neque
825 1617 880 1646 ex
904 1601 1173 1648 academica
1195 1601 1346 1646 nostra
1370 1601 1663 1648 institutione-

349 1700 583 1746 umquam
609 1683 927 1729 Homericum
949 1681 1142 1745 aliquod
1172 1682 1416 1744 ingenium
1444 1694 1522 1728 aut
1547 1699 1661 1745 pro-

349 1766 483 1812 diisse
500 1777 579 1811 aut
596 1764 901 1827 proditurum
919 1764 1021 1821 effe,
1039 1763 1175 1809 facile
1191 1763 1408 1826 augurari
1426 1763 1535 1809 licet
1553 1787 1563 1816 ;
1590 1765 1661 1817 uti

352 1859 516 1895 contra
531 1845 682 1910 po'e'tis
699 1845 1093 1908 nostriS,quorum
1108 1845 1277 1893 animis
1291 1844 1480 1907 Virgilii
1496 1857 1540 1891 et
1551 1846 1662 1892 Ho-

352 1928 474 1976 meri
489 1927 687 1973 obscura
699 1927 852 1989 aliqua
872 1926 1003 1974 notio
1019 1938 1201 1972 tantum
1219 1942 1275 1972 ex
1288 1926 1459 1989 puerili
1476 1928 1663 1975 institu÷

352 2014 481 2058 tione
520 2007 703 2064 insidet,
745 2008 967 2070 castigata
989 2019 1035 2054 et
1071 2007 1305 2054 elaborata
1338 2008 1498 2067 diffio,
1540 2012 1664 2058 casta

353 2106 402 2140 et
420 2092 542 2138 recia
565 2090 789 2136 carminis
823 2089 1126 2152 pulchritudo
1155 2102 1234 2135 aut
1264 2091 1491 2154 elegantia
1514 2109 1570 2138 ex
1590 2094 1665 2140 in-

355 2175 485 2238 genii
512 2174 641 2220 cultu
659 2173 1197 2236 exquifitioreprofecta,
1221 2174 1343 2219 inter
1358 2174 1532 2233 laudes,
1555 2178 1664 2240 qui..

353 2259 442 2305 bus
483 2257 891 2315 commendentur,
925 2258 1007 2304 vix
1035 2258 1196 2304 haberi
1231 2259 1420 2321 poterit.
1490 2260 1664 2307 Enim-

355 2356 484 2396 vero,
518 2339 550 2384 fi
576 2338 794 2384 Homero
816 2351 956 2401 atque
992 2339 1093 2385 aliis
1135 2339 1369 2386 nonnullis
1407 2342 1528 2389 forte
1547 2345 1666 2407 poe‘-

355 2421 416 2468 tis
440 2419 786 2482 illadiviniore,
820 2436 927 2482 quae
949 2421 997 2467 in
1029 2421 1295 2469 inveniendi
1320 2423 1543 2474 felicitate
1562 2442 1666 2473 cer..

356 2507 501 2562 nitur,
535 2505 714 2567 ingenii
739 2505 785 2550 vi
809 2505 935 2552 cedit
965 2505 1205 2569 Virgilius,
1239 2508 1286 2554 in
1317 2508 1420 2566 hac,
1461 2524 1568 2570 quae
1595 2509 1667 2556 se-.

358 2585 516 2631 cunda
541 2586 627 2631 effe
652 2585 837 2631 videtur
859 2585 918 2631 ab
942 2586 1021 2632 illa
1050 2586 1189 2634 facile
1211 2588 1427 2634 omnium
1448 2589 1511 2634 est
1531 2589 1667 2650 prin-

360 2682 471 2730 ceps
490 2667 747 2724 habendUS,
771 2682 823 2713 ut
845 2684 911 2723 ea,
934 2684 1043 2730 quae
1059 2668 1118 2714 ab
1141 2668 1244 2714 aliis
1268 2669 1518 2732 acceperit,
1541 2671 1667 2717 mul-

359 2761 412 2794 to
437 2749 667 2795 ornatiora
689 2761 734 2795 et
761 2749 1029 2811 pulchriora
1057 2749 1116 2796 ab
1147 2750 1245 2814 ejus
1273 2750 1465 2813 ingenio
1493 2751 1669 2812 prode-

359 2842 455 2876 ant.
532 2829 679 2894 Qod
711 2831 948 2894 magistris
985 2832 1153 2878 nostris
1189 2845 1441 2895 acceptum
1473 2849 1556 2879 nos
1590 2849 1670 2887 re„

360 2910 479 2959 ferre
500 2910 716 2973 solemus,
749 2928 815 2973 ut,
851 2931 964 2963 cum
995 2932 1021 2962 a
1047 2915 1320 2980 parentibus
1355 2916 1502 2964 vitam
1526 2931 1668 2962 acce-

874 3015 896 3047 1
1302 3007 1304 3010 ’
1429 2997 1662 3062 perimus,
