1821 3381
313 336 406 398 368
474 331 527 380 P.
586 324 974 378 VIRGILII
1041 280 1452 373 MARoNIe

313 467 426 516 Hoc
450 467 679 529 pinguem
699 472 746 508 ct
767 459 999 524 placitam
1022 456 1135 504 Paci
1159 453 1367 503 nutritor
1390 453 1596 504 olivam;

382 557 531 604 Poma
550 568 754 618 quoque,
779 562 832 598 ut
863 549 1081 613 primum
1114 557 1306 593 truncos
1338 543 1516 593 sensere
1545 557 1629 593 va..

508 642 666 698 lentis,
1531 638 1628 697 426

314 736 380 783 Et
404 736 524 782 vires
547 731 752 778 habuere
774 727 889 786 suaS,
911 726 971 774 ad
993 724 1141 773 fidera
1167 727 1345 790 raptim

316 829 378 876 Vi
400 826 591 891 propria
614 823 840 877 nituntur,
862 816 1061 882 opisque
1083 816 1209 864 haud
1233 817 1398 881 indiga
1420 817 1611 866 nostrae.

377 922 482 968 Nec
506 919 664 966 minus
685 916 864 963 interea
885 910 984 973 fetu>
1005 925 1172 957 nemus
1195 923 1337 957 omne
1357 909 1608 973 gravescit,

315 1011 682 1079 Sanguineisque
707 1007 886 1057 inculta
910 1003 1080 1052 rubent
1100 999 1273 1049 aviaria
1296 999 1472 1049 baccis.
1534 990 1634 1064 430

375 1174 415 1205 42
419 1165 590 1209 5plac1'dam
614 1161 754 1205 quinque
770 1157 855 1202 apud
878 1158 1002 1195 Burni„
1026 1155 1119 1187 male.
1208 1153 1285 1193 426.
1310 1155 1449 1196 Pomaque
1464 1156 1531 1197 jam
1547 1153 1633 1185 Veri.

315 1221 430 1250 ”lentes
454 1216 579 1249 Medic.
606 1226 627 1246 a
650 1225 693 1246 m.
716 1223 763 1256 pr.
853 1210 927 1248 428.
951 1222 1000 1251 que
1023 1207 1108 1239 abest
1130 1218 1149 1238 a
1174 1206 1318 1238 Parrhas-
1340 1214 1372 1238 et
1395 1206 1517 1238 Gifanii
1533 1205 1634 1245 libris,

315 1270 415 1301 etiam
430 1280 449 1300 a
463 1270 612 1299 Romano
625 1262 841 1299 vetustiffimo,
856 1260 910 1302 qui
927 1267 986 1301 opes
1009 1259 1077 1288 haut
1106 1258 1162 1289 suo
1188 1267 1278 1288 more
1302 1256 1421 1287 scribit.
1466 1255 1629 1298 Agnoscas

316 1322 408 1354 facile
424 1320 563 1352 fulcrum
571 1317 679 1349 versus
694 1326 712 1347 a
729 1311 954 1346 Grammaticis
966 1308 1160 1342 submissum.
1252 1316 1326 1350 429.
1337 1308 1483 1350 gravtffcit
1493 1306 1637 1338 Mente).

317 1375 411 1408 Leid.
455 1375 568 1416 winfrit
591 1368 746 1402 Rottend.
768 1378 827 1409 pro
847 1375 916 1396 var.
943 1363 1017 1395 leet.
1041 1369 1074 1393 et
1094 1360 1195 1392 Goth.
1217 1368 1431 1402 pr.-—430.
1455 1371 1504 1400 que
1518 1359 1602 1391 abest
1616 1370 1638 1391 a,

317 1426 420 1459 Goth.
434 1425 494 1457 sec.
538 1423 666 1454 alvearia
685 1418 770 1449 Gud.
786 1428 814 1449 a.
833 1427 877 1449 m.
902 1426 953 1457 pr.
999 1413 1086 1445 Mox
1108 1412 1142 1444 in
1162 1413 1312 1443 Romano
1335 1421 1365 1442 v.
1387 1419 1453 1450 432
1473 1418 1546 1442 ante
1564 1419 1639 1441 ver.
1686 1414 1688 1416 ·

315 1480 386 1513 sum
401 1484 463 1517 431
479 1473 624 1518 ponitur,
643 1468 739 1502 male.

305 1620 487 1669 svamm,-
513 1619 571 1666 qui
582 1613 753 1663 steri-oret,
779 1620 946 1650 exorare,-
1009 1615 1090 1646 ηος,
1117 1602 1241 1640 succos
1264 1597 1488 1643 necessarios,
1513 1606 1549 1635 et
1560 1608 1639 1649 pra-

318 1675 379 1720 qui
407 1668 517 1707 caedat
552 1665 700 1715 (putet),
743 1673 875 1712 [σμγ-ις
908 1667 944 1695 et
1003 1661 1087 1705 pria
1103 1659 1158 1698 vi,
1185 1662 1312 1690 natura
1341 1652 1415 1689 sua.
1443 1650 1543 1688 conf,
1575 1649 1638 1687 vss.

1012 1707 1308 1816 &Egi-Pergit
1326 1753 1363 1792 in
1378 1748 1638 1804 argumentati-

1014 1818 1115 1847 tione
1133 1806 1305 1858 usquead
1331 1820 1368 1843 v.
1403 1817 1503 1857 4543
1531 1815 1637 1840 exor-

1013 1860 1115 1898 navit
1133 1868 1251 1897 autem
1278 1858 1401 1895 locum
1419 1865 1497 1893 arte
1527 1854 1639 1891 mira-

317 1721 352 1771 ᾗ.
391 1732 434 1757 12
453 1719 522 1756 Sed
532 1718 571 1754 id
585 1714 789 1764 (olivetum)
814 1714 945 1747 minime

319 1773 368 1810 bis
393 1787 481 1809 anno
500 1774 600 1808 arari
619 1766 724 1809 debet,
751 1774 784 1801 et
804 1762 944 1799 bidenti-

318 1825 378 1863 bus
395 1823 464 1860 alte
488 1819 721 1870 circumfodiri.
774 1813 944 1850 Tandem

317 1891 389 1914 cum
401 1889 531 1912 vomere
548 1871 660 1923 potest
675 1869 725 1906 ita
741 1865 875 1922 accipi3
904 1873 945 1901 ut

318 1927 377 1972 fit,
428 1925 539 1962 duffio
580 1933 740 1963 vomere,
783 1926 945 1955 aratione

316 1979 428 2021 faeta,
455 1986 532 2021 aut,
559 1985 599 2011 ut
627 1971 846 2024 suppleatur,
872 1983 945 2005 cum

318 2030 501 2069 recluditur
542 2019 688 2064 vomer'e.
738 2022 783 2058 In
827 2019 944 2056 omni-

318 2082 386 2121 bus
396 2080 452 2118 his
465 2077 754 2129 fimplicissimam
769 2071 945 2110 rationem

318 2133 485 2185 praefero.
537 2142 626 2180 425.
663 2127 757 2164 Hoc:
786 2124 834 2161 est
865 2122 947 2158 Ho-

320 2184 497 2223 mericum
549 2185 601 2232 Τῷ
634 2191 701 2230 pro
738 2176 794 2213 διαὶ
838 2179 939 2215 τέτο,

320 2246 467 2288 propter
483 2234 569 2277 hoc,
595 2238 794 2282 propterea,
812 2236 852 2264 ut
870 2225 943 2262 Lu-

320 2298 411 2326 cret.
428 2286 503 2330 IV,
535 2287 627 2333 1087
648 2291 685 2318 et
703 2280 781 2317 alii.
833 2283 946 2317 nutri-

319 2351 374 2378 tor
386 2352 453 2390 pro
468 2334 611 2386 vulgari
627 2337 732 2370 matri.

372 2390 462 2440 426.
481 2384 725 2425 Commendat
741 2383 849 2432 po‘eta
864 2377 946 2416 reli-

320 2454 474 2494 quarum
499 2450 643 2489 quoque
670 2434 838 2472 arborum
870 2430 949 2468 cul-

320 2505 415 2532 tum.
468 2493 574 2529 Poma
602 2488 769 2525 videntur
799 2482 950 2520 omnino

321 2544 507 2597 pomiferae
520 2541 586 2578 effe
603 2538 764 2576 arbores.
791 2534 950 2584 Reliqua

322 2599 370 2635 fic
389 2596 501 2646 vulgo
519 2590 638 2644 accipi
660 2589 768 2626 video
784 2599 794 2622 ι
823 2597 951 2623 truncos

308 2652 455 2700 sensere,
473 2644 604 2696 quibus
621 2642 734 2679 infitae
750 2638 831 2675 sunt
847 2636 950 2680 mali,

323 2710 361 2738 et
383 2711 467 2738 cum
484 2696 607 2734 succos
623 2704 748 2730 eorum
776 2690 815 2726 in
833 2687 868 2726 se
884 2688 946 2725 de-

322 2753 502 2790 rivarunt.
571 2744 712 2782 Verum
745 2743 876 2791 sensere
911 2749 950 2776 ut

323 2808 436 2855 poeta
457 2798 570 2842 dixit,
596 2809 663 2847 pro
688 2793 860 2835 habuere,
885 2790 949 2828 ha-

324 2857 436 2898 bent3
464 2850 529 2889 ubi
563 2847 672 2886 semel
718 2845 950 2883 adoleverunt

324 2917 362 2946 et
389 2904 500 2944 robur
528 2899 676 2940 habent.
729 2903 824 2936 «vires
845 2897 948 2946 suas,

1013 1911 1095 1950 bili.
1147 1910 1188 1948 Si
1205 1910 1292 1947 oleae
1317 1918 1354 1946 et
1379 1919 1488 1945 omne
1515 1917 1653 1956 pomo-‚A

1017 1977 1098 2001 rum
1126 1974 1237 2013 genus
1254 1973 1327 1998 non
1354 1958 1504 1996 eandem
1523 1970 1564 1994 ac
1582 1956 1638 1994 vi-

1014 2028 1089 2052 neae
1115 2026 1263 2065 operam
1286 2010 1498 2054 desiderant,
1525 2008 1642 2045 multo

1015 2066 1134 2105 minus
1157 2064 1294 2114 reliqua
1316 2062 1485 2100 arborum
1510 2070 1642 2110 genera

1015 2118 1172 2155 multum
1214 2113 1351 2152 laboris
1392 2112 1562 2162 exigunt,
1601 2120 1640 2149 et

1016 2181 1166 2219 magnos
1183 2176 1301 2204 tamen
1314 2164 1449 2202 fructus
1466 2162 1601 2200 ferunt.

1069 2232 1157 2271 429.
1188 2231 1279 2268 430.
1313 2214 1492 2253 silvestres
1508 2214 1643 2251 arbores

1015 2271 1151 2310 frustus
1184 2279 1221 2307 et
1255 2267 1430 2306 utilitates
1471 2265 1644 2316 plurimas

1016 2322 1122 2361 nobis
1139 2321 1273 2363 ferunt,
1299 2331 1365 2357 nec
1384 2328 1502 2355 tamen
1530 2317 1642 2354 ullam

1018 2375 1127 2413 aliam
1162 2385 1287 2410 curam
1320 2369 1490 2421 exigunt,
1533 2380 1644 2419 quam

1018 2436 1059 2464 ut
1084 2425 1250 2463 seramus.
1302 2428 1443 2466 interea,
1468 2419 1558 2456 dum
1586 2417 1642 2455 vi-

1017 2477 1116 2515 tibus
1143 2486 1216 2514 tam
1235 2473 1357 2526 gravis
1384 2472 1487 2510 labor
1503 2470 1644 2521 impen-

1018 2529 1131 2567 ditur.
1184 2542 1274 2565 omne
1301 2538 1426 2569 nemus,
1452 2535 1560 2560 omne
1587 2535 1644 2559 ar-

1018 2581 1150 2618 borum
1192 2590 1319 2629 genus,
1345 2577 1524 2627 gravqscit
1546 2578 1644 2625 fetu,

1017 2632 1143 2684 fign'Set,
1167 2639 1206 2667 ut
1226 2630 1386 2683 gravida
1393 2625 1555 2677 frugibus
1584 2640 1646 2662 ar-

1020 2684 1088 2730 bos,
1113 2692 1149 2720 et
1163 2681 1294 2731 Eclog.
1312 2678 1386 2723 III,
1414 2678 1462 2729 56
1479 2691 1564 2715 nunc
1579 2691 1646 2713 om-

1019 2740 1072 2774 m's
1082 2738 1235 2786 parturit
1249 2730 1358 2769 arbos.
1376 2734 1532 2770 aviaria,
1547 2733 1575 2749 “
1592 2726 1646 2764 se-

1019 2795 1048 2812 “
1069 2796 1166 2825 creta
1183 2795 1370 2821 nemorum
1387 2792 1465 2830 quae
1477 2791 1557 2815 aves
1575 2777 1646 2814 fre-

1019 2845 1048 2864 “
1093 2832 1307 2888 quentant.’'
1374 2830 1532 2868 Servius.
1606 2830 1646 2866 A

1019 2888 1188 2929 domibus
1215 2889 1335 2940 poeitae
1362 2883 1407 2922 ad
1438 2882 1547 2970 silva?1
1572 2889 1645 2938 tra-

1553 2941 1645 2971 uxir.
