1821 3381
439 312 537 362 ΙΝ
616 310 1128 363 GEORGICA.
1351 318 1436 364 199

131 444 333 499 andrini,
381 444 534 506 plures
576 442 836 504 superstites
881 441 1035 494 essent,
1085 440 1301 501 inprimis
1344 439 1437 485 Ni-

129 524 314 580 cander,
339 524 682 579 Eratosthenes,
707 523 979 569 Parthenius
998 524 1035 566 ἦ
1106 521 1245 575 Nam,
1267 537 1436 582 quam-

131 621 274 666 quam
294 605 448 668 po'e'tae
470 607 627 662 nostri,
649 619 826 653 naturae
865 606 1020 667 aliqua
1052 605 1346 667 indulgentia
1375 603 1434 649 ad

129 688 371 752 praeclarae
399 687 621 751 cujusque
650 688 1015 750 pulchritudinis
1048 686 1231 732 sensum
1262 685 1436 732 acerri-

130 786 264 816 mum
301 781 464 815 natum
500 786 554 815 ac
592 769 782 825 facium,
816 769 960 830 inque
1000 768 1093 813 vita
1126 767 1206 812 illa
1237 782 1321 828 per
1355 766 1436 812 lit-

128 865 245 899 teras
272 851 464 898 Graecas
488 865 532 898 et
556 852 871 898 urbanitatem
903 850 1072 896 Rornae
1103 849 1186 895 sub
1217 848 1433 911 principe

127 935 355 998 AugustO,
389 947 435 982 et
476 935 812 982 consuetudine
849 951 961 980 cum
997 932 1342 996 elegantiffimis
1388 944 1451 986 et,

127 1016 438 1063 urbaniffimis
476 1017 762 1073 hominibuS,
798 1017 972 1063 eximie
1010 1017 1192 1062 cultum
1230 1026 1275 1059 et
1309 1013 1433 1074 poli-

126 1109 244 1154 tum,
280 1098 526 1161 ingenium
552 1098 655 1144 satis
681 1098 727 1144 in
753 1097 795 1143 se
825 1097 1033 1143 materiae
1065 1096 1121 1141 ad
1157 1095 1433 1157 exquisitio-

126 1194 226 1224 rem
249 1179 455 1241 aliquem
479 1192 695 1225 ornatum
714 1195 765 1225 ac·
784 1180 984 1225 nitorem
1004 1178 1223 1224 carminis
1241 1175 1432 1221 habuit:

125 1261 358 1306 variarum
390 1272 548 1307 tamen
581 1277 736 1306 rerum
772 1260 1124 1323 comparatione
1156 1270 1203 1303 et
1239 1257 1435 1318 indaga-

124 1342 251 1387 tione
276 1342 495 1405 progreffi
519 1343 608 1388 hoc
633 1343 768 1388 nobis
797 1334 1168 1388 animadvertisse
1202 1338 1431 1390 videmur,

125 1442 182 1472 ex
217 1426 549 1472 Alexandrinis
590 1425 808 1489 inprimis
846 1424 996 1488 poetis
1034 1422 1292 1485 Virgilium
1326 1417 1433 1465 nos-

123 1521 249 1555 trum
272 1509 546 1571 profecisse3
584 1510 654 1556 his
678 1526 786 1555 eum
819 1508 1076 1554 naturalem
1109 1507 1238 1551 illam
1273 1515 1316 1549 et
1346 1520 1432 1565 pa-

122 1607 230 1637 rum
270 1591 526 1652 operosam,
562 1608 673 1638 cum
716 1603 847 1637 tanto
889 1604 1045 1636 tamen
1070 1588 1216 1643 cultu,
1250 1599 1432 1641 ornatu,

123 1683 170 1718 et
202 1671 432 1734 dignitate
468 1670 783 1736 conjunctam,
819 1672 1106 1717 venustatem
1149 1669 1316 1715 debere
1354 1685 1429 1714 ar-

442 1753 533 1799 Sed
562 1769 613 1799 ea
645 1754 702 1799 de
736 1770 782 1799 re
813 1755 904 1800 alio
927 1767 1138 1815 tempore
1170 1750 1431 1796 accuratius

767 1835 927 1899 Qid?
963 1835 996 1880 fi
1033 1835 1163 1888 alios,
1198 1850 1223 1878 e
1256 1832 1429 1894 quibus

122 1913 324 1978 fingulos
370 1916 540 1973 versuS,
577 1930 763 1964 mutuos
810 1917 983 1963 sumtos
1030 1927 1109 1961 aut
1152 1914 1428 1976 expreffosa

120 1995 339 2059 Virgilio,
375 1997 810 2044 Grammaticorum
836 2015 944 2044 cura
970 1998 1104 2057 nobis
1130 1997 1342 2052 servavit,
1377 2007 1428 2041 ut

120 2076 347 2135 Ennium,
383 2079 638 2135 Lucilium,
687 2080 942 2125 Varronem
984 2079 1254 2133 Atacinum,
1305 2078 1426 2123 inte-

117 2173 226 2219 gros
250 2158 547 2212 haberemus;
584 2176 739 2205 annon
765 2160 916 2205 multo
941 2159 1076 2221 plura
1104 2158 1285 2221 irrigati
1320 2158 1427 2203 fon-

119 2238 244 2285 tibus
282 2240 443 2286 alienis
487 2240 663 2302 ingenii
709 2240 900 2302 vestigia
937 2239 1128 2285 effemus
1165 2238 1427 2300 deprehen-

116 2318 238 2366 suri?
274 2321 384 2368 Non
410 2322 565 2385 itaque
590 2335 762 2368 temere
784 2321 981 2384 posuisse
1005 2320 1272 2366 videbimur
1295 2319 1426 2375 illud,

121 1752 371 1798 bitramur.

121 1834 391 1897 disputandi
427 1837 514 1882 erit
550 1836 694 1882 locus.

170 2451 190 2468 ’¹‘
219 2444 484 2497 Qinfiilianus
512 2448 595 2484 Inst.
623 2447 676 2491 X,
701 2461 734 2491 1,

797 2450 887 2489 dum,
907 2447 1145 2495 Xenophontem
1152 2446 1309 2496 scrtpstffl'
1326 2460 1425 2482 unum

118 2497 164 2545 56
198 2498 291 2546 Qid
300 2500 322 2533 ,Ρ
366 2499 571 2536 Nicandrum
599 2503 737 2550 frastra

102 2549 237 2598 fiquuti
264 2549 386 2586 Macer
417 2561 515 2600 atque
545 2550 700 2602 Virgilius
714 2553 735 2587 ?

118 2597 146 2633 E
167 2598 380 2636 Democrito
402 2605 546 2649 poetam
566 2603 736 2638 nonnulla

116 2648 266 2686 sumsisse
303 2650 438 2689 Plinius
475 2653 629 2689 monuit.
660 2653 734 2690 vid.

115 2701 161 2737 ad
177 2701 249 2738 Ge.
266 2701 299 2746 I,
314 2705 399 2750 336.
437 2702 493 2739 Ex
509 2703 737 2741 Eratosthene

114 2752 298 2790 transsatus
311 2754 411 2790 locus
422 2754 493 2791 Ge.
507 2755 540 2798 I,
555 2768 626 2803 233
643 2756 719 2806 sqq.
729 2785 738 2799 ‚

113 2816 133 2839 e
155 2802 348 2841 Parthenio
368 2805 483 2843 versus
503 2806 576 2844 Ge.
597 2806 629 2850 I,
649 2820 736 2858 437.

115 2853 256 2892 Servius
273 2856 317 2893 ad
332 2855 404 2894 Ge.
422 2856 456 2901 I,
475 2870 521 2908 43
543 2858 738 2908 Sanescien-

798 2499 918 2536 librum
952 2500 1208 2540 oeconomicum,
1234 2501 1323 2548 clfjns
1340 2507 1426 2545 pars

798 2550 916 2587 ultima
934 2550 1174 2601 agriculturam
1198 2555 1334 2586 continet
1347 2563 1358 2583 .·
1387 2549 1426 2585 de

800 2617 867 2652 qua
888 2611 988 2650 parle
1022 2600 1128 2637 multa
1159 2603 1209 2637 ad
1230 2604 1332 2648 situm
1368 2600 1425 2637 hoc

801 2664 880 2701 opus
912 2652 1075 2701 Virgilius
1112 2651 1306 2701 trmstulit,·
1334 2653 1427 2700 ficut

800 2711 899 2741 etiam
918 2706 955 2741 de
975 2704 1139 2753 Georgicis
1161 2705 1315 2755 [Magonis
1328 2704 1424 2753 Afri,

803 2756 953 2796 Catonis,
976 2757 1149 2797 Varronis,
1170 2756 1331 2792 Ciceronis
1349 2769 1424 2805 quo-

803 2823 862 2844 nne
889 2807 972 2843 libro
1008 2813 1098 2843 tertio
1135 2808 1423 2850 Oeconomicomaem,

801 2838 862 2909 ἕπτ’
874 2857 1116 2911 agriculturam
1133 2861 1282 2896 continet.

1299 2925 1426 2988 quod
