1821 3381
316 332 413 384 310
506 315 560 364 P.
610 306 1000 361 VIRGILII
1056 294 1455 351 MARONIS

315 457 397 504 Sin
420 453 590 500 duram
613 457 793 493 metues
818 444 1043 498 hiemem,
1068 438 1321 504 parcesque
1345 437 1516 493 futuro,

316 543 639 605 Contusosque
661 539 843 585 animos
862 548 907 584 et
923 552 994 582 rcs
1018 533 1296 581 miserabere
1316 532 1510 579 staffilas:
1533 538 1628 592 240

315 642 384 688 At
407 636 557 684 suffire
579 633 761 694 thymo,
785 627 1003 690 cerasque
1028 624 1235 672 recidere
1259 624 1422 680 inanis,

315 727 439 791 Qis
461 721 680 772 dubitet?
715 735 826 766 nam
850 716 972 779 saepe
996 714 1126 762 favos
1150 714 1340 777 ignotus
1362 710 1523 759 adedit

318 819 512 872 Stelli03
550 827 596 863 et
619 811 842 875 lucifugis
865 806 1084 871 congesta
1106 805 1281 853 cubilia
1306 803 1500 858 blattis;

317 960 422 993 neque
446 950 525 981 adeo
552 947 703 991 praefcrrc
728 941 820 975 alteri
846 947 883 972 ut
908 937 1010 980 magis
1030 936 1155 979 vulgari
1178 935 1334 977 dubitem.
1382 935 1495 977 Neque
1520 941 1629 967 tamen

319 1002 409 1045 rejici
431 1004 458 1034 in
480 1002 611 1037 vulnere,
636 999 714 1029 dum
745 995 860 1026 vulnus
890 991 1045 1027 inserunt,
1065 988 1179 1031 potest,
1208 988 1293 1029 quod
1321 987 1489 1018 Mediceus
1511 995 1543 1018 et
1572 985 1629 1017 alii

319 1061 462 1087 tuentur.
554 1059 626 1091 239.
652 1057 771 1079 metucns
799 1044 886 1075 Gud.
916 1053 934 1074 a
958 1052 1005 1074 ni.
1031 1051 1081 1082 pr.
1103 1041 1214 1070 Franc.
1241 1038 1340 1076 Tou„
1363 1048 1460 1080 porro
1490 1039 1631 1069 Roman.

318 1113 352 1138 et
375 1103 466 1135 codd.
492 1102 613 1143 aliquot
630 1098 729 1130 Pierii
753 1105 785 1129 et
811 1095 933 1137 Regius
959 1091 1097 1124 Martia.
1120 1091 1205 1121 Edit.
1222 1091 1326 1132 Junt.,
1347 1101 1404 1120 nec
1420 1090 1630 1132 rejiciendum

320 1156 378 1193 est,
399 1152 505 1195 inquit
531 1150 655 1188 Heins.,
677 1149 753 1191 quin
783 1147 882 1178 etiam
908 1143 1086 1186 elegantius
1103 1141 1164 1173 hoc
1191 1141 1313 1172 dietum
1350 1141 1475 1173 censeo.
1532 1144 1630 1174 metuis

317 1208 378 1240 sec.
403 1208 519 1238 Moret.
613 1211 685 1240 240.
707 1199 849 1243 Contunsos
876 1197 960 1228 Gud.
984 1202 1014 1227 ct
1041 1194 1105 1226 duo
1128 1194 1250 1224 Moret.
1296 1194 1485 1238 cwlt‘tffsque
1508 1193 1632 1236 Regius

321 1257 455 1289 Martin.
500 1252 753 1299 1715se1-abileidcn1
778 1249 900 1291 Regius
923 1258 997 1279 cum
1023 1246 1081 1276 Ed.
1104 1246 1187 1275 Ven.
1232 1245 1367 1276 mirabere
1384 1244 1590 1287 Longobard.
1613 1256 1632 1276 a

321 1319 367 1340 m.
388 1308 449 1339 sec,
540 1314 611 1343 241.
636 1305 682 1337 At
705 1313 815 1333 omnes
844 1300 910 1331 sere
937 1298 1026 1330 codd.
1051 1295 1198 1327 Heinfii:
1223 1296 1289 1327 Aut
1313 1295 1421 1337 vulgo.
1466 1294 1518 1328 An
1540 1296 1632 1326 Reis-

318 1361 393 1394 kius
407 1356 614 1401 conjiciebat3
631 1367 669 1387 an
687 1354 757 1396 quis
767 1350 913 1384 dubitet?
936 1349 1224 1394 Autfiff’rrethumo
1236 1347 1362 1386 (thumos
1378 1347 1462 1389 apud
1475 1348 1632 1390 Foggin.)

322 1412 458 1448 Medic.²
470 1420 527 1441 nec
543 1419 606 1439 non
623 1410 759 1438 Roman.
777 1412 808 1436 et
834 1403 891 1434 Ed.
908 1404 992 1434 Ven.
1037 1402 1160 1443 thymum
1175 1406 1239 1429 tres
1253 1398 1337 1439 apud
1358 1399 1468 1431 Burm.
1512 1401 1634 1445 Arsuf-

312 1460 527 1505 firefimo‚scil.
541 1458 672 1495 bubulo,
682 1455 762 1496 conj.
782 1457 831 1496 jo,
847 1452 1051 1488 Schraderus,
1067 1461 1103 1481 ex
1115 1449 1277 1479 communi
1290 1457 1452 1492 praecepto
1463 1450 1634 1483 audiorum

323 1515 364 1545 de
379 1515 420 1544 R.
438 1515 482 1544 R.
501 1518 532 1543 et
551 1510 633 1542 Plin.
648 1508 744 1545 XXI,
761 1514 814 1544 14,
828 1505 850 1537 s.
869 1512 922 1543 47.
936 1502 1049 1533 ReSte.
1092 1502 1217 1532 Verum
1232 1499 1330 1531 etiam
1345 1498 1458 1542 thymo
1470 1508 1501 1532 et
1518 1512 1635 1534 cneoro

321 1563 569 1605 suffumigatur:
595 1572 624 1592 v.
644 1571 669 1590 c.
689 1561 834 1600 Geopon.
861 1558 938 1594 XV,
957 1564 985 1592 2,
1002 1562 1053 1593 37.
1097 1553 1226 1596 cerasque
1240 1553 1377 1583 recindere
1395 1553 1521 1585 Zulich.
1566 1557 1635 1586 inci-

322 1617 388 1648 dere
402 1613 547 1645 Parrhas.
572 1609 712 1642 habuisse
739 1607 917 1638 videbatur.

323 1670 498 1698 Romanus.

1007 1612 1081 1641 242.
1104 1605 1180 1647 Qis
1195 1603 1303 1633 dubites
1320 1602 1422 1634 Goth.
1444 1613 1493 1645 pr.
1527 1604 1635 1647 adhcstt

590 1670 663 1700 243.
689 1660 784 1692 Stellio
800 1668 825 1690 et
842 1658 978 1700 lucffzcgis
992 1665 1102 1687 omnes
1118 1654 1268 1691 Pieriani,
1286 1663 1396 1697 omne-s
1410 1653 1478 1685 fere
1493 1654 1636 1692 Heinfii;

323 1730 382 1752 nec
398 1717 499 1750 abesse
514 1727 531 1747 a
545 1715 607 1747 suis
622 1715 653 1745 τὸ
669 1723 694 1745 ct
710 1719 820 1743 monet
838 1710 1019 1747 Blattinu53
1041 1719 1098 1739 nec
1114 1707 1198 1738 abest
1214 1718 1232 1738 a
1248 1707 1360 1745 Goth„
1384 1706 1549 1738 extrusum
1564 1714 1637 1738 tan-

324 1778 397 1804 tum
422 1768 478 1807 est,
503 1767 537 1799 id
565 1764 651 1809 quod
676 1771 708 1796 et
732 1763 798 1806 ipse
813 1761 925 1792 malim
940 1759 1074 1798 faistum,
1095 1758 1129 1789 in
1145 1758 1216 1791 edd.
1242 1757 1353 1801 vulgg.
1370 1765 1445 1790 ante
1465 1757 1577 1789 Heins.
1603 1765 1637 1789 et

326 1940 417 1969 nere,
430 1925 468 1962 in
480 1920 669 1962 inferendo
687 1921 824 1959 vulnus.
848 1919 948 1956 Nam

325 1976 461 2014 aculeis
501 1974 629 2013 amissis
664 1973 758 2010 mori
803 1971 950 2009 creditae

327 2029 423 2067 sunt.
454 2028 548 2065 Plin.
570 2026 644 2069 XI,
664 2025 745 2062 seez.
771 2036 829 2074 19.

380 2090 616 2131 239—247.
654 2076 720 2113 Sin
779 2073 950 2125 apiarius,

327 2131 459 2170 hiemis
490 2128 701 2168 immitioris
736 2137 848 2169 metu,
887 2139 948 2162 cu-

328 2196 440 2234 raque
488 2195 595 2233 apum
627 2191 664 2218 et
706 2177 949 2220 miseratione,

328 2249 403 2272 non
445 2246 568 2271 omnes
614 2231 716 2269 favos
749 2229 950 2272 exscindat,

328 2297 365 2324 et
383 2284 685 2336 aliquamxmellis
711 2291 848 2332 partem
875 2279 951 2330 api-

328 2339 396 2376 bus
448 2336 651 2387 relinquat:
706 2344 743 2370 at
811 2332 950 2373 saltem,

326 2399 475 2441 propter
505 2387 692 2426 variorum
736 2384 950 2422 infestorum

327 2440 473 2479 infidias
502 2437 691 2476 suffiendus
726 2437 773 2473 est
812 2436 947 2478 alveus,

329 2493 452 2530 inanes
484 2492 583 2528 cellae
628 2487 871 2538 exscalpendae
912 2495 949 2522 et

330 2543 547 2587 recidendae‚
585 2554 630 2578 ne
671 2540 768 2591 quod
827 2539 865 2575 in
906 2537 950 2574 iis

329 2595 586 2633 animalculum
614 2592 799 2629 occultum
828 2591 950 2626 lateat.

331 2645 584 2696 Trepidabant
629 2654 665 2680 et
699 2643 787 2680 hinc
829 2641 950 2691 Intpp.

329 2698 528 2736 Observata
584 2696 661 2732 haec
714 2692 837 2732 omnia
875 2693 952 2742 jam

329 2759 431 2787 erant
449 2746 659 2790 Aristote1i3
686 2759 722 2784 v.
742 2745 795 2782 H.
823 2744 952 2780 Anim.

331 2801 406 2846 IX,
432 2813 498 2850 40,
524 2811 609 2849 pag.
642 2799 718 2847 946
746 2797 797 2840 A,
824 2795 884 2833 sed
916 2795 955 2831 in

331 2853 453 2892 cauffis
515 2848 708 2888 reddendis
768 2845 953 2886 laborabat

1503 1809 1639 1852 quidem

1014 1915 1166 1954 maximi
1210 1912 1419 1966 philosophi
1470 1927 1637 1954 acumen.-

1012 1969 1170 2006 Monent
1221 1967 1347 2004 eadem
1412 1966 1637 2018 Geoponici,

1015 2019 1134 2057 Varro
1150 2028 1186 2056 et
1212 2018 1415 2056 Columella
1440 2031 1525 2055 cum
1557 2018 1641 2054 Pal--r

1014 2072 1128 2109 ladio.
1225 2083 1314 2120 239.
1345 2081 1464 2120 parces
1495 2074 1637 2121 fitturo,

1015 2121 1223 2162 conditioni
1248 2135 1289 2158 ac
1310 2121 1500 2158 neceffitati
1529 2134 1638 2171 apum

1014 2175 1155 2212 futurae.
1227 2172 1426 2209 Priscianus
1470 2173 1547 2210 haec
1581 2171 1638 2224 ip-

1014 2227 1051 2263 sa
1081 2226 1128 2263 ad
1160 2224 1332 2275 apodofin
1370 2224 1558 2267 referebat,
1597 2234 1640 2261 ut

1014 2278 1136 2320 essent,
1185 2287 1289 2326 parce
1353 2285 1394 2313 et
1456 2280 1641 2326 misera-ror.>

1017 2343 1105 2378 240.
1150 2326 1312 2379 Spoliato
1342 2327 1443 2364 alveo
1484 2337 1521 2364 et
1562 2326 1639 2364 cibi

1014 2379 1177 2431 penuria,
1204 2378 1349 2415 hiemali
1381 2389 1553 2429 tempore.
1585 2377 1638 2416 cf.

1013 2433 1149 2469 Colum
1171 2430 1247 2473 IX,
1281 2443 1340 2478 14,
1371 2444 1429 2467 11.
1483 2444 1569 2480 241.
1592 2430 1643 2466 Ut·

1012 2499 1116 2522 omnes
1132 2484 1246 2531 vitiqfi
1257 2486 1354 2533 favi
1375 2481 1551 2526 tollantur,
1577 2494 1641 2518 cu-

1014 2536 1167 2572 randum
1185 2534 1246 2571 est.
1303 2533 1452 2571 Colum.
1472 2533 1548 2577 IX,
1577 2545 1639 2580 13,

1017 2591 1051 2625 8.
1070 2586 1120 2624 cf.
1136 2586 1168 2636 ᾧ.
1193 2599 1249 2622 11.
1271 2598 1331 2630 12,
1346 2597 1380 2621 c,
1404 2598 1464 2633 14,
1483 2597 1561 2622 1.2.
1581 2597 1640 2631 13.

1015 2638 1136 2675 Varro
1151 2636 1225 2681 III,
1246 2637 1305 2680 16,
1325 2649 1375 2684 34
1391 2644 1482 2673 extr.
1533 2636 1581 2672 At
1599 2635 1643 2672 in‘

1015 2688 1177 2740 apodosi,
1217 2698 1258 2726 ut
1292 2688 1393 2737 supra
1423 2686 1610 2737 aliquoties
1627 2696 1642 2731 3¹

1018 2741 1109 2786 εἶτα,
1127 2742 1234 2778 ἀλλά.
1273 2752 1360 2788 243.
1379 2744 1505 2789 {gnotus
1514 2736 1643 2782 Stellio,

1015 2806 1090 2830 non
1120 2791 1337 2833 observatus,
1366 2789 1508 2826 occulte
1540 2788 1642 2824 adre-

1015 2858 1116 2896 pens,
1179 2855 1211 2882 et
1245 2842 1361 2896 blattis
1385 2843 1528 2894 congesta
1550 2838 1647 2928 cussie

1605 2904 1643 2929 ee
