1987 3361
389 274 1006 370 Em‘r'loNtBUS.
1217 316 1365 363 civit

52 442 165 494 etlam
182 453 283 492 locus
301 452 339 490 in
358 450 443 490 AEn.
463 449 557 495 VII,
589 450 674 501 187,
699 459 808 500 quem
835 448 900 486 ille
923 447 1210 499 reprehenderat,
1238 447 1366 486 Gellio

56 515 140 551 teste
158 513 211 556 V,
231 515 250 550 8
265 527 275 556 3
304 510 379 549 fieri
397 519 518 547 tamen
543 508 614 545 hoc
633 507 754 558 potuit
771 506 853 544 aliis
870 506 908 543 in
926 506 1074 550 libellis,
1102 515 1142 543 ut
1158 507 1197 543 de
1218 506 1365 544 Urbibus

54 572 204 618 Italicis,
231 573 271 609 de
303 570 456 610 Familiis
486 567 659 621 Trojanis,
686 579 777 617 quos
807 566 951 604 Servius
980 578 1045 603 nec
1083 565 1202 603 minus
1228 565 1368 604 laudat.

58 631 118 668 Ex
148 631 269 683 priore
300 628 423 679 utique
456 626 553 665 libro
580 626 750 676 petitum,
776 625 876 675 quod
906 625 946 662 in
981 623 1108 661 Servio
1138 623 1290 662 habetur
1318 625 1368 662 ad

56 689 145 727 AEn.
179 688 215 733 I,
244 702 314 742 277
346 695 383 724 et
420 697 506 737 530.
545 683 638 727 VII,
669 696 732 734 47.
803 678 943 721 Nescio
976 683 1072 720 unde
1109 682 1265 734 petitum
1308 682 1367 728 fit,

58 747 159 797 quod
189 748 229 785 in
261 745 386 786 Servio
413 742 548 794 legitur
574 742 620 779 ad
650 741 745 787 XII,
776 754 848 781 120
864 750 901 779 et
918 754 977 792 ap.
995 741 1072 791 Jul.
1091 741 1213 781 Sabin.
1228 742 1276 779 ad
1293 740 1368 785 VI,

20 838 23 843 .
57 805 151 851 615,
176 810 260 857 pag.
280 817 369 854 401.

109 864 218 912 Junii
259 861 480 913 Philargyrii
520 859 667 898 Scholia
709 859 750 896 in
795 858 972 897 Bucolica
1014 867 1052 897 et
1098 858 1286 910 Georgica
1318 859 1368 900 ad

58 919 385 966 Valentinianum3
413 919 509 957 unde
545 918 717 969 colligere
758 918 861 963 licet,
888 918 913 955 fi
947 918 1057 955 modo
1085 916 1368 956 Valentinianus

57 980 240 1031 Augustus
259 980 288 1017 is
305 981 366 1024 est,
394 977 646 1016 Valentiniani
677 977 772 1028 Imp.
803 990 878 1015 aevo
906 990 988 1015 eum
1019 976 1158 1015 vixiffe.
1210 983 1239 999 “
1266 976 1367 1015 Illud

57 1045 87 1063 “
114 1048 210 1076 certe
227 1039 387 1076 constare
404 1036 553 1089 putabat
570 1036 735 1080 Urfinus,
762 1049 844 1073 eum
864 1049 937 1073 non
955 1036 1065 1087 longe
1082 1049 1103 1074 a
1131 1035 1247 1073 Servii
1265 1046 1369 1075 aetate

59 1103 89 1120 “
116 1097 266 1136 abfuiffe
283 1107 320 1135 et
342 1095 498 1147 Virgilii
516 1094 759 1146 chirographo
785 1093 888 1132 usum
913 1095 994 1138 effe,
1021 1103 1061 1132 ut
1090 1107 1136 1131 ex
1164 1095 1240 1144 ejus
1267 1108 1371 1133 com-

58 1162 88 1181 “
116 1156 295 1194 mentatio
313 1164 473 1207 apparet,
501 1154 541 1191 in
567 1167 641 1205 quo
668 1155 782 1191 multa
811 1153 1042 1204 proferuntur
1058 1167 1102 1190 ex
1121 1154 1168 1191 iis
1184 1153 1370 1205 scriptori·

61 1223 92 1240 ‘⁶
119 1216 199 1260 bus,
226 1215 290 1266 qui
320 1213 543 1265 temporibus
562 1227 634 1250 non
662 1212 727 1250 nifi
746 1212 996 1263 antiquiffimis
1012 1212 1224 1250 extabant.''
1277 1213 1370 1250 Sunt

58 1274 174 1312 multa
190 1287 270 1325 quae
293 1273 462 1311 adversus
482 1272 558 1311 haec
576 1271 751 1322 disputari
767 1272 916 1323 poflint3
944 1283 1020 1308 rem
1039 1281 1159 1309 tamen
1184 1271 1223 1308 in
1244 1271 1369 1309 medio

60 1332 310 1383 relinquimus.
364 1331 501 1369 Extant
516 1344 561 1369 ex
577 1343 619 1368 eo
633 1340 803 1380 excerpta
819 1329 1022 1380 fragmento
1041 1329 1177 1367 vetusto
1195 1329 1369 1367 Serviano

58 1391 191 1430 inserta
209 1402 245 1431 et
259 1392 304 1429 ab
323 1391 456 1429 Urfino
474 1389 669 1441 exscripta.
686 1389 772 1426 vide
785 1389 862 1440 sup.
876 1388 973 1427 Edd.
998 1390 1108 1440 1587.
1133 1392 1243 1440 1589.
1278 1388 1370 1426 Inde

57 1449 99 1487 in
112 1451 172 1488 ed.
195 1450 234 1489 Ρ.
263 1449 428 1488 Danielis
458 1452 554 1488 1600
572 1459 608 1486 et
624 1462 645 1485 a
665 1448 705 1487 P.
726 1448 933 1485 Burmanno
953 1448 1115 1498 repetita.
1171 1447 1312 1485 Notata
1329 1447 1370 1486 in

58 1521 142 1545 eum
164 1509 246 1546 sunt
273 1506 447 1546 nonnulla
466 1521 486 1545 a
514 1508 610 1557 Jano
639 1506 863 1545 Broukhusro
882 1507 994 1545 Tom.
1014 1505 1045 1544 Ι.
1061 1506 1152 1545 edit.
1171 1506 1369 1546 Burmann.

59 1567 147 1605 add.
166 1566 278 1618 ejusd.
298 1566 438 1618 praefat.
459 1570 558 1617 (pag.
577 1569 656 1616 34).

113 1625 234 1674 Julius
252 1628 445 1675 Pomponius
465 1625 619 1664 Sabinus.
673 1624 732 1662 De
751 1623 823 1662 hoc
849 1623 933 1661 satis
951 1623 1064 1661 multa
1082 1623 1178 1662 dicia
1196 1623 1277 1662 sunt
1291 1623 1368 1677 sup.

60 1685 109 1722 ad
123 1684 220 1724 Edd.
244 1685 357 1735 1486,
374 1683 470 1722 unde
488 1697 564 1735 rep.
588 1698 696 1736 1519·
721 1696 830 1733 1544.
854 1685 945 1734 1561
969 1692 1005 1720 et
1019 1683 1066 1721 al.
1093 1683 1200 1721 Bafil.

111 1744 267 1782 Martias
299 1743 469 1781 Salutaris
497 1756 518 1779 a
545 1742 712 1780 Charifio
742 1741 885 1781 Putsch.
916 1755 953 1792 p.
987 1744 1073 1786 181,
1098 1744 1156 1780 18.
1211 1756 1301 1792 203,
1319 1746 1372 1794 46

60 1802 108 1840 ad
125 1803 232 1841 verba
251 1802 458 1853 Virgiliana
475 1801 667 1840 excitatur.
721 1801 791 1839 Sed
809 1800 930 1851 potuit
957 1799 1028 1838 hoc
1056 1800 1098 1837 in
1122 1814 1231 1852 opere
1247 1815 1370 1853 gram-

60 1861 194 1899 matico
213 1860 342 1898 diversi
360 1860 564 1910 argumenti
582 1860 672 1898 fieri.

112 1920 278 1970 Meliffizs.
332 1918 417 1956 Fuit
445 1919 570 1969 utique
597 1918 669 1956 hoc
696 1917 844 1955 nomine
864 1917 1147 1968 grammaticus:
1175 1918 1221 1956 de
1239 1932 1312 1970 quo
1332 1933 1371 1958 v.

61 1977 210 2017 Sueton.
242 1978 297 2016 ill.
330 1978 403 2017 Gr.
436 1991 499 2016 21.
553 1978 615 2015 An
645 1991 731 2014 vero
757 1977 796 2014 in
816 1976 1019 2028 Virgilium
1038 1989 1299 2016 commentatus
1314 1979 1371 2024 fit,

60 2036 132 2084 alia
149 2036 295 2087 quaestio
314 2037 375 2074 est.
430 2036 544 2087 Qod
563 2036 658 2086 apud
676 2035 864 2073 Donatum
884 2035 964 2074 Vit.
980 2035 1090 2086 Virg.
1110 2036 1137 2074 s.
1157 2051 1202 2089 27
1224 2038 1285 2075 ille
1298 2047 1371 2075 tra-

60 2094 159 2132 didit
178 2093 380 2145 Virgilium
401 2094 563 2132 sermone
587 2094 821 2132 tardiffimum
839 2094 956 2139 fuiffe,
983 2095 1021 2132 in
1041 2095 1143 2133 libris
1160 2096 1372 2146 Ineptiarum

61 2154 232 2205 scriptum
254 2154 320 2192 effe
348 2153 481 2204 potuit.
537 2154 598 2192 Ad
619 2154 706 2192 AEn.
727 2152 819 2197 VII,
839 2155 887 2193 66
905 2154 945 2190 in
964 2153 1090 2190 Servio
1106 2155 1177 2200 est3
1207 2155 1374 2194 Melissus

62 2219 91 2236 “
118 2214 182 2264 qui
201 2214 246 2251 de
262 2212 391 2263 apibus
409 2212 547 2264 scripsit
560 2215 582 2230 ’'
611 2214 679 2252 hoc
698 2212 744 2250 ab
758 2211 907 2250 indoGto
925 2211 1183 2263 interpolatore
1198 2214 1374 2253 insertum

60 2272 125 2310 effe
141 2271 310 2309 arbitror.

112 2332 275 2369 Modicius
291 2343 312 2367 a
330 2330 493 2367 Pontano
519 2338 555 2367 et
581 2329 701 2366 Cerda
730 2330 850 2380 paffim
882 2330 929 2367 ad
956 2329 1147 2369 AEneidem
1177 2332 1344 2371 laudatur
1359 2350 1373 2378 ;

61 2390 138 2427 noli
159 2400 275 2426 tamen
293 2389 388 2426 inter
405 2399 534 2426 veteres
555 2388 822 2427 Grammaticos
839 2402 921 2426 eum
939 2389 1082 2427 referre.
1112 2390 1173 2428 Est
1190 2392 1373 2431 Gulielm-

62 2447 252 2485 Modieius
271 2447 349 2484 saec.
368 2445 467 2483 XVI
483 2447 646 2484 exeuntis
664 2452 771 2498 poeta
790 2456 826 2484 et
850 2448 1129 2498 grammaticus,
1159 2449 1223 2501 qui
1255 2452 1372 2502 Virgi-

61 2507 143 2545 lium
161 2522 184 2543 a
202 2506 374 2544 calumniis
390 2508 600 2544 vindicatum
618 2505 768 2556 scripsit.

112 2566 288 2617 Nigidium
333 2563 475 2601 Servius
517 2565 667 2610 laudat3
708 2578 782 2602 non
829 2578 915 2602 vero
964 2574 1149 2615 tamquam
1191 2579 1374 2618 gramma-

61 2623 193 2668 ticum,
219 2622 283 2673 qui
323 2622 363 2660 in
394 2622 596 2673 Virgilium
629 2633 890 2661 commentatus
936 2624 992 2663 fit.
1046 2624 1133 2675 Ejus
1161 2626 1374 2665 Commenta-

61 2686 132 2720 rius
159 2682 427 2734 grammaticalis
458 2681 642 2719 indefinite
685 2693 907 2722 memoratur
934 2697 992 2735 ap.
1029 2684 1129 2723 Serv.
1161 2685 1209 2722 ad
1244 2684 1264 2722 I
1295 2685 1372 2728 Ge.

67 2753 156 2781 120.

112 2799 212 2850 Ngsus
235 2798 493 2853 grammaticus
519 2799 640 2852 paffim
667 2799 835 2840 laudatur
864 2799 902 2840 in
929 2799 1049 2852 Opere
1070 2800 1211 2841 Putsch.
1255 2802 1370 2854 Qod

1274 2870 1370 2901 mter
