1987 3361
558 272 584 335 [
651 282 831 317 Lxxvu
899 268 924 333 ]

200 784 378 847 DE
518 773 1230 842 VIRGILII

415 931 1038 973 EDITIONIBUS.

77 1167 397 1250 EmmoNUM
426 1209 592 1247 elenchos
625 1203 805 1246 instituere
840 1216 919 1245 tum
953 1200 1103 1243 omnino
1131 1215 1183 1241 res
1208 1201 1256 1239 est
1282 1200 1386 1239 valde

73 1268 232 1306 difficilis
261 1279 296 1307 et
327 1269 494 1308 molestiae
520 1283 563 1307 ac
594 1268 695 1307 taedii
724 1267 844 1319 plena,
872 1277 950 1304 tum
970 1265 1084 1302 multo
1102 1262 1217 1313 magis
1241 1261 1279 1298 in
1298 1260 1386 1297 Vir-

75 1328 184 1379 gilio,
211 1329 273 1379 qui
297 1343 318 1366 a
346 1329 616 1380 typographicae
645 1327 731 1364 inde
758 1326 842 1363 artis
868 1325 984 1362 initiis
1002 1325 1101 1361 nullo
1122 1336 1194 1360 non
1216 1334 1324 1364 anno,
1350 1328 1388 1357 et

74 1386 256 1423 interdum
274 1397 328 1425 ter
344 1397 528 1438 quaterve,
555 1386 651 1437 typis
680 1384 830 1422 excusus
858 1383 940 1422 fuit.
995 1382 1107 1434 Qod
1129 1393 1246 1431 operte
1261 1391 1387 1430 genus,

76 1458 293 1496 quamquam
312 1460 384 1484 non
404 1455 477 1484 tam
496 1445 625 1483 morofi
651 1445 783 1488 sumus,
810 1451 850 1479 ut
877 1456 959 1479 curn
977 1441 1017 1479 P.
1037 1442 1241 1477 Burmanno
1257 1438 1295 1473 iu
1315 1438 1389 1473 Ad

76 1511 245 1542 monitione
269 1507 308 1542 de
325 1507 476 1556 Illasvit.
509 1506 588 1542 edzt.
625 1503 731 1554 plane
760 1501 997 1552 aspernemur,
1037 1512 1080 1536 ne
1114 1508 1191 1535 tum
1225 1496 1389 1561 quidem,

78 1576 163 1600 cum
203 1563 295 1601 nihil
338 1564 466 1601 feceris
512 1563 626 1607 aliud,
667 1575 774 1612 quam
817 1570 857 1598 ut
899 1559 1103 1597 editionum
1149 1555 1309 1604 undique
1342 1554 1390 1591 ti-

78 1622 174 1659 tulos
192 1635 303 1660 unum
320 1623 359 1660 in
376 1623 496 1660 locum
516 1621 748 1672 congesseri53
776 1618 881 1656 habet
897 1618 993 1655 enim
1011 1617 1088 1653 haee
1115 1614 1191 1665 ipsa
1222 1626 1274 1649 res
1306 1626 1390 1650 cum

78 1680 127 1717 ad
144 1681 328 1718 historiam
349 1681 578 1725 litterariam,
605 1693 675 1731 qua
702 1679 800 1716 nulla
816 1677 922 1714 facile
940 1674 1155 1713 eruditionis
1173 1671 1392 1709 liberalioris

78 1752 160 1789 pars
177 1752 296 1778 carere
311 1741 436 1790 potest,
465 1751 541 1777 tum
568 1740 607 1776 in
637 1737 712 1789 ipsa
746 1750 783 1774 re
801 1735 928 1773 critica
947 1734 992 1771 ad
1011 1733 1215 1771 editionum
1233 1729 1393 1780 origines

78 1807 115 1834 et
143 1798 357 1849 propagines
383 1798 609 1848 indagandas
636 1795 804 1834 utilitatis
823 1794 1039 1846 plurimum,
1067 1802 1103 1829 et
1121 1790 1304 1827 honestum
1323 1790 1391 1825 stu-

79 1856 182 1894 dium
209 1858 289 1907 quis
317 1866 422 1908 neget
438 1857 526 1908 poni
544 1856 582 1893 in
600 1856 650 1893 rei
668 1865 707 1905 ty
710 1853 938 1906 pographicae
956 1849 1184 1889 incunabulis
1214 1857 1249 1885 et
1277 1847 1393 1884 incre-

80 1916 210 1952 mentis
227 1916 513 1967 cognoscendis?
540 1928 603 1952 nec
632 1925 751 1951 tamen
771 1925 834 1949 nos
861 1912 898 1948 id
926 1909 1114 1948 confilium
1132 1921 1226 1945 nunc
1245 1906 1392 1957 quidem

81 1974 221 2024 sequuti
252 1974 385 2020 sumus,
413 1984 467 2018 ut,
496 1974 594 2024 quod
619 1988 665 2011 n
653 1985 728 2009 mo
762 1971 868 2007 facile
904 1970 943 2007 in
977 1968 1014 2006 se
1045 1966 1231 2018 receperit,
1266 1965 1393 2003 lectori

79 2046 202 2071 omnes
219 2033 374 2085 Virgilii
392 2033 568 2071 editiones
586 2033 910 2069 adnumeraremus.
954 2027 1108 2071 Verum,
1126 2040 1210 2063 cum
1225 2025 1393 2062 miricam

79 2093 121 2129 in
148 2092 303 2143 aliquem
330 2094 510 2130 autf'torem
538 2091 601 2128 vix
630 2090 713 2127 satis
741 2089 898 2126 feliciter
924 2101 965 2123 ac
993 2096 1072 2124 tuto
1094 2098 1258 2122 exercere
1278 2085 1394 2134 pollis,

81 2151 148 2189 nifi
166 2152 331 2189 lectionis
348 2152 502 2202 vulgatae
521 2149 673 2187 rationes
688 2158 724 2186 et
742 2149 890 2192 caussas,
909 2157 1044 2189 ortum,
1072 2145 1146 2181 sata
1163 2157 1204 2181 ac
1225 2143 1395 2180 viciffitu-

83 2211 185 2248 dines
203 2224 275 2248 non
301 2211 406 2262 plane
430 2210 598 2260 ignore53
628 2219 781 2258 cumque
800 2206 838 2243 in
853 2207 1038 2257 poetarum
1058 2204 1237 2254 principe,
1265 2202 1303 2239 in
1323 2215 1396 2253 quo

83 2271 255 2319 majorem
273 2270 381 2306 etiam
401 2268 630 2319 diligentiam
649 2280 689 2303 ac
704 2265 944 2303 subtilitatem
973 2263 1085 2301 multa
1112 2263 1182 2300 five
1210 2262 1398 2312 requirunt

83 2329 151 2366 five
169 2329 351 2372 excusant,
378 2343 484 2393 quam
504 2328 556 2364 fi·
548 2341 584 2364 1n
603 2326 729 2392 quovis
749 2325 821 2362 alio
840 2326 981 2362 auetorc
1000 2323 1166 2361 verseris:
1196 2335 1303 2359 accur
1306 2331 1397 2358 itio-

83 2400 158 2424 rem
175 2387 280 2424 talem
299 2387 468 2424 notitiam
487 2387 602 2423 multo
622 2386 737 2422 minus
755 2394 937 2433 tamquam
962 2396 1090 2419 tanam
1108 2392 1141 2418 et
1160 2381 1324 2418 inutilem
1345 2380 1398 2417 as-

86 2445 228 2496 pernari
248 2444 345 2483 licet.
400 2446 500 2483 Tum
526 2457 610 2481 vero
641 2443 733 2480 illud
759 2442 986 2479 tolerandum
1013 2443 1078 2478 effe
1103 2454 1176 2477 non
1194 2441 1286 2478 xidt
1282 2450 1398 2482 0'1‘u1‘,

85 2505 183 2554 quod
211 2513 396 2541 contextus
427 2503 574 2554 quidem
593 2501 657 2539 Vi
649 2501 812 2553 giliani,
839 2501 885 2537 ad
905 2500 996 2537 illud
1016 2500 1123 2550 usque
1142 2509 1295 2549 tempus,
1324 2511 1398 2548 quo

83 2563 129 2599 ab
158 2561 247 2599 Nic.
269 2562 419 2599 Heinsio
450 2560 648 2613 integritati
678 2560 763 2601 suae,
801 2567 973 2609 quantum
1006 2558 1152 2607 quidem
1183 2571 1243 2607 per
1274 2557 1398 2601 libr,0s

85 2634 174 2672 quos
202 2620 386 2664 habemus,
413 2620 514 2662 licet,
544 2619 721 2657 restitutus
748 2619 810 2661 est,
837 2626 912 2653 tota
943 2616 1050 2660 ratio,
1077 2617 1184 2667 origo
1208 2630 1247 2652 ac
1270 2630 1399 2666 propa-

85 2679 185 2730 gatio
203 2687 343 2715 tantum
361 2691 434 2714 non
453 2679 651 2728 ignoratur.
706 2675 820 2727 Qod
848 2675 968 2724 itaque
999 2674 1037 2710 in
1064 2676 1163 2711 nullo
1191 2688 1263 2710 nan
1283 2685 1399 2712 vetere

85 2736 257 2787 scriptore
284 2736 480 2773 admodum
510 2735 598 2772 utile
625 2745 659 2771 et
677 2732 903 2771 necessarium
924 2742 1029 2781 atque
1046 2732 1154 2768 etiam
1175 2732 1324 2782 ecguini
1342 2733 1399 2780 ju-

85 2797 244 2833 cundum
273 2796 338 2832 esse
366 2794 642 2837 arbitrabamur,
669 2793 802 2843 primos
828 2792 983 2841 vulgatae
1011 2791 1170 2827 {metionis
1196 2792 1252 2827 scu
1286 2801 1402 2827 textus

86 2855 217 2900 fontes,
244 2867 439 2905 eorumque
466 2853 615 2897 rivulos,
643 2862 761 2891 tenere
789 2860 826 2888 et
850 2851 888 2888 in
915 2860 1057 2901 promtu
1076 2851 1220 2895 habere,
1250 2850 1343 2886 uxi-tle
1362 2862 1403 2885 ea

1281 2909 1405 2954 ducta,

1980 2727 1987 2825 esu-...x
1982 2654 1987 2715 «hui
1980 2599 1985 2630 a*
1980 2571 1985 2588 ᾧ

1977 3291 1987 3340 εει.
1980 3266 1987 3281 Α
1980 3172 1987 3255 μηυμ
