1987 3361
510 308 641 345 ccxx
837 285 1454 338 TESTIMONIA

655 602 1139 658 TESTIMONIA
1178 602 1281 655 DE
1317 601 1660 656 VIRGILIO

765 701 868 750 ET
922 703 1108 764 EJUS
1158 699 1563 748 OPERIBUS.

627 905 682 952 P.
717 900 999 951 OVIDIUS
1035 896 1214 946 NASO
1250 896 1394 945 Amor.
1419 899 1458 956 I,
1485 909 1558 960 15,
1584 915 1663 963 25.

648 1008 849 1050 1TYRus,
874 1003 922 1038 et
945 990 1134 1053 segetes,
1163 989 1424 1050 AEneiaque
1440 1004 1569 1047 arma
1587 987 1819 1051 legentur,

709 1082 867 1129 Roma
890 1079 1172 1143 triumphati
1194 1078 1312 1125 dum
1334 1089 1478 1142 caput
1501 1076 1628 1123 orbis
1650 1075 1753 1123 erit.

778 1187 1162 1250 EJUSDEM.
1201 1186 1305 1232 Art.
1330 1184 1421 1243 III,
1445 1201 1557 1250 337.

436 1326 439 1328 ,
508 1275 574 1323 Et
596 1273 857 1338 profugum
877 1270 1075 1327 AEnean,
1098 1270 1205 1316 altae
1229 1268 1492 1332 primordia
1517 1268 1718 1314 Romae:

573 1354 687 1418 Qo
708 1353 897 1401 nullum
920 1350 1061 1398 Latio
1084 1351 1252 1398 clarius
1274 1362 1400 1398 extat
1425 1367 1562 1414 opus.

506 1487 828 1550 EJUSDEM
861 1485 958 1532 AD
990 1482 1409 1531 AUGUSTUM.
1448 1481 1578 1543 falfi.
1604 1480 1669 1536 Π,
1707 1491 1815 1542 533.

508 1580 575 1629 Et
597 1591 755 1629 tamen
776 1578 856 1625 illc
878 1588 975 1623 tuae
1000 1575 1113 1621 felix
1138 1574 1365 1621 AEncidos
1389 1573 1553 1620 auctor

575 1663 792 1710 Contulit
815 1662 864 1708 in
888 1658 1057 1721 Tyrios
1077 1673 1206 1704 arma
1231 1657 1480 1719 virumque
1504 1667 1645 1703 toros·

507 1746 737 1809 Phyllidis
761 1744 840 1791 hic
864 1743 1010 1799 idem,
1031 1753 1300 1802 teneraeque
1326 1737 1632 1805 Amaryllidis
1657 1738 1788 1802 ignes

572 1825 1009 1891 Bucolicisjuvenis
1034 1822 1202 1869 luserat
1225 1833 1333 1868 ante
1358 1820 1530 1868 modis.

538 1945 756 1994 SEXT.
808 1939 1222 1990 AURELIUS
1278 1934 1795 1997 PROPERTIUS„

693 2026 767 2071 lib.
790 2024 856 2080 II,
879 2022 998 2084 Eleg·
1016 2031 1125 2068 extr.
1153 2020 1206 2067 61
1216 2020 1318 2085 sqq⁶
1338 2022 1395 2067 ad
1412 2021 1637 2082 Lynceum.

505 2118 647 2167 Actia
671 2114 932 2177 Virgilium
957 2113 1124 2176 (iuvet)
1152 2112 1354 2158 custodis
1377 2112 1537 2159 littora
1561 2108 1754 2167 Phoebi,

574 2197 771 2245 Caesaris
795 2208 839 2241 et
865 2197 1007 2242 fortes
1031 2195 1187 2241 dicere
1211 2193 1338 2257 poffe
1360 2204 1497 2240 rates.

506 2279 607 2344 Qi
631 2293 755 2324 nunc
781 2276 947 2324 AEneae
969 2275 1167 2339 Trojani
1191 2274 1381 2321 suscitat
1403 2290 1548 2331 arma,

572 2361 797 2423 jactaque
816 2358 1015 2404 LavinIs
1035 2357 1215 2404 moenia
1235 2357 1492 2403 littoribus.

507 2443 676 2491 Cedite
700 2440 905 2488 Romani
930 2439 1195 2502 scriptores,
1218 2438 1373 2484 cedite
1398 2438 1564 2486 Graii:
1624 2490 1633 2497 ,

570 2522 747 2569 Nescio
770 2520 887 2584 quid
912 2518 1064 2583 majus
1087 2517 1290 2566 nascitur
1308 2518 1471 2565 Iliade.

505 2605 584 2652 Tu
609 2603 736 2650 canis
758 2599 966 2648 umbrofi
992 2598 1150 2646 subter
1172 2599 1334 2662 pineta
1358 2599 1515 2646 Galefi

571 2683 792 2746 Thyrsin,
811 2694 856 2728 et
874 2680 1047 2727 attritis
1074 2681 1297 2743 Daphnin
1320 2680 1657 2736 arundinibus;

507 2771 670 2832 thue
693 2767 858 2813 decem
882 2764 1050 2829 poffint
1074 2780 1377 2827 corrumpere
1395 2765 1519 2811 mala
1538 2764 1767 2827 puellam2

572 2850 741 2901 Miffus
766 2861 811 2896 et
836 2848 1062 2914 impressis
1084 2848 1247 2900 haedus
1270 2847 1328 2894 ab
1352 2848 1592 2895 uberibus.

1672 2927 1821 2991 Felixii
