1821 3381
341 267 828 333 BUCOLICA,
878 275 1200 325 ECL.111.

1367 293 1427 340 57

620 422 910 455 DAMOETAS.

118 507 222 555 Aut
246 505 323 552 hic
347 504 405 551 ad
429 515 607 550 veteres
633 501 781 564 fag03‚
805 516 955 562 quum
974 499 1242 563 Daphnidis
1266 516 1429 548 arcum

121 596 322 660 Fregisti
346 608 392 643 et
412 596 615 642 calamos
633 611 644 639 :
679 607 788 654 quae
810 603 877 646 tu,
900 590 1114 653 perverse
1130 590 1366 648 Menalca,

121 688 201 745 Et,
225 704 372 751 quum
397 685 552 732 vidisti
569 699 717 746 puero
732 682 919 741 donata,
937 683 1126 728 dolebas
1143 704 1156 736 ;

122 779 202 836 Et,
226 780 259 826 fi
282 796 375 826 non
399 779 555 840 aliqua
577 774 819 831 nocuisses,
842 787 1053 821 mortuus
1078 774 1203 821 esses.
1374 790 1428 838 15

620 880 906 910 MENALCAS.

123 957 259 1025 Qid
282 955 468 1003 domini
493 954 680 1010 faciant,
705 954 878 999 audent
900 971 1049 1017 quum
1072 957 1182 1003 talia
1206 956 1354 1004 fures!

124 1049 235 1096 Non
261 1065 348 1113 ego
371 1060 414 1094 te
438 1047 535 1094 vidi
559 1046 805 1103 DamoniS‚
827 1046 1033 1109 peffime,
1056 1065 1254 1112 caprum

125 1140 363 1203 Excipere
384 1137 576 1195 insidiis,
602 1137 808 1182 multum
834 1137 1029 1184 latrante
1054 1138 1284 1201 Lycisca?

125 1228 193 1275 Et
215 1244 364 1291 quum
388 1227 643 1273 clamarem
662 1245 672 1272 :
698 1225 810 1290 Qo
832 1242 956 1272 nune
980 1226 1024 1272 se
1047 1228 1254 1291 proripit
1277 1229 1388 1275 ille?

128 1318 305 1381 Tityre,
329 1334 447 1381 coge
467 1332 609 1381 pecus
627 1340 639 1371 ;
665 1328 715 1362 tu
739 1316 841 1379 post
865 1318 1045 1364 careera
1068 1318 1260 1366 latebas.

1377 1337 1437 1370 20

630 1422 919 1460 DAMOETAS.

128 1501 207 1549 An
231 1498 351 1546 mihi
375 1499 607 1546 cantando
631 1500 778 1546 vickus
803 1516 895 1546 non
919 1500 1128 1548 redderet
1152 1502 1246 1560 ille,

129 1591 292 1657 Qem
316 1607 420 1638 mea
443 1589 732 1637 carminibus
753 1590 988 1636 meruisset
1016 1591 1181 1648 fistula,
1207 1593 1439 1654 caprum?

175 1733 226 1764 az.
254 1725 414 1766 Daphnidos
430 1723 540 1755 Valer.
569 1722 666 1754 Prob.
693 1722 726 1753 in
749 1724 832 1753 Arte
857 1725 1002 1753 Gramm.
1023 1724 1174 1765 agnoscit.

476 1777 591 1815 aliquem
608 1774 761 1805 Rottend.
784 1774 878 1807 alter.

130 1775 214 1805 Ven.
236 1783 268 1806 et
290 1775 433 1806 Parrhas.

1265 1735 1301 1765 15
1307 1749 1314 1756 .
1338 1728 1446 1768 aliquid

920 1787 954 1804 ex
975 1777 1070 1816 aliqua
1083 1775 1169 1807 Voff.
1260 1777 1310 1808 16.
1324 1780 1442 1818 faciant

131 1826 243 1857 Heius.
266 1837 302 1858 ex
319 1826 450 1868 optimis
464 1826 554 1856 codd.
572 1826 691 1856 iterum
708 1826 889 1862 revocavit;
911 1825 1053 1857 ediderat
1066 1826 1134 1867 jam
1149 1827 1235 1858 idem
1248 1828 1390 1870 Nauger.
1407 1829 1441 1861 in

130 1876 204 1910 Ald.
225 1884 298 1913 tert.
344 1878 453 1918 Vulgo
459 1879 580 1918 facient.
613 1879 742 1917 fluerent
758 1887 838 1907 unus
854 1877 990 1907 Moreti.

129 1930 191 1958 dent
203 1928 314 1970 Scalig.
330 1936 360 1959 et
373 1928 491 1966 Gifan„
503 1928 643 1959 evitandi
654 1928 771 1970 ingrati
784 1929 851 1959 soni
864 1927 974 1968 caussa,

130 1986 164 2010 et
180 1979 278 2010 Goth.
294 1990 366 2022 pr.;
389 1979 476 2011 idem
491 1990 566 2011 mox
581 1984 714 2011 εαννεέῖα.

131 2104 210 2130 mus
254 2090 376 2140 itaque
410 2090 526 2140 fimpl.
571 2091 755 2134 nocivam,

130 2141 381 2194 perniciosam.
402 2156 438 2180 v.
457 2142 502 2179 ad
520 2141 662 2181 Tibull.
681 2142 754 2187 III,

133 2207 173 2244 ς,
211 2208 270 2232 20.
332 2194 496 2243 arbustum
539 2195 650 2244 potest
691 2195 756 2231 effe

131 2245 372 2292 synonymum
389 2251 524 2288 vitium,
553 2256 593 2283 ut
612 2244 753 2296 Georg-

131 2296 186 2338 11,
206 2297 293 2345 416.
318 2297 405 2344 Jam
421 2303 551 2337 zvinAJae
566 2302 668 2343 vites,
672 2301 754 2350 jam

122 2347 254 2399 falcem
272 2347 406 2397 arbusta
424 2358 588 2397 reponunt.

192 2411 250 2436 12.
281 2399 548 2437 Recriminatur
565 2400 641 2446 hic,
660 2399 755 2438 fimi-

134 2450 238 2500 leque
250 2452 280 2500 ej
288 2464 339 2493 υς,
353 2464 424 2501 quo
440 2452 473 2488 se
490 2451 641 2501 petitum
658 2451 757 2489 vide-

135 2501 213 2545 bat,
241 2502 389 2539 malitiae
418 2514 453 2539 et
479 2502 627 2540 invidiae
652 2503 755 2554 flagi-

134 2552 226 2590 tium
243 2553 373 2602 objicit
389 2553 576 2592 Menalcae.
613 2570 688 2605 quae
704 2557 759 2593 do-

134 2616 220 2642 nata
234 2619 267 2642 v.
290 2619 300 2642 1
312 2619 348 2653 3,
366 2605 413 2643 sc.
433 2621 543 2644 arcum
558 2615 592 2643 et
605 2606 757 2644 calamos.

136 2657 257 2693 Arcus
275 2669 346 2693 non
371 2656 504 2694 alienus
533 2671 552 2695 a
580 2658 757 2708 pastorum

136 2707 212 2744 vita
242 2709 285 2745 ad
314 2707 557 2746 defendendos
584 2722 709 2760 greges
739 2723 760 2746 a

134 2758 233 2802 feris.

195 2811 252 2849 16.
268 2815 384 2861 fures,
419 2811 524 2855 servi,
558 2824 602 2848 ex
637 2812 759 2862 oppos.

1038 1879 1122 1922 Qid
1133 1881 1244 1920 facient
1261 1881 1372 1918 domini,
1389 1894 1443 1911 au-

1018 1960 1022 1963 ,
1068 1940 1117 1969 17.
1135 1932 1236 1964 Nonne
1247 1943 1293 1974 ego
1304 1932 1441 1976 Menag.

807 1989 855 2022 19.
881 1981 924 2010 Et
937 1983 999 2011 dum
1014 1980 1120 2016 multi.

820 2091 920 2129 tione
951 2091 1088 2139 Servii3
1131 2106 1215 2131 cum
1251 2107 1346 2131 nunc
1380 2093 1443 2132 ille

820 2143 1058 2181 mercenarius
1091 2144 1208 2194 pastor
1242 2145 1443 2184 conviciari

819 2196 960 2232 audeat.
1014 2194 1131 2232 Usum
1158 2196 1258 2235 vocis
1289 2196 1327 2233 in
1363 2199 1441 2235 vul·

818 2246 898 2296 gari
915 2246 1072 2284 sermone
1089 2247 1270 2297 vigentem
1288 2260 1443 2299 arguunt

818 2297 968 2342 comici,
985 2297 1047 2348 qui
1052 2301 1153 2348 fures
1170 2312 1236 2349 pro
1255 2299 1361 2337 servis
1386 2300 1443 2338 in.

820 2350 942 2399 probis
960 2363 1001 2386 ac
1019 2363 1084 2400 pro
1105 2350 1243 2388 scelesta
1260 2350 1361 2400 plebe
1379 2353 1442 2389 ad-

819 2401 958 2439 hibent.
1013 2415 1074 2441 20.
1103 2403 1231 2453 Tigyre,
1247 2418 1320 2453 coge
1331 2414 1443 2452 pecus,

819 2453 916 2502 quod
940 2451 1136 2502 dispersum
1162 2467 1256 2503 vago
1282 2454 1444 2493 discursu

819 2504 1027 2553 palabatur3
1056 2505 1164 2542 tacite
1182 2518 1267 2542 vero
1294 2518 1337 2542 eo
1365 2506 1443 2556 ipso

821 2555 1022 2599 indicabat,
1059 2555 1176 2593 furem
1210 2557 1339 2600 adeffe,
1380 2558 1444 2607 qui

821 2620 968 2657 caprum
997 2620 1042 2643 ex
1064 2621 1174 2658 grege
1191 2607 1278 2645 dolo
1296 2608 1445 2646 interci-

823 2669 932 2708 peret.
966 2660 1135 2708 “Titjvum
1161 2672 1244 2696 vero
1272 2660 1447 2697 Damonis

823 2709 961 2746 servum
977 2709 1178 2761 intelligere
1192 2711 1374 2754 debemus,
1385 2721 1446 2748 aut

824 2774 906 2798 eum
925 2772 1033 2805 certe,
1060 2763 1122 2812 qui
1149 2763 1225 2811 ejus
1243 2775 1348 2812 pecus
1367 2763 1445 2812 pas-

825 2822 933 2849 ceret.
972 2813 1089 2850 Carex
1101 2814 1196 2864 apud
1209 2813 1347 2850 Catull.
1364 2827 1447 2851 cum

136 2861 258 2905 domiai
310 2872 346 2901 et
391 2873 509 2903 vetere
550 2862 761 2915 interpreta-
814 2868 934 2916 junco,
963 2864 1059 2914 apud
1082 2865 1229 2904 Colum.
1257 2877 1341 2900 cum
1357 2864 1449 2912 filice

1253 2916 1447 2966 jungitur5
