1987 3361
506 330 600 362 ccx„
936 306 1476 358 EPITAPHIA

1087 462 1268 516 XVII.

507 571 746 620 Eorundem
779 572 986 618 duodecim
997 573 1333 633 scholasticorum
1356 567 1599 630 Epitaphia
1626 566 1681 614 P.
1717 565 1824 614 Vir..

660 657 762 721 gilii
782 656 996 713 eront's,
1015 667 1100 718 per
1118 655 1380 717 tetrcgsz‘lcha.
1411 654 1469 699 ib.
1499 664 1567 715 ep.
1594 664 1701 715 197.

949 787 1292 838 VITALIS
1340 786 1381 834 I.

510 904 672 953 Prima
696 901 817 951 mihi
838 900 980 949 Musa
1004 901 1068 948 est
1090 899 1172 947 sub
1197 899 1293 963 fagi
1316 898 1509 961 Tityrus
1533 898 1722 947 umbra.

578 988 657 1036 Ad
682 1003 787 1034 mea
810 1002 955 1033 navus
980 985 1183 1031 humum
1201 981 1320 1046 juffa
1341 983 1535 1034 colonus
1558 994 1674 1031 arat.

512 1072 774 1135 Praeliaque
801 1081 1018 1133 expertos
1042 1067 1195 1114 cecini
1223 1065 1426 1131 Trojana
1451 1065 1674 1121 Latinos;

579 1156 780 1219 Fertque
803 1171 931 1202 meos
957 1155 1134 1201 cineres
1159 1152 1337 1214 inclyta.
1352 1151 1692 1215 Parthenope..

917 1292 1314 1341 BASILIUS
1363 1292 1429 1339 II.

517 1395 631 1444 Hoc
648 1395 777 1460 jacet
800 1396 847 1442 in
869 1396 1055 1442 tumulo
1081 1405 1205 1440 vates
1228 1394 1440 1440 imitator
1464 1389 1669 1438 Homeri
1683 1411 1697 1444 ;

580 1478 679 1541 Qi
703 1478 830 1524 canit
854 1476 1065 1524 Ausonio
1087 1477 1297 1524 carmine
1320 1476 1501 1539 primus
1523 1490 1649 1530 oves,

518 1562 597 1611 Ad
621 1562 772 1608 cultos
796 1561 907 1608 hinc
932 1561 1090 1607 transit
1110 1577 1277 1624 agros3
1312 1559 1541 1607 AEneidos
1564 1570 1725 1607 autem

581 1644 695 1691 Non
718 1642 1022 1689 emendatum
1041 1655 1194 1689 morte
1216 1642 1408 1706 reliquit
1428 1658 1565 1706 opus.

910 1767 1308 1815 ASMENUS
1352 1768 1446 1816 III.
1529 1806 1531 1809 .

524 1876 752 1929 Bucolica
772 1878 985 1926 Ausonio
1006 1878 1187 1942 primus
1210 1879 1293 1941 qui
1316 1879 1528 1926 carmine
1551 1879 1658 1937 feci,

588 1963 712 2009 Mox
740 1973 984 2025 praecepta
1006 1961 1116 2009 dedi
1140 1960 1346 2007 versibus
1367 1960 1611 2023 agricolae.

525 2046 661 2094 Idem
685 2062 797 2092 cum
820 2045 1088 2109 Phrygibus
1113 2045 1400 2092 Rutulorum
1423 2045 1547 2091 bella
1569 2044 1748 2110 peregi,

589 2127 739 2176 Hunc
764 2128 885 2175 mihi
907 2127 1130 2176 defuneto
1154 2125 1248 2173 fata
1270 2126 1438 2173 dedere
1460 2127 1640 2175 locum.

913 2262 1329 2311 VOMANUS
1373 2263 1462 2310 IV.

526 2376 710 2440 Tityre,
743 2390 790 2425 te
816 2377 956 2425 Latio
978 2378 1155 2425 cecinit
1179 2395 1284 2426 mea
1304 2378 1458 2426 fistula
1478 2377 1641 2426 versu:

594 2458 942 2523 Praeceptisque
965 2459 1083 2506 meis
1107 2459 1304 2506 rusticus
1329 2476 1438 2505 arva
1460 2457 1592 2506 colit.

529 2542 620 2598 Ac,
653 2557 711 2587 ne
737 2541 875 2589 Musa
898 2557 1056 2589 carens
1076 2541 1203 2588 vitiis
1227 2539 1442 2586 AEneidis
1466 2540 1592 2597 effet,

595 2623 784 2673 Perfida
806 2640 884 2672 me
906 2624 1049 2672 celeri
1072 2624 1167 2672 fata
1188 2625 1333 2674 tulere
1354 2639 1487 2681 nece,

732 2847 758 2880 2
1331 2835 1847 2890 EUPHORBUS
