1821 3381
358 291 423 339 74
519 274 571 322 P.
629 267 1011 319 VIRGILII
1078 268 1475 320 MARONIS

347 420 466 455 torem
495 421 578 446 curn
606 406 782 444 bellorum
804 402 971 441 civilium
990 400 1209 438 calamitates
1226 400 1413 439 hominum
1435 402 1572 441 animos
1589 411 1659 442 ter·

347 479 493 517 roribus
511 477 627 515 omnis
646 475 786 526 generis
814 473 967 524 agitatos
992 470 1037 508 ad
1066 470 1166 508 varia
1184 479 1445 521 portentorum,
1472 472 1659 524 prodigio-

349 561 444 591 rum,
472 557 507 583 et
526 544 782 583 vaticiniorum
801 542 960 580 ludibria
980 541 1239 579 convertissent.
1292 541 1463 592 Inprimis
1476 552 1595 581 autem
1613 544 1659 582 ad

349 615 504 664 Sibyllas
536 614 645 650 multa
678 611 852 648 vaticinia
888 610 1101 653 referebant,
1130 609 1230 660 cujus
1259 612 1486 648 oraculorum
1514 611 1658 662 generis

347 684 498 722 omnino
515 692 550 720 et
569 682 654 719 alias
672 682 766 719 inter
793 681 974 718 Romanos
992 689 1026 716 et
1052 689 1136 716 tunc
1161 680 1276 716 multo
1306 679 1421 730 magis
1437 689 1511 717 erat
1528 693 1660 731 magna

347 752 552 790 autb-ritas.
614 751 778 802 Collegit
807 764 852 788 ex
883 750 944 787 illa
975 759 1075 787 :etate
1103 749 1246 786 oracula
1279 749 1452 786 nonnulla
1483 748 1662 799 Sibyllina

350 820 539 858 Fabricius
560 819 652 857 Bibl.
674 820 744 857 Gr.
767 821 878 858 Tom.
907 819 941 864 I,
969 819 1034 857 lib.
1062 819 1096 864 I,
1123 832 1158 856 c.
1179 833 1243 869 30,
1270 818 1302 868 ᾧ.
1319 819 1342 856 6
1361 818 1435 869 sqq.
1489 818 1560 856 Sed
1584 830 1660 856 rem
1696 865 1700 867 ‚

347 892 436 931 satis
450 892 505 929 vel
536 904 624 928 unus
651 889 816 928 Suetonii
841 891 941 927 locus
967 889 1097 927 Ofiav.
1119 901 1154 927 c.
1184 901 1226 938 3¹
1256 888 1441 932 declarat3
1467 899 1551 926 cum
1578 887 1660 923 Au·
1694 890 1699 893 '

348 962 467 1013 gustus
485 959 641 997 librorum
645 960 863 1010 fatidicorum
882 960 1000 996 Graeci
1023 959 1201 1008 Latinique
1222 961 1368 1009 generis,
1394 960 1452 1006 qui
1472 954 1570 992 nullis
1600 951 1665 991 vel

341 1045 468 1086 parum
486 1033 601 1068 idoneis
619 1027 800 1066 amoribus
812 1027 1030 1077 firebantur,
1059 1029 1163 1079 supra
1188 1029 1262 1065 duo
1281 1026 1397 1064 millia
1411 1029 1579 1063 contram
1596 1038 1659 1061 uno

347 1105 442 1154 dique
461 1100 673 1137 cremaverit.
727 1095 810 1144 jam
842 1095 880 1134 in
913 1108 1044 1145 magno
1070 1094 1134 1132 illo
1164 1107 1312 1132 numero
1338 1092 1596 1131 vaticiniorum
1622 1100 1660 1130 et

346 1169 592 1211 oraculorum,
611 1178 689 1215 quae
706 1164 836 1216 partim
853 1164 1098 1215 superstitione
1118 1163 1248 1216 partim
1268 1163 1453 1203 fraudibus
1466 1161 1657 1203 hominum

347 1240 540 1282 celebrata,
560 1248 594 1275 et
609 1237 679 1274 five
695 1235 760 1272 sub
777 1235 857 1274 aliis
875 1235 1083 1273 nominibus
1100 1236 1167 1274 five
1184 1235 1250 1273 sub
1266 1234 1483 1285 Sibyllarum
1510 1231 1659 1271 nornine

348 1310 470 1363 paffirn
486 1306 630 1345 vendita
643 1305 757 1348 fuere,
781 1318 892 1342 unum
921 1304 992 1342 fuit
1009 1304 1172 1355 aliquod,
1189 1304 1287 1355 quod
1306 1315 1471 1354 magnam
1498 1300 1658 1351 aliquam

345 1378 558 1420 felicitatem
582 1375 739 1412 futuram
769 1374 1013 1425 promitteret,
1050 1373 1194 1424 ejusque
1222 1372 1498 1423 descriptionem
1525 1369 1571 1406 ab
1596 1368 1659 1411 iis,

347 1461 428 1501 quae
441 1447 487 1484 de
506 1444 633 1482 saeculo
648 1456 756 1480 aureo
774 1445 1016 1481 memoraffent
1034 1445 1163 1495 poe'tae,
1191 1451 1428 1480 mutuaretur.
1482 1439 1571 1476 Erat
1586 1435 1657 1478 alia

347 1518 395 1557 ab
416 1514 573 1553 Etruscis
591 1513 752 1564 profecta
772 1512 867 1549 fama
884 1513 930 1550 de
945 1515 1028 1550 οξὶο
1045 1513 1182 1552 saeculis
1194 1512 1295 1564 genti
1314 1510 1471 1548 Etruscae
1487 1508 1595 1552 datis,
1621 1515 1658 1544 et

346 1587 393 1625 de
412 1583 539 1622 saeeulo
557 1594 654 1619 nono
670 1581 754 1618 inde
771 1594 792 1618 a
815 1580 914 1619 Sulla
929 1581 1067 1626 exorso,
1095 1590 1172 1618 tum
1189 1581 1235 1618 de
1251 1580 1413 1624 decimo,
1438 1577 1581 1629 periodi
1603 1589 1657 1614 re-

345 1670 444 1700 rum,
469 1668 549 1705 quae
584 1663 660 1690 tum
691 1660 781 1695 erat,
808 1652 887 1689 fine.
917 1651 969 1689 cf.
1005 1650 1194 1689 Censorin.
1224 1664 1258 1689 c.
1292 1664 1351 1700 17.
1404 1647 1590 1686 Plutarch.
1617 1645 1658 1684 in

347 1727 448 1765 Sulla
465 1739 501 1776 p.
521 1739 546 1775 4
551 1725 598 1775 56
614 1724 664 1759 A.
691 1720 890 1772 Opinionis
904 1720 1091 1772 vestigium
1109 1719 1255 1771 aliquod
1278 1719 1373 1770 apud
1393 1719 1491 1756 Serv.
1509 1716 1555 1754 ad
1573 1715 1657 1756 Ecl-

347 1795 427 1840 1X,
455 1807 501 1843 47
524 1793 572 1830 est
590 1790 636 1827 de
654 1789 742 1826 noni
761 1789 880 1827 saeculi
893 1789 990 1827 exitu
1009 1799 1045 1831 et
1064 1788 1218 1840 ingressu
1236 1787 1384 1828 decimi.
1423 1787 1510 1824 Erat
1523 1784 1595 1823 alia
1611 1785 1658 1823 de

346 1877 481 1916 magno
500 1873 594 1899 anno
614 1867 771 1898 vertente
789 1871 809 1896 e
828 1858 1024 1897 Platonicis
1049 1868 1085 1895 et
1115 1858 1247 1896 Stoicis
1273 1857 1388 1909 petita
1412 1856 1555 1908 opinio,
1582 1866 1657 1907 quo

344 1935 508 1976 omniurn
523 1944 641 1970 rerum
658 1932 885 1969 ἀνακύκλωσις
902 1939 938 1967 et
955 1932 1222 1971 ἀποκατάςαισις
1238 1929 1320 1967 effet
1337 1928 1473 1972 futura,
1488 1936 1565 1964 tum
1584 1924 1656 1962 alia

346 2008 392 2045 de
407 2016 541 2055 magno
558 2003 659 2052 Rege
686 2011 839 2038 venturo
857 2000 975 2038 fama:
1004 2000 1081 2037 vid.
1108 2001 1256 2039 Sueton.
1286 2002 1386 2051 Aug.
1418 2012 1483 2049 94.
1535 1994 1655 2049 Qasq

343 2087 486 2125 cunque
510 2082 626 2109 autem
646 2071 685 2108 in
701 2071 771 2108 hoc
787 2083 918 2121 genere
945 2068 1203 2120 descriptiones
1225 2081 1328 2107 novae
1346 2066 1530 2107 felicitatis
1547 2066 1656 2104 habe÷

343 2157 437 2187 muS,
465 2141 588 2179 swein
607 2139 769 2178 Orientis
788 2139 857 2177 five
873 2139 914 2177 in
942 2139 1084 2178 Graecis
1101 2153 1142 2177 ac
1165 2140 1347 2177 Romanas
1372 2137 1505 2189 po'etis,
1531 2150 1655 2175 omnes

344 2214 421 2252 fere
438 2212 532 2249 inter
558 2211 592 2248 se
610 2209 741 2247 fimiles
768 2209 875 2246 sunt:
904 2208 1021 2247 bestiae
1049 2223 1091 2247 ac
1121 2209 1203 2247 ferae
1230 2210 1380 2253 cicures,
1406 2207 1580 2258 serpentes
1596 2206 1653 2245 in-

343 2281 470 2325 nocui,
499 2279 618 2330 fruges
636 2278 736 2315 nullo
755 2278 854 2315 cultu
881 2287 1009 2323 enatae,
1037 2291 1134 2316 mare
1159 2278 1359 2330 placidum,
1388 2278 1444 2316 dii
1469 2276 1654 2328 praesentes

340 2349 383 2388 in
400 2347 501 2385 terris
513 2346 654 2395 aliaque
677 2343 854 2394 ejusmodi
877 2343 916 2381 in
936 2345 1104 2383 omnibus
1122 2355 1376 2384 memorantur.
1431 2344 1586 2382 Nullum
1613 2345 1653 2384 in

341 2418 398 2458 his
416 2414 624 2468 phantasma
636 2415 698 2456 est,
724 2413 823 2464 quod
843 2427 916 2451 non
936 2428 1033 2451 mens
1052 2415 1207 2452 humana
1225 2428 1357 2467 magno
1375 2424 1472 2453 metu
1489 2414 1651 2453 contacta

341 2485 534 2536 concipere
552 2484 667 2534 poffit,
695 2483 720 2520 fi
753 2483 798 2519 ad
828 2482 913 2520 vitae
943 2483 1224 2535 simplicitatem,
1250 2498 1270 2525 a
1298 2483 1453 2534 pestibus
1484 2492 1518 2521 et
1545 2482 1651 2521 malis

340 2566 554 2605 magnarum
572 2551 716 2589 urbium
739 2561 774 2589 et
800 2565 1013 2603 magnorum
1029 2553 1263 2605 imperiorum
1281 2555 1485 2599 liberatam,
1511 2553 1651 2604 cogita-

341 2622 441 2661 tione
475 2620 510 2656 se
534 2618 707 2658 retulerit.
763 2618 857 2658 Haec
887 2621 1010 2658 eadem
1036 2622 1148 2658 aetatis
1175 2633 1301 2665 aureae,
1327 2621 1444 2661 saeculi
1475 2619 1650 2665 Saturnii,

339 2691 438 2730 bona
453 2688 685 2727 constituunt.

394 2758 479 2796 Hoc
496 2757 618 2807 itaque
634 2759 781 2797 oraculo
798 2769 833 2797 et
849 2761 1026 2799 vaticinio
1045 2762 1103 2800 seu
1121 2770 1328 2801 commento
1347 2763 1535 2815 ingenioso
1563 2761 1652 2799 Vir-v

341 2824 453 2883 gilius
476 2826 670 2866 commode
683 2826 763 2866 usus
788 2827 869 2873 effe,
895 2839 947 2873 et,
973 2843 1052 2882 quae
1069 2831 1115 2869 de
1142 2840 1245 2869 aetate
1271 2843 1392 2876 aurea,
1419 2828 1585 2881 inprimis
1601 2828 1650 2871 ab

1471 2896 1650 2946 Hcfion
