1987 3361
461 274 1102 339 ARGUMENTA.
1275 298 1440 335 cmm

684 436 888 470 DECIMI.

130 503 362 553 Panditur
378 505 552 553 interea
574 505 746 552 caelum
770 502 1014 565 coetusque
1038 503 1254 550 deorum.
1376 518 1408 559 4
1414 511 1437 562 5

130 587 241 648 Jam
264 588 386 635 redit
403 587 590 643 AEneas,
622 597 668 632 et
691 584 842 630 Pallas
866 584 1070 631 caeditur
1091 600 1214 631 acer.

130 670 325 732 Eripuit
344 670 470 731 Juno
488 669 724 725 Turnum,
761 666 993 729 Laufique
1016 676 1264 728 parentem

129 751 328 814 Adjecit
349 752 578 798 comitem
602 751 771 798 mortis
797 747 1049 812 Cythereia
1071 747 1240 812 proles„

641 845 919 877 UNDECIMI.

131 911 323 959 Oceano
346 913 521 959 interea
535 911 726 975 surgens
750 912 935 958 Aurora
955 910 1149 958 videbat

130 994 345 1042 Mezenti
370 995 504 1042 ducis
528 996 718 1042 exuvias
741 994 976 1057 caesosque
999 993 1192 1050 sodaleS,
1384 1009 1447 1057 50

128 1075 195 1126 Et
220 1074 412 1121 Latium
434 1088 652 1137 proceres
676 1074 925 1122 Diomedis
949 1075 1076 1122 dicta
1098 1075 1287 1131 referre,

128 1156 260 1204 Tum
282 1156 434 1220 qualis
456 1171 633 1219 pugnae
651 1155 868 1207 succedat
890 1156 1088 1203 Etrusca
1111 1156 1331 1209 Camilla.

638 1252 952 1285 DUoDEch.

128 1322 318 1369 Turnus
341 1333 394 1368 ut
417 1318 636 1367 infractos
658 1318 838 1365 vidifl'et
863 1321 946 1381 (et)
973 1320 1183 1384 undique
1205 1322 1369 1380 caesOS,

132 1403 274 1450 Ultro
297 1401 611 1449 Anchisiaden
630 1401 756 1447 bello
775 1416 861 1463 per
884 1400 1063 1448 foedera
1080 1403 1233 1465 poscit
1245 1428 1259 1458 ;

129 1485 255 1549 Qae
271 1485 473 1545 Juturna
487 1493 619 1544 parat
633 1481 919 1535 convellere;
945 1479 1022 1526 sed
1039 1492 1196 1527 tamen
1213 1482 1358 1529 armis
1384 1498 1407 1546 5
1417 1498 1440 1546 5

133 1568 344 1625 Occidit,
379 1578 424 1613 et
447 1565 640 1629 pactum
665 1563 807 1627 liquit
825 1579 938 1610 cum
960 1561 1167 1627 conjuge
1189 1580 1410 1628 regnum,

128 1817 286 1863 Incerti
320 1815 471 1870 Poc'iae,
504 1814 630 1883 apud
673 1812 922 1861 nonnullos
961 1811 1146 1870 Ovidii,
1182 1811 1446 1874 Tetrasticha

449 1900 493 1944 in
515 1898 730 1960 Georgica.
766 1897 869 1945 ibid.
897 1897 984 1958 Ep.
1017 1899 1121 1961 189.

640 2011 929 2044 PRAEFATIO.

127 2085 295 2148 Qalis
321 2082 570 2138 Bucolicis,
604 2091 806 2143 quantus
830 2078 997 2124 tellure
1023 2076 1279 2133 domanda,

127 2167 334 2221 vitibus,
357 2161 713 2224 arboribusque,
736 2160 925 2222 apibus,
950 2160 1221 2221 pecorique,
1243 2157 1444 2222 satisque

131 2235 563 2297 AEneadum'fuerit
587 2255 729 2299 vates,
768 2242 1064 2288 Tetrasticha
1086 2242 1265 2289 dicent.

129 2330 378 2378 Contineat
401 2342 507 2390 quae
529 2325 725 2388 quisque
742 2324 874 2379 liber,
909 2324 1013 2387 lege
1037 2322 1248 2370 carmina
1271 2323 1442 2370 nostra.

702 2420 874 2453 PRIMI.

127 2494 261 2561 Qid
286 2492 424 2539 faciat
443 2491 572 2537 laetas
597 2488 798 2551 segetes:
833 2502 942 2549 quae
965 2487 1110 2533 sidera
1132 2485 1281 2533 servet
1415 2499 1438 2549 ς

129 2575 373 2641 Agricola,
408 2585 459 2620 ut
479 2571 666 2618 facilem
683 2581 858 2618 terram
876 2568 1146 2632 proscindat
1167 2570 1347 2626 aratris,

178 2720 242 2759 47.
269 2705 297 2743 f.
317 2707 395 2743 Lau
410 2718 485 2755 oque
491 2713 664 2753 parentem
679 2702 724 2740 A.
871 2700 968 2743 XV,
982 2714 1015 2751 ς.
1037 2699 1127 2737 Vid.
1145 2700 1265 2757 Rurm.
1276 2700 1348 2737 Ge.
1362 2699 1395 2742 I,
1406 2713 1445 2750 p.

184 2772 244 2809 53.
273 2758 367 2794 Bene
395 2757 616 2793 Burmannus
639 2766 676 2792 ut
699 2761 754 2794 in-
824 2766 908 2803 170.
959 2751 1143 2788 Extabant
1161 2751 1272 2788 iidem
1292 2750 1330 2787 in
1345 2750 1445 2788 cod.

116 2814 250 2871 frallos
266 2810 357 2850 vidit
373 2808 481 2862 “ffiffi’
497 2807 646 2849 Latinos.
819 2804 930 2847 Rom.
946 2817 1002 2857 ap,
1019 2804 1173 2860 flottam,
1195 2801 1255 2845 sed
1270 2801 1448 2853 corrupti.

1258 2899 1450 2954 Semina
