1987 3361
544 347 733 382 «κων
885 331 931 378 Τ
955 330 999 378 Ε
1023 331 1053 378 s
1079 331 1123 378 T
1145 332 1167 378 1
1192 331 1251 378 M
1274 330 1320 378 o
1343 320 1393 380 'N
1415 330 1436 378 1
1459 325 1505 379 A

539 471 612 517 Ut
637 468 752 515 solet
771 466 819 513 in
843 464 1018 512 somnis
1044 465 1246 520 animus,
1271 476 1466 512 ventura
1486 465 1734 530 refingens,

541 552 728 598 Anxius
752 560 812 604 et,
837 547 975 610 vigili
1000 546 1286 610 praesumere
1308 546 1483 610 gaudia
1500 563 1627 605 cura,
1792 554 1847 612 13

539 632 739 680 Phoebei
764 630 971 677 nemoris
993 645 1181 677 ramum
1207 628 1374 676 fudiss'e
1392 630 1598 692 putavit.

539 717 586 763 O
610 716 748 778 sopor
772 713 1008 760 indicium
1031 711 1153 759 veri!
1191 713 1258 759 nil
1282 713 1454 760 certius
1475 729 1704 776 umquam

540 801 724 848 Cornea
747 811 883 863 porta
908 798 1031 845 tulit.
1103 797 1243 844 Facta
1266 798 1345 854 est,
1380 798 1638 859 interprete
1660 798 1806 859 lauro,

541 885 683 930 Certa
707 899 887 945 parens,
925 881 1172 943 onerisque
1196 878 1262 926 sui
1281 890 1570 942 cognoverat
1592 892 1757 929 artem.
1853 873 1858 877 ⁶

541 965 745 1013 Consule
771 964 1002 1027 Pompeio
1025 963 1245 1010 vitalibus
1271 962 1423 1008 editus
1446 962 1583 1018 auris,
1787 978 1852 1011 20

535 1047 602 1093 Et
625 1046 798 1103 Crasso,
834 1045 993 1109 tetigit
1015 1057 1217 1097 terram3
1255 1059 1352 1106 quo
1375 1041 1592 1105 tempore
1618 1042 1787 1090 Chelas

538 1130 648 1190 Jam
671 1128 800 1174 mitis
827 1127 1072 1174 Phaethon
1096 1127 1200 1189 post
1225 1124 1435 1188 Virginis
1456 1140 1537 1170 ora
1559 1136 1792 1189 receptus,

537 1211 776 1259 Infantem
800 1209 972 1273 vagisse
994 1220 1184 1273 negant.
1252 1208 1380 1254 Nam
1406 1208 1558 1254 fronte
1580 1207 1736 1253 serena

537 1294 796 1356 Conspexit
819 1291 1069 1347 mundum,
1103 1290 1181 1337 cui
1203 1289 1457 1336 commoda
1480 1301 1608 1336 tanta
1632 1287 1825 1335 ferebat.

534 1375 642 1438 Ipse
662 1371 922 1437 puerperiis
946 1370 1104 1417 adrisit
1124 1369 1279 1416 laetior
1295 1368 1419 1416 orbis
1437 1387 1448 1415 :
1786 1379 1842 1428 25

539 1459 688 1506 Terra
707 1456 988 1504 ministravit
1010 1455 1169 1508 flores;
1206 1465 1253 1500 et
1275 1469 1468 1499 munere
1492 1468 1636 1499 verno

538 1539 760 1588 Herbida
774 1536 1016 1600 supposuit
1038 1551 1187 1598 puero
1211 1534 1440 1581 fulmenta
1464 1534 1710 1580 virescens.

536 1622 787 1677 Praeterea,
815 1619 849 1664 fi
872 1635 980 1665 vera
1003 1617 1135 1673 fides,
1170 1617 1247 1663 sed
1266 1632 1374 1663 vera
1396 1615 1640 1678 probatur,

533 1706 654 1753 Lata
677 1704 845 1751 cohors
868 1703 1033 1766 apium
1056 1700 1210 1748 subito
1232 1717 1319 1763 per
1342 1716 1449 1747 rura
1463 1697 1667 1762 jacentis

533 1787 691 1835 Labra
715 1785 832 1833 favis
857 1786 974 1832 texit
996 1784 1155 1831 dulces
1183 1782 1335 1830 fusura
1360 1781 1582 1844 loquelas,
1782 1789 1847 1842 30

531 1871 647 1918 Hoc
673 1870 916 1933 quondam
940 1870 989 1915 in
1011 1867 1138 1915 sacro
1163 1879 1348 1914 tantum
1373 1866 1541 1912 mirata
1565 1852 1761 1910 Platone

530 1953 775 2002 Indicium
799 1952 977 2014 linguae
1002 1962 1231 1997 memorat
1256 1948 1431 1995 famosa
1455 1947 1669 1994 vetustas.

530 2036 624 2083 Sed
647 2048 810 2081 natura
832 2050 1014 2096 parens,
1049 2049 1304 2096 properans
1327 2031 1549 2078 extollere
1571 2029 1795 2086 Romam,

532 2120 599 2166 Et
623 2118 736 2164 latio
758 2116 889 2163 dedit
914 2115 1022 2172 hoe,
1056 2131 1114 2160 ne
1136 2113 1251 2176 quid
1275 2112 1554 2160 concederet
1575 2111 1675 2157 uni.

531 2202 730 2265 Insuper
752 2202 842 2258 his,
875 2200 1076 2263 genitor,
1110 2198 1206 2244 nati
1230 2199 1346 2244 dum
1373 2197 1465 2242 fata
1489 2195 1701 2258 requirit,
1781 2206 1841 2258 35

532 2284 792 2348 Populeam
819 2282 957 2328 sterili
982 2282 1167 2345 virgam
1192 2279 1436 2327 mandavit
1459 2295 1642 2325 arenae:

531 2368 772 2429 Tempore
796 2381 903 2427 quae
927 2364 1104 2410 nutrita
1128 2364 1276 2419 brevi,
1299 2363 1413 2409 dum
1435 2361 1617 2418 crescit,
1639 2360 1689 2406 in
1703 2372 1847 2405 omne

532 2450 691 2498 Altior
714 2446 911 2493 emicuit
934 2445 1131 2501 cunffiS‚
1165 2462 1279 2506 quas
1303 2455 1493 2490 auxerat
1519 2453 1646 2488 vetas,

531 2531 659 2579 Haec
686 2540 876 2592 propter
898 2527 1079 2589 placuit
1102 2543 1304 2589 puerum
1329 2526 1630 2573 committere
1656 2519 1823 2576 Mufis,

531 2615 597 2661 Et
623 2612 877 2659 monstrare
900 2610 1026 2655 viam
1052 2622 1260 2655 venturae
1285 2603 1331 2653 in
1357 2606 1525 2653 saecula
1549 2604 1706 2650 famae.
1778 2614 1847 2660 40

532 2695 663 2742 Tum
689 2693 874 2739 Ballista
899 2691 1064 2738 rudem
1086 2691 1247 2755 lingua
1269 2691 1502 2737 titubante
1529 2697 1777 2748 receptum

532 2778 741 2828 Instituit
763 2778 991 2839 primum,
1027 2791 1172 2838 quem
1197 2792 1289 2822 nox
1312 2773 1539 2828 armabat,
1572 2771 1623 2816 in
1646 2767 1828 2815 umbris

635 2901 699 2930 21.
727 2887 755 2930 f.
774 2886 1096 2939 Chelis-receptus.
1270 2899 1331 2938 37.
1359 2892 1393 2924 in
1411 2899 1500 2924 omen
1519 2881 1622 2921 Tou,
1641 2880 1738 2928 conj.

1638 2950 1844 3006 Graffari
