1987 3361
496 307 603 340 ecrr
674 291 727 338 P.
763 289 1054 338 VIRGILII
1092 290 1402 338 MARONIS
1440 293 1606 342 VITA

545 426 607 462 Ad
626 425 835 462 firmandam
854 438 979 476 pacem
1009 424 1190 462 Brundisii
1208 424 1300 461 inter
1318 424 1491 462 Caesarem
1511 434 1546 463 et
1564 425 1622 465 M.
1644 428 1805 466 Antoni<

491 497 552 529 um
571 485 699 522 faelam
715 483 901 521 Octavia-n
922 483 1086 520 Antonio
1106 483 1143 520 in
1161 483 1433 520 matrimonium
1465 484 1587 521 datam
1616 485 1682 522 effe
1700 486 1800 524 dixi„

490 557 584 581 mus.
620 557 656 581 v.
678 542 754 579 Dio
775 542 962 587 XLVIII,
990 554 1055 591 3¹·
1099 541 1260 592 Appian.
1282 541 1368 580 Civ.
1388 540 1439 585 V,
1460 545 1523 593 65,
1550 556 1585 593 p.
1610 547 1705 583 1126
1725 544 1800 596 sqq,

489 601 578 646 Erat
594 613 712 640 autem
729 601 882 638 Oftzrvia
900 614 919 638 e
947 603 1066 651 priore
1085 601 1228 644 marito,
1258 599 1303 639 C.
1325 600 1483 637 Claudio
1500 600 1695 646 Marcello,
1721 616 1803 654 gra-

492 659 593 704 vida,
621 670 660 698 ut
678 661 757 700 Dio
772 661 796 698 1.
812 661 837 698 l.
857 669 1042 698 memorat.
1097 659 1211 709 Cujus
1229 659 1473 697 laudatissimae
1497 659 1640 698 feminae
1658 662 1717 710 (de
1731 675 1802 711 qua

492 730 527 755 v.
549 718 727 768 Bnylimu,
755 731 818 755 nec
846 732 918 756 non
938 717 1174 755 Froelichium
1203 717 1240 755 in
1264 718 1432 755 Mauriss'a
1456 717 1640 757 Numism.
1675 733 1745 757 rar.
1764 720 1804 758 in

495 777 609 815 Gorii
625 778 805 827 Symbolis
823 778 897 816 litt.
914 777 964 816 T.
984 777 1076 820 VII,
1095 791 1131 829 p.
1156 791 1241 827 rz3‚
1262 778 1324 815 ubi
1343 777 1487 816 Tiberii
1505 778 1654 816 Caesaris
1673 792 1804 817 numus

492 848 576 879 cum
596 837 757 876 O&aviae
773 848 809 875 et
828 837 980 889 Augusti
998 850 1059 876 ore
1076 837 1280 885 exhibetur)
1299 838 1446 876 confilio
1463 847 1499 876 et
1511 838 1701 889 prudentia
1717 852 1803 876 cum
1833 879 1838 884 ⁴

490 908 614 935 omnes
629 897 718 935 boni
738 910 861 948 pacem
876 907 911 933 et
930 896 1167 934 concordiam
1183 897 1326 933 tandem
1345 896 1536 934 stabilitam
1556 908 1590 934 et
1608 896 1807 936 firmiffimo.

492 955 642 995 vinculo
674 966 958 1008 coagmentatam
991 956 1194 1001 crederent,
1236 969 1390 1006 cumque
1422 957 1495 1006 ejus
1525 969 1607 994 cum
1637 957 1804 994 Antonio

493 1017 707 1067 conjugium
725 1029 854 1068 magna
871 1016 997 1068 populi
1015 1015 1141 1053 laetitia
1159 1025 1195 1053 et
1222 1016 1481 1053 acclamatione
1499 1027 1687 1067 exceptum
1705 1017 1805 1067 effet,

493 1076 567 1114 visa
585 1079 632 1116 est
650 1077 771 1115 multis
788 1077 876 1114 viris
895 1077 1010 1115 doctis
1030 1077 1154 1130 Ecloga
1168 1077 1229 1114 IV
1250 1077 1296 1114 ad
1324 1077 1362 1114 h.
1393 1090 1425 1115 a.
1457 1077 1640 1115 referenda
1656 1078 1735 1120 effe,
1762 1080 1804 1116 ut

495 1134 617 1176 infans
635 1138 696 1176 ille
715 1137 926 1183 nasciturus,
946 1138 1047 1189 cujus
1065 1138 1103 1175 in
1121 1152 1164 1176 eo
1181 1137 1338 1176 carmine
1354 1147 1427 1177 tam
1445 1139 1611 1189 praeclara
1625 1137 1697 1175 fata
1709 1138 1803 1177 0ιηί-Ὶ

493 1208 599 1234 natur
615 1202 737 1248 poeta,
764 1197 880 1235 nullus
895 1197 985 1234 aliua
1002 1197 1057 1242 fit,
1085 1211 1190 1247 quam
1206 1196 1251 1242 is,
1280 1210 1384 1247 quem
1415 1197 1568 1235 Ofiavia
1595 1193 1678 1234 tum‘
1701 1207 1806 1236 utero,

494 1257 654 1308 gerebat.
707 1258 766 1295 Est
785 1267 904 1294 tamen
920 1257 1068 1294 difficile
1085 1256 1219 1302 dicere,
1245 1257 1430 1307 quomodo
1443 1258 1487 1294 de
1500 1256 1667 1295 Marcelli
1683 1257 1803 1307 postu·

494 1329 571 1361 mo,
598 1317 668 1353 five
695 1315 725 1353 is
746 1319 803 1364 (ex
823 1316 978 1361 Catroei,
1006 1315 1160 1353 Martini
1187 1326 1222 1353 et
1241 1315 1401 1366 Spencii,
1428 1315 1602 1367 opinione
1623 1316 1804 1364 Polymeta

493 1387 580 1425 pag.
603 1379 688 1426 189,
718 1377 780 1423 86)
801 1374 897 1410 idem
914 1373 974 1411 ille
1005 1374 1065 1411 M.
1096 1374 1303 1418 Marcellus,
1330 1373 1391 1424 qui
1411 1373 1601 1411 immatura
1618 1383 1732 1411 morte
1749 1374 1802 1412 U.

495 1434 544 1472 C.
566 1447 634 1485 731
659 1433 752 1470 obiit
769 1433 829 1481 (ad
846 1446 952 1482 quem
972 1446 1103 1475 annum
1122 1433 1237 1481 vide),
1264 1432 1334 1469 sive
1366 1433 1455 1470 alius
1474 1433 1592 1470 minor
1609 1443 1694 1470 natu
1712 1433 1804 1473 fuit,

492 1500 599 1531 toret
618 1503 716 1531 tanta
740 1494 785 1530 ad
814 1492 986 1530 summam
1018 1506 1136 1530 rsa-rum
1173 1492 1363 1545 spec‘Iantia
1387 1493 1553 1543 augurari
1577 1503 1654 1530 tum
1673 1493 1807 1543 aliquis.

492 1554 665 1603 potuerit.
718 1553 890 1590 Diximus
905 1553 1026 1603 paullo
1041 1564 1136 1597 aute,
1150 1552 1212 1590 sub
1226 1553 1330 1601 hujus
1346 1553 1430 1589 anni
1448 1552 1554 1589 initia
1573 1553 1802 1596 Scriboniam

493 1626 515 1650 a
535 1613 675 1651 Caesare
693 1613 757 1650 esse
776 1613 932 1650 ductam.
987 1612 1074 1650 Erat
1093 1625 1133 1649 ea
1153 1612 1215 1649 sub
1232 1611 1368 1648 exitum
1393 1612 1476 1649 anni
1493 1612 1643 1663 gravida
1661 1626 1706 1650 ex
1723 1614 1804 1651 Cae-

492 1672 582 1710 sare.
637 1671 863 1709 Probabilius
884 1672 1000 1721 {taque
1018 1673 1072 1714 fit,
1100 1672 1142 1708 ad
1161 1671 1312 1722 prolem,
1339 1685 1445 1722 quam
1476 1684 1520 1708 ex
1548 1684 1588 1708 ea
1607 1672 1804 1713 tollendam

493 1732 656 1782 sperabat
675 1732 808 1775 Caesar,
831 1736 905 1783 jam
920 1746 996 1769 turn
1015 1732 1060 1768 :ld
1073 1732 1224 1768 summas
1242 1731 1279 1768 in
1298 1744 1369 1782 rep.
1387 1744 1469 1781 opes
1483 1733 1635 1774 eveetus,
1654 1736 1801 1782 poetam

494 1790 694 1841 respexisse,
712 1800 747 1828 et
774 1791 905 1828 letitiae
922 1790 1076 1841 publicae
1093 1789 1267 1840 impeturn
1296 1789 1498 1839 sequutum,
1518 1803 1599 1828 rem
1621 1791 1808 1833 sententiis

493 1851 674 1887 exornasse
688 1862 723 1887 et
740 1850 979 1900 amplific‘ifl'e,
1007 1863 1093 1899 quas
1119 1847 1264 1900 poetica
1282 1849 1373 1886 ratio
1402 1849 1663 1900 suppeditabat,
1686 1851 1802 1902 inpri-

494 1908 577 1954 mis,
604 1923 686 1946 cum
703 1909 921 1959 Sibyllinum
938 1908 1140 1954 oraculum,
1159 1907 1252 1956 quod
1272 1907 1486 1957 sequeretur,
1503 1908 1660 1946 haberet.
1715 1909 1803 1948 Hoc

493 1978 591 2006 certe
622 1982 730 2014 anno,
757 1981 844 2019 pace
868 1968 943 2017 jam
974 1966 1151 2010 confecia,
1192 1966 1369 2016 Eclogam
1396 1967 1489 2003 hanc
1522 1966 1690 2018 scriptam
1721 1970 1804 2016 effe,

494 2027 657 2066 dubitari
673 2027 824 2078 nequit;
851 2040 935 2063 curn
955 2024 1112 2064 Pollioni
1131 2024 1282 2062 Consuli
1303 2024 1473 2075 inscripta
1491 2025 1532 2063 fit
1548 2041 1581 2064 v,
1602 2040 1638 2075 3.
1658 2041 1671 2064 1
1684 2042 1715 2067 r.
1742 2042 1801 2075 xz,

494 2087 583 2125 orbe
596 2088 671 2137 jam
686 2096 830 2138 pacato,
847 2099 882 2123 ν.
902 2098 960 2137 17.
1018 2085 1080 2123 Cf.
1101 2086 1257 2135 Argum.
1276 2084 1373 2121 illius
1390 2084 1551 2136 Eclogae,
1579 2085 1640 2122 ubi
1655 2096 1690 2124 et
1708 2088 1800 2127 illud

494 2157 674 2189 notatum,
703 2146 794 2183 male
811 2145 940 2182 multos
954 2143 1135 2189 arbitrari,
1163 2143 1318 2180 Pollioni
1347 2143 1459 2180 filium
1490 2156 1614 2182 natum
1645 2159 1690 2183 eo
1723 2160 1802 2185 car-

494 2205 592 2243 mine
609 2210 754 2256 poetam
768 2203 954 2255 gratulari.
1007 2203 1210 2241 Secundum
1228 2203 1291 2240 hos
1310 2195 1554 2253 Hieronymus
1567 2204 1707 2243 Chron.
1727 2206 1801 2248 Eu-

495 2265 569 2302 seb.
586 2264 801 2302 MMXXX
819 2264 938 2301 dixit:
969 2265 1013 2302 C.
1032 2265 1165 2314 Afinius
1184 2262 1322 2307 Gallus,
1351 2264 1495 2307 Orator,
1522 2265 1632 2314 Asinii
1645 2267 1804 2308 Pollionis

482 2323 596 2372 flius,
621 2325 722 2376 cujus
736 2323 845 2361 etiam
859 2322 1042 2374 Virgilius
1057 2322 1238 2366 meminit,
1263 2323 1343 2363 diris
1359 2338 1384 2360 a
1402 2322 1534 2365 Tiberio
1537 2322 1710 2373 sttppliciis
1726 2341 1801 2364 ene-

496 2394 606 2422 calm*-

547 2442 636 2480 Non
655 2443 763 2481 modo
776 2441 1039 2487 Brundismam,
1065 2455 1189 2479 verum
1201 2440 1311 2478 etiam
1330 2441 1575 2488 Puteolanam,
1589 2455 1713 2493 pacem
1722 2444 1802 2494 jam

494 2511 572 2539 tum
605 2502 804 2540 confefiam
823 2502 942 2546 fuisse,
969 2515 1052 2538 cum
1081 2514 1122 2538 ea
1154 2501 1292 2551 Ecloga
1312 2501 1540 2545 scriberetur,
1568 2502 1698 2540 Ruaeus
1716 2517 1800 2552 cum

495 2562 578 2600 aliis
593 2571 779 2606 memorat,
805 2571 845 2598 ut
863 2574 943 2598 vere
968 2570 1064 2598 totus
1081 2560 1176 2597 orbis
1195 2570 1341 2610 pacatus
1363 2559 1478 2597 videri
1496 2561 1617 2610 pofl'et.
1670 2561 1798 2600 Enim-

495 2636 581 2661 vero
600 2636 671 2660 non
690 2621 754 2659 nisi
769 2621 912 2658 ineunte
929 2634 1022 2658 anno
1036 2620 1209 2671 sequenti,
1236 2635 1318 2658 curn
1337 2620 1677 2670 Polliojamdudum
1697 2621 1800 2659 Con-

495 2685 612 2721 sulatu·
627 2683 776 2726 abierat,
803 2682 870 2719 illa·
882 2695 951 2732 pax
978 2683 1024 2719 est
1044 2681 1253 2731 composita,
1285 2696 1368 2720 cum
1398 2680 1519 2718 Caesar
1545 2689 1581 2718 et
1616 2681 1804 2719 Antonius

495 2743 708 2793 Pompeium
733 2742 826 2792 apud
852 2742 1033 2779 Misenum
1063 2742 1317 2787 convenissent,
1344 2742 1420 2779 vid.
1441 2740 1517 2777 Dio
1535 2740 1722 2786 XLVIII,
1749 2755 1794 2790 31

494 2812 588 2840 extr.
608 2805 670 2851 36.
724 2801 823 2838 Nam
843 2803 1028 2853 Appianus
1046 2811 1248 2853 temporum
1267 2802 1431 2840 ordinem
1445 2813 1516 2838 non
1532 2800 1616 2839 satis
1635 2811 1801 2839 accurate

489 2861 669 2914 sequitur,
707 2874 789 2906 cum
815 2861 924 2900 etiam
957 2863 1033 2914 post
1058 2861 1122 2901 ista
1146 2873 1229 2914 pag.
1263 2873 1299 2900 11
1308 2873 1328 2913 3
1334 2875 1356 2914 5
1389 2872 1483 2904 extr.
1517 2858 1557 2901 ea
1580 2874 1801 2901 commemo-

1729 2928 1799 2964 rel}
