1987 3361
338 279 594 335 NOVAE
645 273 1158 330 EDITIONIS.
1256 292 1419 327 xxxv

105 437 183 479 tra
228 423 543 478 Academica
582 418 800 491 reposui.
900 418 1129 487 Operam
1170 413 1421 466 adhiben-

103 518 225 571 dam
261 515 359 568 effe
397 514 505 567 vidi
551 512 697 564 valde
750 509 1019 562 molestam
1057 527 1114 558 ac
1152 507 1420 559 difficilem

101 607 413 663 extricandis
436 604 737 661 innumeriS,
761 621 876 673 quae
899 603 950 652 in
984 599 1209 651 chartam
1239 599 1418 668 conje-

99 714 257 761 cerat,
300 697 457 751 modo
487 696 753 747 memoriae
793 691 974 751 caussa,
1004 690 1161 742 modo
1190 704 1243 741 ut
1280 692 1417 742 varia

99 802 328 849 tentaret,
369 786 576 840 diverfis
629 785 841 858 quidem
872 784 1193 854 temporibus
1229 785 1418 853 repeti-

97 881 262 954 tisque
288 881 508 940 vicibus,
540 891 594 930 ut
619 878 945 949 exquirerem
971 893 1027 925 ac
1048 873 1313 944 seligerem
1340 874 1412 934 id,

94 973 236 1047 quod
273 974 352 1026 vir
385 969 707 1024 doetiffimus
747 967 1056 1040 probaturus
1095 964 1262 1017 fuisset
1307 965 1412 1036 ipse

97 1078 147 1118 et
171 1066 225 1117 in
252 1066 422 1116 lucem
477 1062 808 1133 proditurus:
853 1057 1071 1128 injurius
1111 1058 1252 1108 enim
1292 1058 1410 1109 effet

94 1157 153 1209 in
182 1158 370 1209 Manes
397 1155 495 1207 viri
522 1152 686 1212 doen,
718 1151 810 1222 qui
837 1151 1014 1201 omnia
1034 1148 1142 1219 ejus
1166 1147 1412 1200 meditata

93 1251 303 1322 vulgare
322 1268 388 1300 ex
409 1245 603 1299 schedis
637 1244 886 1317 postumis
921 1244 1093 1295 vellet.
1173 1241 1411 1313 Apposui

92 1342 253 1414 igitur
284 1342 370 1392 illa
396 1341 446 1391 in
474 1336 663 1411 quibus
690 1336 887 1406 ingenii
913 1354 1129 1386 acumen
1155 1347 1203 1384 et
1240 1336 1408 1405 poeti-

94 1453 167 1486 cae
193 1432 459 1505 elegantiae
483 1428 685 1483 sensum
707 1426 1084 1500 deprehendere
1108 1427 1238 1478 mihi
1262 1427 1409 1478 vide-

88 1544 188 1586 rer,
228 1545 292 1578 ne
330 1523 476 1597 quid,
506 1521 651 1595 quod
684 1522 935 1574 dele&are
982 1519 1163 1592 posset,
1207 1520 1407 1571 arbitris

91 1615 281 1669 harum
315 1633 486 1669 rerum
524 1613 829 1673 inviderem,
873 1630 967 1662 nec
1008 1613 1061 1663 in
1099 1610 1290 1662 caffum
1330 1624 1408 1662 tot

93 1708 193 1762 viri
249 1707 393 1760 (1οὲὶί
456 1719 666 1758 conatus
727 1704 925 1775 ingenii
985 1702 1203 1754 recidere
1261 1717 1406 1773 pate-

88 1815 188 1852 rer.
265 1797 386 1849 Alia
426 1814 543 1868 quae.
584 1793 764 1847 frustra
803 1804 997 1844 tentata
1032 1792 1126 1844 esse
1152 1793 1404 1855 viderem,

88 1887 268 1941 saltem
306 1888 584 1940 utilitatem
610 1885 741 1938 mihi
779 1884 1124 1957 praestiterunt
1153 1884 1303 1946 hanc,
1348 1898 1407 1936 ut

88 1980 350 2034 interdum
372 1981 657 2052 vulgatam,
689 1978 847 2031 modo
869 1978 1286 2049 interpretatione
1313 1977 1406 2029 ad-

81 2071 240 2144 jeeta,
267 2090 389 2123 cum
415 2089 529 2122 eam
556 2089 584 2121 a
606 2069 764 2122 (1οὲὶο
791 2088 1000 2140 quoque
1028 2069 1137 2120 viro
1160 2068 1293 2119 male
1321 2069 1403 2119 in·-

87 2164 349 2216 telledtam
396 2163 646 2223 viderem,
700 2161 1073 2221 illustrandam,
1114 2161 1275 2212 modo
1313 2159 1404 2212 usu

88 2255 295 2325 poetico
320 2255 534 2326 probato
561 2253 873 2307 firmandam
899 2252 996 2304 effe
1034 2252 1400 2323 intelligerem.

90 2347 268 2399 Aliam
296 2347 585 2419 symbolam
624 2359 769 2419 grato
809 2347 986 2398 animo
1024 2347 1196 2415 accepi
1225 2365 1249 2396 a
1275 2345 1402 2396 Viro

88 2437 379 2491 doetissimo
406 2439 596 2510 Jacobo
623 2441 832 2511 Bryant,
875 2438 967 2508 qui
1005 2435 1326 2488 humanitate
1352 2447 1402 2487 et

89 2548 266 2582 amore
300 2530 388 2582 suo
413 2530 475 2582 ad
510 2549 665 2582 omne
705 2529 862 2581 officii
901 2547 1062 2600 genus
1103 2529 1401 2599 provocavit

89 2641 174 2674 me
191 2647 207 2682 3
248 2623 382 2675 mifit
410 2606 548 2675 idem
576 2623 634 2674 ad
664 2641 747 2673 me
787 2622 1066 2673 Striffurczs
1102 2620 1153 2670 in
1202 2619 1406 2688 Vigifii

87 2715 340 2766 locatanto
360 2735 480 2768 cum
496 2713 733 2766 acumine
752 2725 994 2783 tantaque
1010 2731 1128 2764 cum
1147 2710 1401 2780 perspica-

87 2805 164 2857 cia
180 2804 493 2877 scriptas‚ut,
508 2806 560 2858 in
581 2805 758 2858 multis
774 2804 820 2855 ei
841 2804 1255 2875 adstipulandum
1283 2800 1395 2862 effe,

711 2915 741 2947 c
781 2914 810 2951 2
1145 2897 1396 2957 viderem,
