1821 3381
332 290 392 342 72
506 273 559 323 P.
617 273 1006 324 VIRGILII
1075 273 1476 322 MARONIS

656 634 1153 689 ECLOGA
1231 634 1328 687 IV.

754 749 1236 799 POLLIO*.

655 882 1060 894 ..ῄ-η-κ--ήμ--η-

586 970 1416 1022 ARGUMENTUM.

340 1040 419 1124 IN
439 1084 507 1122 hac
526 1082 664 1134 Ecloga
682 1081 945 1132 interpretanda
963 1078 1040 1117 dici
1061 1079 1124 1117 vix
1141 1079 1268 1130 potest,
1289 1094 1398 1130 quam
1413 1079 1555 1118 inanem
1571 1091 1656 1131 ope-

341 1167 417 1194 ram
436 1164 471 1191 et
492 1153 582 1190 olim
609 1150 855 1189 Grarnmatici
885 1160 920 1187 et
945 1149 1032 1186 hinc
1050 1150 1117 1186 viri
1139 1149 1240 1187 doffl
1257 1163 1346 1186 vana
1366 1149 1540 1202 religione
1556 1148 1655 1200 capti

339 1223 563 1262 navaverint.
621 1224 657 1259 V
654 1226 892 1259 aticinationem
916 1219 1055 1271 Silgyllae
1078 1221 1117 1257 de
1143 1219 1270 1269 Chrssi
1284 1220 1449 1257 natalibus
1466 1221 1660 1271 expressam

340 1294 423 1338 effe,
451 1307 557 1344 quam
577 1293 758 1344 Virgilius
786 1291 968 1342 ingeniose
993 1291 1040 1328 ad
1058 1291 1189 1328 natales
1207 1290 1341 1328 nobilis
1358 1291 1460 1342 pueri
1477 1291 1660 1328 transtule-

341 1363 405 1407 rit,
429 1363 504 1412 jam
524 1363 739 1406 Lemannus,
768 1362 876 1412 Irgstit.
899 1361 992 1405 VII,
1023 1373 1072 1410 24
1089 1359 1275 1405 statuebat,
1301 1367 1336 1396 et
1356 1360 1584 1410 Cmgstantinus
1602 1357 1659 1396 Μ.

340 1431 382 1470 in
400 1433 504 1469 Orat.
524 1433 574 1469 ad
591 1433 785 1469 Sanfi'orum
803 1440 934 1475 coetum,
961 1443 1077 1480 graece
1097 1428 1240 1466 reddita
1270 1441 1291 1464 a
1319 1441 1392 1464 non
1421 1427 1570 1465 indoilo
1595 1427 1662 1464 ho-

341 1502 456 1546 mine,
485 1501 619 1551 Eusehii
642 1500 744 1538 libris
762 1501 801 1537 de
820 1502 903 1538 Vita
922 1501 1126 1549 Cofflantini
1152 1497 1319 1547 adjune‘ta
1344 1509 1379 1533 c.
1405 1509 1448 1547 19
1467 1495 1518 1546 sq.
1540 1499 1662 1546 (quarn

341 1572 383 1610 in
402 1571 492 1608 Exe.
512 1570 528 1607 I
549 1571 595 1607 ad
615 1570 787 1607 Bucolica
806 1570 937 1607 iterum
952 1566 1083 1605 excudi
1101 1566 1259 1614 curavi),
1277 1565 1515 1602 demonstrare
1530 1565 1663 1611 voluit,

342 1641 488 1692 ejusque
518 1636 769 1675 :infimitatem
798 1649 882 1674 cum
909 1635 970 1672 ista
1002 1643 1105 1672 aetate
1136 1635 1346 1686 plerumque
1373 1633 1570 1671 Christiani
1598 1634 1665 1671 ho-

343 1710 459 1748 mines
481 1708 547 1759 (cf.
567 1705 798 1744 Wernsdorf.
820 1705 871 1743 V.
901 1706 947 1743 C.
970 1706 1074 1744 Poet.
1094 1703 1186 1742 min.
1213 1703 1288 1741 To.
1311 1702 1383 1748 IV,
1401 1717 1438 1754 p.
1463 1703 1534 1754 767
1554 1702 1666 1753 sqq.)‚

340 1786 422 1817 tum
441 1778 605 1816 aetatibus
621 1776 745 1814 nostris
764 1775 836 1813 viri
853 1774 952 1813 doffi
981 1773 1122 1825 sequuti
1149 1773 1231 1810 sunt
1263 1771 1426 1824 plerique
1455 1785 1593 1817 omnes,
1618 1772 1666 1809 de

344 1848 406 1886 via
425 1862 465 1886 ac
487 1848 625 1886 ratione
644 1857 785 1885 tantum
814 1846 978 1890 solliciti,
1006 1859 1076 1897 qua
1096 1845 1323 1883 reconditum
1340 1843 1548 1893 hujusmodi
1576 1843 1667 1881 vati-

345 1917 486 1956 cinium
507 1919 552 1956 ad
573 1918 758 1955 Romanos
774 1916 960 1969 pervenire
983 1915 1155 1967 potuerit.
1211 1913 1312 1951 Vide
1329 1912 1496 1963 inprimis
1524 1913 1668 1951 Chand-

343 1987 425 2028 ler's
445 1989 648 2026 Vindication
685 1992 730 2039 qf
744 1987 799 2026 the
817 1988 961 2041 Dcfi’nst
980 1992 1023 2038 of
1043 1986 1259 2039 Chrgstitzniy
1274 1985 1360 2022 Book
1377 1983 1431 2027 H,
1446 1983 1506 2020 ch.
1520 1997 1558 2028 2,
1585 1983 1670 2022 se&-

348 2073 389 2105 2,
418 2069 453 2097 et
470 2059 521 2099 T.
538 2059 588 2098 Π.
609 2062 779 2111 Ptfiscript
795 2074 831 2111 p.
852 2072 916 2110 44.
946 2060 995 2095 W
990 2059 1118 2110 hsson‘s
1136 2056 1343 2107 Supplement
1359 2066 1388 2093 to
1405 2056 1459 2094 the
1475 2056 1594 2093 literal
1609 2071 1667 2094 ac-

347 2128 586 2178 complsssment
603 2133 647 2179 of
658 2130 825 2178 Scripture
843 2127 1048 2178 Prophecies,
1074 2141 1111 2178 p.
1133 2140 1184 2177 94
1201 2126 1254 2177 sq.
1309 2124 1504 2163 Cudworth
1526 2126 1669 2177 §systema

349 2197 516 2237 Intelleey.
537 2210 570 2234 c.
592 2196 666 2240 IV,
686 2195 718 2246 ᾗ.
743 2196 802 2236 16.
857 2195 966 2234 Nihil
985 2205 1105 2233 tamen
1123 2195 1186 2232 ista
1206 2193 1380 2246 opinione
1403 2194 1469 2231 effe
1486 2193 1600 2244 potest
1617 2193 1668 2231 le-

348 2265 430 2305 vius
454 2274 489 2302 et
518 2263 624 2302 certis
653 2277 769 2301 rerum
795 2264 1017 2316 argumentis
1045 2264 1161 2315 magis
1187 2263 1420 2309 destitutum3
1449 2262 1609 2313 quamvis
1626 2275 1669 2299 ea

350 2334 476 2372 multis
493 2332 574 2370 aliis
589 2332 755 2370 exornari
773 2334 890 2384 poffit‚
916 2347 995 2384 quae
1017 2347 1038 2371 a
1054 2333 1142 2370 viris
1159 2331 1276 2370 doffls
1290 2332 1406 2369 minus
1422 2330 1668 2368 animadversa

349 2402 444 2441 sunt.
499 2401 576 2445 Sic,
602 2415 638 2439 v.
657 2414 690 2440 e.
717 2414 737 2439 e
754 2401 901 2452 Joseph.
921 2403 1012 2441 Ant.
1033 2401 1128 2446 XV,
1155 2414 1215 2449 13,
1243 2399 1306 2451 qui
1334 2398 1523 2436 Herodem
1548 2411 1669 2450 regern

353 2471 531 2510 Pollionis
548 2470 706 2522 hospitio
724 2480 760 2511 et
778 2472 944 2509 amicitia
961 2471 1064 2509 usum
1089 2473 1154 2509 effe
1183 2479 1374 2514 memorat,
1395 2468 1574 2518 'colligere
1601 2467 1669 2504 ali-

351 2541 434 2593 quis
466 2541 582 2591 possit,
620 2540 666 2578 ab
696 2539 847 2577 Herode
879 2540 1002 2585 facile,
1034 2540 1198 2591 Virgilio
1225 2538 1410 2590 praesente,
1437 2535 1595 2575 Pollioni
1623 2536 1670 2575 de

352 2612 481 2650 Messia
497 2609 650 2654 narrari,
677 2618 738 2647 aut
766 2609 967 2647 Nicolaum
996 2609 1275 2653 Damascenum,
1302 2608 1450 2647 doc‘lurn
1468 2605 1672 2650 hominem,

352 2683 453 2733 cujus
482 2681 678 2719 ministerio
711 2680 878 2719 Herodes
909 2681 990 2719 usus
1014 2681 1076 2727 est,
1105 2680 1270 2732 Augusto
1299 2691 1505 2732 percarum,
1531 2678 1577 2714 de
1603 2675 1671 2725 Ju-

395 2803 416 2823 θ
440 2803 542 2837 Pollio.
586 2803 622 2834 In
637 2802 794 2850 plerisque
810 2808 876 2838 vet.
902 2802 999 2834 Saeculi
1018 2804 1084 2834 novi
1098 2801 1299 2850 interpretatio.
1344 2799 1474 2833 Zulich.
1494 2799 1575 2831 Laus
1594 2807 1671 2829 πονε

347 2861 498 2901 progemcr.

1507 2910 1672 2950 daeorum

1816 1587 1821 1703 l

1814 1799 1821 1845 ἐξ
