1821 3381
352 274 867 371 BU'COLtcA,
936 305 1124 353 EcL.
1184 305 1271 352 w.

1379 308 1432 367 85

129 443 213 498 At,
247 438 387 487 simul
409 439 610 487 heroum
633 438 791 485 laudes
813 449 858 484 et
882 437 1002 484 facta
1025 438 1230 500 parentis

126 531 240 593 jam
263 531 433 595 legere,
467 542 513 578 et
534 544 642 592 quae
668 529 723 576 fit
745 528 923 591 poteris
947 528 1227 591 cognoscere
1251 529 1398 575 virtus
1425 551 1437 582 ς

128 621 275 668 Molli
298 620 548 684 paullatim
572 618 789 666 flavescet
809 633 1007 681 campus
1031 619 1180 676 arista,

124 712 415 776 Incultisque
436 711 606 759 rubens
628 710 858 773 pendebit
882 710 1088 758 sentibus
1114 727 1232 765 uva;

169 859 224 891 26.
242 861 287 891 Ac
301 859 406 890 multi.
422 859 466 889 Et
479 869 561 889 unus
574 869 626 900 qu.
644 860 1016 900 Morenfiza‘iaparentmn
1033 858 1146 901 fragm.
1167 860 1289 891 Nloret.
1302 868 1334 891 ct
1353 861 1437 892 Gud.

126 921 146 941 a
161 911 220 942 sec.
238 921 346 948 manu,
369 917 401 941 et
427 911 524 941 Rom.
541 909 648 941 Pierii.

742 920 795 949 27.
816 918 842 940 et
866 912 982 951 poteris,
1009 912 1116 952 qnaestt
1140 921 1221 942 unus
1241 912 1439 948 Heins.-—--

127 961 180 995 28.
192 963 324 1005 flavescit
347 961 434 994 Gud.
455 972 473 993 a
491 971 535 993 m.
550 970 600 1003 pr.
623 960 777 992 Rottend.
802 968 875 992 tert.
902 968 934 992 et
961 972 1014 1004 qu.
1043 964 1161 993 Moret.

125 1100 311 1139 Armeniae
327 1110 363 1138 et
392 1100 528 1139 Mediae
555 1114 597 1138 ea
626 1101 747 1152 planta

126 1152 219 1190 effet.
238 1153 287 1190 cf.
309 1152 424 1190 Mart.
442 1154 478 1190 h.
495 1154 521 1190 1.

180 1204 241 1241 26.
263 1218 323 1255 27.
340 1204 418 1241 Ubi
431 1204 640 1242 adoleveris.
662 1203 748 1241 Hoc

124 1254 308 1304 splendide
336 1256 573 1293 enuntiatum.
621 1256 749 1293 heroum

125 1307 237 1344 laudes
260 1305 340 1343 sunt
368 1307 459 1344 facta
487 1308 591 1344 laude
620 1307 747 1357 digna,

125 1368 166 1398 ut
185 1361 267 1395 κλέα
290 1359 405 1408 ἀνδξῶν
429 1361 531 1408 ἦξώων
555 1359 648 1409 apud
670 1359 750 1396 HO—

123 1422 214 1447 mer.
240 1409 349 1448 Iliad.
385 1429 430 1460 χ,
463 1424 548 1461 5²0·
604 1412 750 1455 Parem,

124 1462 227 1510 cujus
238 1465 347 1511 faHa
369 1462 486 1512 legere
514 1462 660 1512 poterit,
689 1473 750 1499 aut

123 1511 198 1562 ipse
216 1512 436 1550 Otstavianus
456 1513 518 1557 est,
546 1513 569 1549 fi
589 1514 633 1549 de
652 1513 749 1550 Scri-

124 1562 243 1600 boniae
260 1577 371 1613 puero
389 1564 510 1614 agitur
526 1581 535 1608 ;
563 1574 639 1607 aut,
658 1565 681 1601 fi
703 1565 747 1601 de

125 1615 288 1652 Oetaviae
305 1626 423 1666 partu,
450 1616 497 1653 C.
527 1614 720 1653 Marcellus
734 1631 744 1660 ;

124 1666 226 1715 cujus
245 1677 361 1704 tamen
378 1668 491 1705 virtus
509 1680 590 1703 cum
618 1680 743 1717 parum

125 1717 258 1756 nobilis
290 1727 326 1754 et
360 1718 537 1755 celebrata
572 1719 627 1763 fir,
655 1719 744 1755 arri-

121 1768 255 1818 pienda
271 1769 339 1807 erit
365 1770 583 1819 conjectura,
604 1784 624 1805 a
643 1769 745 1807 Mar-

121 1819 203 1857 tino
238 1820 283 1857 ad
319 1834 354 1858 v.
396 1835 438 1872 15-
471 1820 663 1871 proposita,
704 1831 747 1858 ut.

122 1871 216 1909 forte
233 1871 350 1909 infans
378 1872 440 1909 ille
469 1873 513 1908 ab
540 1872 743 1910 Oftaviano

122 1922 326 1973 adoptatus,
352 1933 412 1960 aut
445 1934 540 1960 certe
574 1923 610 1962 in
646 1925 745 1974 pacis

122 1974 395 2011 conditionibus
414 1975 533 2024 aliqua
552 1975 690 2013 ratione
710 1975 743 2016 ei

122 2024 307 2076 insigniter
353 2026 575 2076 prospet‘tum
619 2026 740 2068 fuerit.

123 2075 221 2113 Cum
239 2087 356 2114 tamen
384 2087 419 2114 et
445 2078 549 2127 hujus
579 2078 629 2114 rei
654 2078 742 2115 fides

119 2127 276 2174 laboret,
319 2129 428 2166 altera
471 2129 603 2166 lectio:
635 2134 743 2180 ιβαέῗα

114 2189 294 2229 parentum
323 2180 361 2217 h.
409 2182 583 2230 majorum
625 2182 743 2231 gentis

122 2230 308 2268 Marcellae
356 2232 599 2282 amplectenda
659 2232 739 2269 erit.

126 2296 186 2332 27·
214 2295 379 2333 quae——zt
411 2290 536 2326 virtus,
564 2296 642 2333 pro,
668 2284 739 2320 vir-

124 2343 238 2370 tutem
287 2335 524 2384 cognoscere:
564 2334 739 2384 frequenti

121 2389 325 2434 poetarum,
344 2385 508 2435 inprimis
528 2385 742 2429 Homerico,

123 2435 198 2473 usu.
267 2436 390 2472 Nimis
424 2446 547 2488 argute
582 2437 625 2473 ad
661 2437 742 2487 phi-

120 2487 293 2538 Iosophiae
309 2487 537 2536 disciplinam
556 2489 716 2526 trahunt.

174 2541 355 2587 28.—30.
387 2538 465 2575 Ubi
501 2552 586 2589 puer
621 2540 741 2577 adole-

121 2589 228 2633 verit,
258 2592 372 2639 major
401 2592 474 2639 jarn
505 2601 605 2627 terrae
638 2592 744 2628 cultis

120 2651 156 2678 et
175 2641 328 2678 felicitas
346 2642 415 2678 erit
442 2642 557 2692 (conf.
585 2643 631 2679 ad
655 2645 713 2690 18)
732 2660 741 2688 ;

119 2692 306 2730 nascentur
339 2693 461 2744 sponte
488 2693 622 2744 fruge5‚
650 2708 741 2739 uvae,

119 2744 204 2781 mel.
238 2744 349 2796 Qiod
359 2749 473 2795 sponte
491 2745 564 2782 haec
579 2745 682 2790 fiunt,
700 2759 744 2782 ex

113 2795 216 2834 omni
223 2796 744 2847 confiliopo'etaemanifestum:

117 2847 181 2885 etfi
211 2861 282 2884 non
311 2847 395 2885 satis
443 2847 573 2885 diserte
601 2849 747 2898 expres-

111 2912 190 2950 sum
202 2899 262 2939 est.
281 2898 458 2940 Disertius
474 2899 605 2940 Horat.
625 2898 745 2951 Epod.

818 1104 879 1146 16,
898 1114 945 1150 43
966 1102 1091 1141 Reddit
1107 1101 1167 1139 nbi
1182 1103 1334 1140 Cererem
1346 1103 1439 1140 tellus

812 1153 951 1191 inarata
979 1160 1161 1205 quotannis,
1191 1156 1235 1191 Et
1262 1154 1438 1205 imputata

800 1207 900 1253 floret
929 1208 1025 1256 nsque
1051 1211 1181 1251 vinna,-
1211 1207 1385 1243 Germinat
1409 1218 1441 1243 et

813 1273 978 1308 nunquam
995 1255 1156 1307 fallentis
1173 1269 1287 1294 termes
1321 1258 1438 1302 offinae,

812 1318 883 1346 etc.
914 1308 1006 1344 Haec
1025 1317 1147 1346 ornate
1165 1309 1308 1345 extulit.
1346 1309 1437 1346 Mol-

817 1359 858 1396 lis
890 1363 993 1409 arssa
1023 1373 1096 1409 quo
1131 1359 1227 1396 sensu
1257 1361 1353 1398 ditia
1382 1362 1438 1405 fit,

816 1410 1039 1461 ambigitur:
1083 1412 1267 1448 communi
1305 1413 1366 1450 usu
1402 1424 1438 1450 et

815 1462 953 1499 ratione
970 1463 1052 1504 erit,
1080 1477 1158 1512 quae
1183 1464 1300 1500 adhuc
1330 1465 1377 1501 est
1398 1464 1438 1501 in

813 1513 938 1556 herba,
966 1527 1110 1564 gramen
1146 1515 1276 1560 tritici,
1311 1516 1434 1553 herba.

813 1564 872 1601 Sic
893 1566 1025 1603 Seneca
1046 1565 1156 1615 Epist.
1182 1580 1253 1616 124
1284 1568 1436 1618 cumfol-

810 1616 950 1665 liculost
966 1620 1081 1666 caseri!
1086 1622 1183 1667 spica
1213 1618 1327 1656 mollis.
1382 1619 1438 1656 Ita

811 1670 913 1718 (zv-ssa
932 1669 1129 1718 improprie
1147 1669 1256 1706 dieta.
1312 1670 1436 1718 Atque

810 1718 861 1755 ita
878 1724 1024 1769 po'e‘tam
1041 1719 1172 1757 senfiffe
1189 1722 1307 1759 nullus
1329 1722 1438 1759 dubi,

811 1781 875 1807 to:
905 1784 996 1807 nova
1032 1771 1148 1822 segete
1182 1772 1305 1822 sponte
1331 1784 1437 1810 enata

809 1822 998 1872 paullatim
1029 1836 1113 1873 ager
1134 1824 1338 1866 efflorescer„
1396 1826 1434 1862 Si

809 1885 895 1909 vero
930 1877 1065 1924 czrssam
1108 1875 1254 1924 proprie
1299 1876 1436 1913 dictam

808 1926 1017 1967 contendas,
1051 1935 1089 1962 ut
1125 1926 1167 1964 fit
1197 1926 1292 1976 spica
1320 1928 1436 1978 frugis

804 1976 879 2024 jam
911 1977 1031 2014 adulta
1059 1986 1094 2013 et
1127 1979 1279 2023 firmata,
1323 1993 1434 2028 quan-

808 2027 1005 2077 doquidem
1039 2032 1201 2078 flavefiet
1254 2031 1434 2080 adjeClum

808 2079 870 2121 est,
915 2089 990 2116 tum
1038 2080 1075 2117 in
1121 2081 1280 2131 epitheto
1331 2082 1436 2119 mollis

809 2129 978 2176 haerebis3
1009 2141 1044 2167 et
1080 2143 1141 2168 aut
1177 2133 1432 2183 accipiendum

809 2181 891 2225 erit,
919 2192 957 2218 ut
991 2183 1030 2218 fit
1066 2183 1185 2221 laevis:
1214 2198 1297 2221 cum
1333 2199 1430 2222 nunc

807 2246 920 2282 grana
948 2234 1112 2273 tenuibus
1146 2236 1359 2285 quibusdam
1396 2247 1433 2274 et

809 2283 923 2320 acutis
942 2285 1089 2329 acubus,
1118 2296 1299 2337 tamquam
1315 2288 1430 2332 vallis,

807 2335 920 2372 obfita
940 2337 1020 2380 sint,
1042 2352 1134 2374 novo
1149 2339 1324 2376 miraculo
1343 2340 1431 2376 aris-

808 2397 852 2423 tae
871 2397 945 2422 tum
963 2399 1067 2425 erunt
1088 2391 1234 2440 glabrae.
1289 2391 1345 2428 Ita
1362 2391 1429 2428 eti-

808 2451 865 2474 am
882 2438 1075 2476 Martinus.
1117 2443 1192 2478 Aut
1207 2442 1312 2479 molles
1322 2454 1428 2480 erunt

809 2499 950 2534 tenerae,
978 2493 1075 2541 quod
1091 2493 1270 2530 aristarum
1289 2495 1428 2543 epithe-

808 2551 872 2577 ton
904 2542 990 2579 AEn.
1023 2543 1114 2586 VH,
1148 2548 1220 2595 809
1255 2546 1427 2583 habetur:

808 2609 863 2629 nec
887 2605 1015 2631 teneras
1041 2600 1132 2644 calfit
1156 2596 1281 2646 l‘ffiffi‘f
1296 2605 1351 2635 ari
1377 2614 1429 2637 as·

810 2644 864 2681 Ita
891 2645 996 2682 molles
1021 2647 1057 2684 h.
1085 2660 1116 2684 Β.
1148 2658 1275 2686 tenerae
1299 2653 1426 2700 arssae,

810 2706 849 2732 ut
878 2697 980 2740 mollis
1007 2699 1183 2744 acanthus,
1221 2701 1321 2738 mollis
1345 2705 1425 2750 jun-

809 2763 878 2789 cus,
921 2748 1014 2785 molle
1043 2750 1142 2799 filer.
1240 2747 1423 2790 Caetc'rum

809 2800 916 2848 poe'ta
935 2799 1088 2849 segetem
1114 2802 1174 2840 sua
1204 2803 1327 2853 sponte
1343 2818 1425 2842 ena-

809 2860 898 2894 tam,
917 2850 1106 2896 incultam‚
1133 2854 1336 2905 intelligere
1359 2869 1426 2906 pu?

810 2903 950 2940 tandus.
981 2905 1080 2949 conf,
1119 2906 1233 2945 Ovid.
1264 2907 1358 2946 Met.
1390 2909 1424 2952 I,

1337 2974 1351 3000 1
1362 2973 1427 3013 09.
