1987 3361
455 257 922 324 'CODICIBUS
978 275 1120 323 Mss.
1342 295 1442 328 xiv

132 424 183 477 p.
208 426 234 473 3
261 409 514 472 repetitum
538 427 564 456 a
586 408 899 456 Benedietinis
924 409 1015 456 ΡΡ.
1033 409 1093 456 T.
1120 410 1208 467 ΙΙΙ,
1231 428 1341 476 pag,
1365 417 1446 476 63,

133 495 229 542 tab.
256 494 471 541 XXXV.
506 493 590 540 Est
612 493 649 539 is
674 493 844 539 merito
865 493 987 540 inter
1002 495 1340 557 antiquissimos
1359 498 1445 543 ha-

132 575 328 623 bendus.
398 575 478 623 Ad
502 575 572 621 IV
594 587 675 622 aut
697 575 739 621 V
760 575 866 622 saec.
894 576 1037 639 vulgo
1061 577 1273 625 refertur.
1344 579 1445 644 Qi

131 659 435 721 proferuntur
449 675 475 704 a
493 657 702 704 Bottario
716 657 817 703 bini
833 657 986 703 versus
1003 675 1059 704 ex
1078 659 1254 724 Georg.
1277 662 1351 709 ΙΙΙ
1370 681 1443 728 pr.

132 739 256 785 binis
276 739 403 785 vitiis
425 739 605 785 librarii
629 739 734 785 sunt
757 740 1085 788 contaminati.
1133 742 1280 790 Hunc
1308 746 1445 793 codi..

132 819 585 883 cem-Heidelberga
608 837 720 866 cum
743 819 952 867 Palatina
969 822 1258 873 bibliotheca
1274 828 1321 873 in
1349 829 1446 876 Va-

132 902 339 949 ticanam
364 902 409 949 se
431 902 662 949 advexifl'e
685 915 841 949 narrat
867 905 966 951 Leo
1000 907 1204 955 Allatius
1239 910 1288 956 in
1323 912 1448 959 Ani-

132 984 379 1031 madverff.
404 985 452 1030 in
473 985 738 1048 Inghirami
765 986 936 1049 fragm.
963 988 1164 1052 Antiqq.
1188 989 1372 1039 Etrusc.
1396 1012 1444 1057 p.

55 1122 57 1125 ¹
134 1073 210 1132 58.
279 1068 357 1114 Ad
378 1065 474 1130 ejus
510 1067 654 1113 fidem
689 1067 881 1129 Virgilii
904 1084 1047 1130 opera
1080 1071 1128 1116 in
1163 1072 1449 1136 bibliopolio

134 1149 516 1197 Commeliniano
539 1165 580 1194 a.
606 1153 743 1211 1589.
767 1165 897 1212 1599.
924 1162 970 1196 et
989 1151 1107 1213 1603
1135 1155 1301 1201 excusa
1326 1157 1447 1214 sunt,

131 1233 224 1290 sed,
248 1232 415 1278 eodem
439 1230 615 1277 Allatio
638 1243 875 1289 monente,
902 1248 995 1277 non
1022 1233 1142 1280 bona
1170 1236 1291 1290 fide;
1327 1250 1387 1296 et,
1412 1238 1448 1285 fi

132 1315 283 1362 codex
306 1326 404 1360 tam
427 1314 623 1359 mutilus
649 1312 727 1368 est,
753 1325 805 1358 ut
831 1313 991 1370 fertur,
1008 1316 1197 1362 aliunde
1214 1317 1450 1381 suppleta..

133 1398 422 1446 Varietatem
438 1413 495 1443 ex
515 1413 566 1442 ea
590 1395 797 1442 editione
818 1395 983 1458 paffim
1006 1396 1065 1442 ab
1091 1398 1289 1447 Heinsio
1313 1414 1448 1449 nota-

132 1481 172 1528 ri
196 1481 367 1536 videas,
388 1492 433 1525 et
457 1495 513 1525 ex
537 1478 638 1541 ipso
654 1477 819 1523 codice
835 1477 894 1523 ab
911 1478 1183 1543 Ambrogio
1201 1482 1248 1527 in
1274 1499 1451 1547 nupera

133 1561 342 1608 editione
357 1561 585 1607 Romana.
656 1559 745 1605 Sed
768 1575 882 1605 eum
905 1560 982 1606 hie
1005 1562 1201 1623 quidem
1225 1564 1291 1610 rei
1315 1567 1449 1613 criti-

134 1660 205 1690 cae
225 1644 367 1690 nimis
390 1643 637 1705 imperitus
659 1643 805 1688 homo
829 1641 884 1688 fit
918 1643 1010 1689 fide
1034 1642 1131 1706 ejus
1148 1661 1318 1707 parum
1342 1649 1448 1696 stari

134 1726 261 1789 poffe
293 1725 544 1771 arbitratus
579 1725 698 1782 sum,
732 1736 793 1781 et,
827 1740 936 1786 quae
979 1726 1175 1787 quidem
1210 1731 1365 1776 evolvi
1401 1744 1448 1778 et

133 1809 424 1872 comparavi,
468 1825 581 1855 cum
625 1808 854 1855 Vaticano
897 1809 991 1855 fere
1029 1811 1290 1859 consentire
1327 1815 1446 1862 vidi.

134 1892 276 1939 Nunc
311 1893 359 1937 in
394 1908 516 1938 nova
549 1891 810 1938 recensione
833 1891 982 1954 ipsam
1003 1893 1261 1940 editionem
1298 1895 1449 1943 Com-

135 1975 297 2021 melin.
323 1974 535 2029 adhibui,
559 1986 604 2020 et
626 1974 734 2020 inde
754 1974 945 2020 Codicis
974 1974 1175 2024 Palatini
1206 1994 1299 2023 non
1331 1995 1449 2025 con-

133 2059 439 2108 temnendam
463 2059 550 2105 effe
571 2060 894 2108 auetoritatem
918 2059 1208 2123 deprehendi
1241 2064 1290 2109 in
1322 2064 1442 2112 libb.

133 2142 366 2199 AEneidis,
390 2141 605 2204 inprimis
629 2142 979 2206 posterioribus,

204 2225 373 2271 CODEx
415 2239 678 2270 MED1CEUS.
748 2224 823 2270 De
864 2241 960 2287 quo
1008 2226 1160 2273 multa
1202 2228 1440 2292 dispumta

135 2307 239 2354 sunt
260 2325 286 2354 a
308 2307 418 2353 viris
443 2307 608 2353 doetis.
627 2307 725 2354 vid.
746 2314 941 2372 (praeter
958 2309 1143 2360 Fabric.
1165 2324 1211 2358 et
1222 2313 1436 2374 Harles.)

135 2388 293 2435 Noris.
325 2388 372 2434 in
399 2388 659 2451 Cenotaph.
687 2388 777 2435 Pis.
803 2407 851 2452 p.
875 2405 970 2451 430
993 2390 1059 2453 sq.
1097 2392 1352 2442 Mabillon.
1381 2396 1443 2442 de

137 2470 208 2516 Re
244 2470 460 2532 Diplom.
500 2489 548 2534 p.
585 2486 695 2533 352.
756 2473 1049 2520 Benediftini
1096 2475 1329 2523 Monachi
1377 2478 1440 2526 N.

138 2551 216 2597 Tr.
242 2553 291 2596 de
314 2553 501 2613 Diplom.
530 2555 589 2599 T.
614 2552 703 2610 ΙΙΙ,
727 2570 775 2616 p.
814 2569 889 2617 51.
920 2568 994 2616 52.
1066 2554 1178 2602 Nic.
1218 2557 1444 2606 Heinfius

136 2633 239 2680 diff.
271 2634 330 2679 de
373 2635 461 2681 hoc
507 2637 672 2682 codice
711 2653 786 2700 ap.
826 2638 991 2684 Burm.
1025 2638 1162 2701 praef.
1210 2638 1271 2686 T.
1314 2640 1352 2697 I,
1392 2658 1442 2704 p.

138 2713 362 2762 XXXVI
379 2717 479 2781 sqq.
503 2735 558 2765 ex
575 2718 670 2783 ejus
687 2720 814 2783 Epp.
831 2722 889 2768 ad
907 2721 1178 2770 Reinefium
1194 2723 1240 2768 in
1257 2723 1447 2787 Sylloge

136 2797 388 2861 Epistolar.
424 2802 484 2848 T.
526 2803 583 2860 V,
621 2821 672 2867 p.
711 2820 798 2870 193
838 2805 968 2869 sqq.;
1015 2807 1113 2869 ipse
1149 2807 1446 2853 Burmannus

404 2901 422 2931 Ι
1193 2889 1450 2945 Secundus,
