1987 3361
399 247 651 338 Nom
702 284 1219 344 ED1T10N1s.
1322 312 1478 355 xxm

158 426 409 502 proficisci
449 426 612 479 solent
648 446 713 478 ex
761 426 994 481 sermone
1050 434 1276 502 poetiCO,
1319 455 1480 507 quem

159 519 223 571 ad
255 537 496 571 normam
530 518 751 570 aliorum
784 520 1041 572 restituere
1067 523 1253 594 aliquis
1288 526 1475 593 studet,

157 624 244 663 aut
270 610 468 662 auctori
493 607 642 661 suum
664 629 862 663 morem
885 612 1164 666 vindicare.
1226 616 1480 693 Pleraque

158 722 224 755 ex
255 701 334 754 his
367 702 420 753 in
453 703 745 773 marginem
772 717 860 754 aut
884 705 936 755 in
963 705 1243 759 lectionem
1272 713 1477 765 varian-

157 806 263 844 tem
303 811 361 843 ae
397 792 626 844 criticam
667 793 871 864 rejicere
911 794 1061 847 satius
1106 798 1210 850 est:
1255 800 1307 853 in
1348 823 1476 856 con-

156 898 361 936 textum
386 882 517 935 nihil
546 885 948 946 admittendum,
978 888 1072 940 nifi
1100 891 1241 961 quod
1273 905 1378 947 tam
1406 898 1474 949 li-

155 973 318 1046 quido
345 974 558 1034 constet,
597 988 654 1026 ut
684 976 829 1027 nulla
856 977 1127 1040 dubitatio,
1165 983 1361 1037 nedum
1387 1006 1474 1040 ca-

151 1067 366 1126 villatio,
395 1066 518 1118 illud
546 1066 825 1138 infringere
849 1069 1022 1139 poffit.

224 1162 288 1212 In
321 1159 421 1210 alio
458 1159 654 1211 critices
693 1172 889 1230 genere
917 1160 1141 1217 severior
1177 1148 1274 1230 fui,
1315 1171 1369 1222 in
1409 1192 1473 1225 eo·

148 1252 386 1324 inquam,
417 1249 557 1321 quod
584 1249 644 1300 ad
672 1251 840 1303 ulcera
867 1251 1169 1326 detegenda,
1210 1260 1270 1311 ad
1298 1263 1470 1318 versus

149 1342 464 1396 adulterinos
491 1354 540 1392 et
568 1339 938 1413 supposititios,
968 1344 1194 1416 spectat:
1231 1355 1470 1423 quando-

148 1433 366 1507 quidem
401 1433 560 1484 nimis
607 1433 759 1485 alieni
800 1434 863 1485 ab
903 1454 960 1487 ea
998 1435 1285 1509 suspicione
1329 1445 1471 1500 fuere

149 1525 387 1577 editores,
467 1524 648 1575 Erexit
700 1527 935 1578 animum
981 1528 1234 1584 Brunckii
1283 1535 1349 1588 V.
1397 1538 1464 1595 C.

149 1614 444 1671 auctoritas,
497 1612 587 1685 qui
632 1611 944 1684 suspiciones
990 1614 1145 1688 hujus
1191 1625 1393 1691 generis
1438 1646 1469 1680 a

147 1729 231 1762 me
256 1708 665 1761 communicatas
692 1728 785 1779 pro
804 1709 994 1780 judicii
1019 1714 1257 1765 acumine
1282 1718 1469 1771 admo..

146 1801 274 1853 dum
319 1799 576 1871 probavit.
677 1800 844 1853 Nolui
888 1814 1062 1856 tamen
1103 1807 1465 1864 auctoritatem

143 1892 286 1964 sequi
314 1893 368 1943 in
394 1890 495 1943 hoc
522 1911 751 1963 quoque,
780 1904 857 1954 ut,
888 1912 1006 1965 quae
1031 1893 1261 1966 suspecta
1284 1899 1462 1964 essent,

142 1983 479 2036 rescinderem
500 1995 548 2033 et
574 2001 639 2033 ex
664 1995 911 2036 contextu
933 2002 1263 2038 excernerem
1279 2013 1296 2048 3
1336 2007 1461 2044 narn

140 2076 375 2147 primum
396 2075 445 2126 id
468 2073 601 2126 mihi
622 2074 892 2128 videbatur
913 2077 1235 2147 imperiofius
1259 2079 1459 2135 factum

140 2185 302 2238 quam
340 2185 521 2218 meum
564 2166 778 2237 quidem
810 2167 1082 2239 ingenium
1122 2168 1301 2223 ferret:
1345 2187 1459 2227 tum

140 2255 345 2310 versum
374 2257 727 2327 quaerentibus
772 2269 821 2308 et
866 2258 1058 2311 librum
1097 2261 1460 2317 evolventibus

140 2348 284 2399 valde
306 2348 585 2400 molestum
608 2347 699 2409 est,
728 2347 764 2399 fi
785 2348 1024 2402 versuum
1043 2369 1324 2406 numerum
1346 2368 1457 2408 tur-

138 2440 316 2492 batum
343 2439 437 2492 esse
464 2439 691 2491 videant.

213 2531 484 2583 Lectionis
511 2532 826 2590 varietatem,
868 2535 1060 2603 partim
1100 2553 1164 2586 ex
1194 2534 1454 2590 Burman-

136 2620 287 2671 niana
313 2619 566 2683 haustam,
607 2623 798 2693 partim
839 2642 903 2675 ex
946 2625 1216 2688 Pierianis‚
1257 2628 1454 2681 Marti-

135 2712 321 2770 nianis,
369 2712 583 2784 aliisque
641 2714 905 2766 codicibus
958 2729 1008 2768 et
1058 2717 1177 2769 edd.
1230 2717 1451 2773 dimidio

133 2804 441 2864 auctiorem,
480 2825 586 2858 non
622 2806 780 2858 modo
820 2807 1074 2861 intactam
1108 2808 1316 2883 reliqui,
1359 2828 1450 2862 ve-

1328 2920 1448 2955 rum
