1821 3381
377 317 468 375 246
545 322 601 369 P.
660 318 1041 367 VIRGILII
1113 321 1510 372 MARONIS

371 449 638 513 Adcipiunt
662 450 792 508 sulci,
827 464 871 498 et
896 453 1032 499 milio
1054 454 1181 500 venit
1205 471 1357 502 annua
1379 473 1515 507 cura:

1586 458 1677 507 216

371 543 610 590 Candidus
633 542 802 589 auratis
826 543 975 606 aperit
996 560 1147 608 quum
1165 547 1385 596 cornibus
1405 564 1583 596 annum

368 634 566 690 Taurus,
599 646 645 680 et
665 634 823 681 averso
846 635 1015 682 cedens
1038 636 1178 684 Canis
1202 636 1381 684 oceidit
1403 637 1541 684 astro.

409 780 484 812 216.
509 783 656 825 Accipiunt
680 785 810 825 Menag.
838 792 870 817 et
898 785 947 817 ed.
969 786 1054 817 Ven.
1112 785 1249 829 Accipient
1275 785 1593 825 Parrhasi—217.
1616 786 1680 816 dum

367 831 503 875 Menag.
520 844 568 876 pr.
660 835 732 868 218.
757 836 997 878 Disputationes
1020 838 1058 869 de
1083 837 1116 869 h.
1132 838 1155 870 l.
1172 838 1246 870 vide
1263 850 1312 880 ap.
1332 837 1518 869 Heinfium:
1542 844 1608 868 tam
1625 848 1681 878 pa·
1706 842 1712 846 ”

366 893 441 913 rum
467 886 627 927 expeditas
651 894 681 918 et
707 887 884 929 explicitas,
905 896 939 920 ut
958 899 1021 920 non
1039 889 1195 921 eruditior
1210 889 1262 921 sed
1277 889 1427 920 incertior
1443 888 1517 919 hinc
1533 887 1682 919 discedas.

368 934 509 977 Vulgata
525 936 620 968 leetio
637 947 704 970 crat
719 941 852 981 adverso:
875 941 1069 972 conveniunt
1097 941 1129 972 in
1159 941 1216 972 hac
1243 940 1362 972 Medic.
1385 948 1417 971 et
1440 942 1615 976 Romanus,
1633 938 1682 969 dj-

367 987 529 1019 versatum
553 988 629 1021 alias
651 990 809 1022 sedarum
833 992 937 1029 duces,
960 1003 1032 1023 cum
1048 992 1158 1023 iisdem
1175 992 1240 1023 alii.
1287 991 1441 1033 Reposuit
1456 993 1551 1032 avcrfia
1567 989 1682 1021 Heius.

367 1038 565 1078 Gudianum,
581 1041 719 1072 Mentel·
741 1050 925 1085 utrumque,
947 1043 1165 1085 fragmentum
1181 1043 1268 1074 Voss‘.
1293 1051 1325 1075 et
1348 1043 1494 1074 Servium
1509 1042 1681 1084 sequutum

366 1087 408 1119 stc
422 1097 454 1120 et
471 1091 569 1122 Goth.
586 1091 656 1127 sec„
679 1100 708 1123 et
731 1095 826 1134 avetfi
851 1095 966 1125 incedens
991 1094 1116 1125 Medic.
1144 1093 1252 1126 Pierii.
1299 1094 1383 1124 Cum
1404 1099 1511 1123 tamen
1527 1099 1683 1134 perpetua

366 1138 401 1170 in
428 1141 478 1174 his
502 1143 632 1175 vocibus
656 1143 692 1175 stt
718 1145 880 1187 scripturae
907 1146 1066 1177 varietas:
1093 1157 1130 1177 ex
1154 1146 1218 1188 ipsa
1243 1144 1393 1183 leetione,
1414 1144 1565 1185 utrinque
1590 1143 1684 1175 boni:

367 1193 460 1224 codd.
478 1194 614 1231 munita,
636 1195 692 1227 etfi
713 1199 826 1238 adverso
852 1197 904 1228 vel
929 1197 969 1229 fic
996 1198 1151 1239 majorem
1167 1197 1391 1228 au&0ritaten1
1413 1195 1558 1227 codicum
1573 1194 1684 1233 habet,

367 1244 480 1276 confici
507 1246 719 1278 controversia
743 1248 864 1289 nequit.
909 1249 1010 1290 Atqui
1034 1249 1073 1280 ad
1096 1248 1219 1279 sensum
1234 1258 1293 1278 nec
1309 1247 1416 1278 minus
1431 1254 1565 1288 utraque
1581 1246 1680 1278 leetio

364 1296 439 1328 satis
454 1299 614 1329 convenit.
658 1299 689 1329 Si
705 1301 816 1342 advetfi
830 1300 959 1338 tuearis,
975 1309 1044 1331 tum
1060 1303 1146 1331 cedens
1161 1301 1231 1343 ‹firo
1245 1299 1360 1340 advmso
1375 1300 1457 1329 Canis
1473 1305 1527 1329 aut
1542 1297 1683 1339 intelligi

365 1348 481 1390 potest,
503 1351 615 1381 cedens
629 1350 685 1381 soli
701 1361 738 1381 ex
754 1352 883 1383 adverso
899 1352 1014 1394 posito,
1035 1360 1070 1383 ut
1095 1352 1179 1394 apud
1204 1350 1420 1382 Columellam
1437 1351 1483 1387 X,
1501 1359 1545 1389 54
1567 1350 1639 1380 Solis
1654 1356 1681 1380 eb

364 1403 491 1443 advetfis
512 1410 625 1433 metuent
641 1405 796 1434 Atlantides
822 1412 914 1443 ortus3
937 1412 991 1436 aut
1016 1404 1129 1435 cedens
1151 1404 1273 1442 Tauro,
1296 1402 1378 1434 astro
1404 1401 1460 1433 fibi
1485 1412 1524 1432 ex
1549 1401 1682 1433 adverso

366 1452 487 1494 pofit03
511 1453 578 1484 haec
604 1454 700 1485 leetio
727 1461 757 1486 et
784 1455 1019 1497 interpretatio,
1040 1465 1130 1486 more
1154 1462 1185 1485 et
1205 1454 1261 1485 usu
1285 1452 1412 1495 poe'tico
1436 1451 1574 1489 firmata,
1598 1463 1699 1494 prae--

366 1503 499 1535 ferenda
514 1505 616 1535 videti
632 1506 733 1547 potest
749 1514 929 1548 propterea,
944 1507 1018 1548 quia
1033 1507 1206 1537 secundum
1222 1505 1379 1536 astrorum
1394 1504 1534 1545 plautas
1548 1511 1684 1543 veteres,

367 1555 453 1586 utin
470 1556 612 1588 Farnefia
628 1557 747 1593 tabula,
770 1569 847 1599 quas
862 1560 965 1600 poetae
981 1558 1067 1600 sequi
1085 1557 1151 1588 fere
1173 1557 1273 1588 solent
1296 1556 1341 1598 (v.
1368 1554 1426 1586 inf.
1451 1555 1529 1585 Not.
1558 1555 1598 1586 ad
1622 1557 1682 1595 lv,

367 1614 387 1637 2
392 1615 408 1644 3
413 1607 446 1648 3)
463 1606 546 1637 canis
560 1606 678 1649 adve.·sz
698 1608 792 1638 Tauro
807 1608 905 1640 sedet.
949 1609 1027 1639 Alia
1044 1608 1096 1639 alii
1113 1607 1397 1638 comminiscuntur
1412 1616 1470 1647 pro
1484 1605 1540 1636 suo
1551 1605 1682 1648 quisque

368 1657 518 1699 ingeni03
542 1658 623 1689 nihil
648 1659 714 1690 vidi
737 1660 786 1691 cui
803 1670 866 1691 non
882 1660 1002 1702 aliquid
1018 1659 1137 1701 opponi
1152 1658 1254 1701 possit.
1301 1657 1444 1689 Omnino
1460 1656 1493 1687 in
1509 1657 1617 1688 medio
1632 1669 1683 1689 re-

366 1709 578 1751 linquendum
611 1719 702 1752 puto,
724 1720 834 1743 utrum
856 1714 950 1754 poe'ta
976 1712 1157 1754 scripserit:
1188 1722 1261 1742 cum
1292 1718 1465 1751 utrumque
1500 1709 1624 1743 bonum
1648 1718 1682 1743 et

369 1763 465 1806 poeta
480 1761 616 1804 dignum
630 1762 677 1794 fit.
724 1763 922 1795 Tenebimus
938 1764 1049 1806 igitur,
1062 1763 1148 1805 quod
1161 1762 1257 1794 semel
1274 1760 1420 1793 Heinfius
1433 1759 1555 1792 intulit.

369 1885 619 1933 trescerefinito.
651 1884 789 1922 Milium
807 1898 880 1921 non
910 1897 992 1922 vere

371 1936 497 1979 modo,
524 1936 583 1972 sed
611 1946 646 1973 et
674 1937 788 1972 aestate
816 1937 901 1984 (hoc
914 1937 991 1986 jam

372 1987 525 2024 Hefiodi
553 1997 668 2031 aetate,
710 2000 816 2037 quem
843 1987 921 2025 vid.
954 1988 992 2024 in

369 2038 504 2088 Clipeo
520 2042 704 2089 39S.399)
723 2050 757 2076 et
775 2038 892 2076 hieme
905 2039 995 2076 sere-

369 2091 496 2135 batur3
526 2092 620 2127 unde
648 2090 828 2128 calumnia
853 2090 995 2127 Seneeae

371 2142 484 2192 Epist.
506 2142 738 2184 LXXXVI,
766 2143 811 2179 de
827 2155 898 2191 qua
914 2143 991 2180 vid.

372 2193 494 2231 Cerda
513 2204 547 2231 et
566 2193 762 2231 Martinus.
817 2193 914 2230 Vere
941 2203 993 2230 ta-

374 2258 456 2282 men
496 2246 780 2283 commodiffima
826 2244 917 2282 satio
955 2258 992 2282 v.

374 2297 522 2334 Colum.
542 2297 596 2341 H,
626 2314 666 2349 9,
691 2299 749 2334 18.
778 2295 853 2340 XL
876 2309 912 2341 2,
934 2310 993 2345 33.

376 2348 604 2386 Pallad.1V.
643 2348 699 2386 tit.
732 2362 766 2397 3.
821 2347 993 2398 Geopon.

373 2400 428 2444 Π,
449 2403 511 2449 38.
530 2400 618 2437 milio
633 2406 728 2437 ‘venit
743 2415 858 2436 amma
882 2415 994 2437 curva

373 2452 521 2503 po'e'tica
537 2451 645 2502 copia
675 2451 813 2488 dietum
843 2451 991 2501 quidem

374 2517 456 2554 pro,
485 2503 624 2540 milium
649 2503 788 2540 seritur.
808 2516 844 2539 v,
878 2502 992 2539 Colu-

374 2556 485 2592 mella
500 2555 554 2600 Π,
573 2569 595 2606 9
613 2564 705 2591 extr.
726 2554 820 2591 Ptin.
841 2553 992 2599 XVIH,

375 2611 441 2649 26,
470 2607 554 2644 seft.
585 2607 634 2643 66
662 2617 779 2651 extr.;
821 2605 881 2643 sed
909 2618 993 2643 curn

371 2658 529 2709 respestu
549 2658 710 2701 medicae,
737 2671 816 2707 quae
843 2669 887 2694 ex
921 2671 994 2694 uno

368 2711 447 2749 fatu
465 2710 565 2747 denis
589 2712 689 2761 (nam
708 2708 802 2759 apud
837 2707 992 2746 Plinium

371 2765 398 2801 l.
429 2763 454 2800 l.
485 2773 651 2812 corrupte
685 2763 814 2799 tricenis
840 2759 989 2810 legitur)

370 2815 474 2852 annis
499 2815 619 2851 durat.
674 2826 762 2862 217.
791 2814 878 2849 218.
910 2812 994 2848 Vere

371 2882 534 2917 —quuaem
598 2865 750 2901 Ineunte
765 2876 846 2901 vere
863 2862 935 2900 sole
953 2863 993 2899 in

369 2917 537 2956 Taurum
555 2916 722 2969 iugreffO.
773 2914 836 2954 Ad
853 2924 992 2966 tempo-

1058 1895 1096 1921 ra
1145 1881 1364 1934 designanda
1411 1885 1528 1932 po'etae
1561 1889 1682 1918 amant

1059 1936 1210 1972 fiderum
1230 1943 1368 1971 motum
1384 1945 1680 1978 commemorare,

1060 1987 1230 2037 quoniam
1247 1999 1288 2022 ea
1307 1984 1399 2021 ratio
1416 1984 1603 2036 poeticum
1621 1998 1681 2022 ομ

1058 2048 1182 2075 natum
1213 2036 1388 2074 admittit.
1473 2036 1608 2073 Tam-as
1632 2037 1680 2074 est

1059 2091 1198 2140 fignum
1231 2087 1333 2125 verni
1366 2087 1557 2138 temporis;
1595 2101 1678 2127 eum

1061 2142 1122 2178 Sol
1169 2141 1235 2178 illo
1269 2150 1430 2190 tempore
1463 2138 1586 2175 adibat
1619 2139 1679 2176 IV

1060 2193 1145 2230 Kal.
1200 2190 1332 2228 Maias.
1391 2190 1491 2227 conf.
1558 2190 1678 2229 Petav.

1062 2244 1212 2281 Aufiar.
1245 2243 1320 2292 Op.
1348 2241 1394 2278 de
1424 2241 1539 2279 doftr.
1569 2251 1679 2292 temp,

1060 2295 1153 2339 VH,
1177 2308 1210 2343 3.
1267 2294 1456 2337 Candidus,
1483 2293 1554 2330 slve
1570 2306 1679 2343 prop-

1061 2358 1115 2384 ter
1163 2347 1288 2384 caelum
1342 2346 1518 2388 serenum,
1569 2344 1679 2394 pulfis

1061 2412 1157 2435 nune
1189 2396 1338 2441 nubilis,
1400 2396 1470 2433 five
1512 2395 1680 2442 omnino,

1058 2460 1230 2500 quatenus
1248 2448 1360 2486 sidera
1373 2447 1549 2498 fulgentia
1564 2449 1679 2484 candi-

1057 2504 1103 2538 da
1132 2501 1319 2544 dicuntur,
1359 2504 1487 2537 auratis
1521 2498 1681 2544 cornibus,

1060 2552 1288 2590 rutilantibus
1332 2560 1476 2602 propter
1508 2549 1679 2588 lucidiffi-

1059 2618 1133 2641 mas
1151 2604 1190 2641 in
1209 2603 1329 2641 fronte
1343 2603 1470 2645 stellas,
1496 2606 1605 2650 aperit
1616 2618 1680 2639 an-

1058 2672 1152 2699 num,
1171 2669 1253 2692 cum
1273 2654 1357 2691 anni
1371 2663 1507 2703 tempus
1523 2652 1578 2697 id,
1606 2667 1680 2703 quo

1059 2708 1162 2744 tellus
1180 2706 1332 2744 resoluta
1353 2705 1460 2742 flores
1482 2704 1679 2754 herbasque

1057 2758 1225 2802 effundit,
1269 2769 1347 2795 tum
1396 2754 1570 2806 incipiat3
1616 2755 1678 2793 sed

1058 2823 1165 2859 quam
1183 2807 1358 2847 suaviter!
1383 2808 1573 2857 Emergere
1587 2806 1681 2846 fidus

1059 2861 1096 2897 T
1099 2861 1176 2899 auri
1223 2869 1261 2897 et
1294 2859 1508 2897 adscendere
1551 2859 1680 2897 caelum

1057 2923 1137 2952 tum
1166 2912 1297 2962 videri,
1315 2911 1426 2964 potest
1435 2925 1449 2958 5
1508 2909 1679 2967 cornibus

1265 2975 1286 3013 ,ι
1559 2969 1683 3013 1taque
