1987 3361
309 282 459 335 PER
509 267 779 330 ⁴ANNos
826 281 1210 330 DIGESTA.
1318 300 1485 337 cexm

170 408 252 461 quis
287 407 350 446 ille
386 407 568 459 Virgilius
597 406 734 451 fuerit3
778 419 864 444 nam
897 404 1241 444 Grammaticorum
1275 418 1485 446 commenta

167 468 350 506 audienda
366 481 437 509 non
455 468 547 507 sunt.
579 482 617 507 v.
637 468 795 519 Argum.
813 467 893 505 Ecl.
913 466 986 510 VI,
1006 465 1057 504 cf.
1073 467 1218 504 Masson
1230 467 1321 505 Vita
1332 468 1484 506 Horatii

170 529 218 566 ad
235 529 273 566 h.
290 542 326 566 a.

689 604 756 652 U.
789 603 843 651 C.
876 616 985 664 731.

171 688 313 752 Caesar
341 690 553 754 Augustus
585 691 671 737 XI.
742 688 800 735 A.
843 687 1066 733 Terentius
1101 688 1233 734 Varro
1274 686 1477 737 Muraena

492 762 601 824 stiffi
636 762 711 808 Cn.
744 761 999 822 Calpurnius
1032 761 1148 820 Piso.

471 869 513 900 a.
547 853 593 898 C.
639 867 663 899 2
668 866 715 912 3.
808 852 981 913 Virgilii
1007 853 1214 911 47—48.

216 941 398 993 Augustus
424 953 444 978 e
466 940 570 991 gravi
600 939 730 976 morbo
764 938 920 976 Antonii
944 938 1060 975 Musae
1085 952 1192 989 opera
1227 937 1477 982 convalescens

163 998 316 1037 semestri
351 1000 467 1051 spatio
497 999 684 1048 interJeeio
714 997 772 1035 M.
802 997 1020 1036 Marcellum
1061 996 1194 1034 sororis
1233 997 1364 1042 filium,
1394 1011 1478 1035 cum

163 1059 374 1101 aedilitatem
402 1073 495 1097 anno
529 1057 708 1109 superiore
739 1056 955 1108 suscepiffet‚
1000 1065 1035 1093 et
1066 1057 1228 1106 Augusto
1261 1057 1372 1106 vulgo
1409 1056 1478 1093 im-

163 1117 254 1168 perii
272 1117 374 1155 heres
396 1117 645 1159 destinaretur,
674 1128 693 1152 e
722 1115 850 1152 morbo
879 1115 1052 1152 decedere
1072 1115 1184 1151 videt.
1240 1113 1374 1151 Gravis
1392 1124 1478 1152 tunc

163 1177 277 1214 totius
309 1177 433 1227 populi
462 1177 588 1214 iustus.
644 1174 718 1211 Dio
748 1174 856 1218 LIII,
888 1187 949 1222 30.
1005 1173 1189 1223 Virgilius
1216 1174 1292 1223 ejus
1326 1183 1480 1211 mortem

161 1235 412 1286 pulcherrimis
439 1235 593 1273 Verslbus
623 1242 728 1270 ornat
760 1233 845 1270 AEn.
884 1232 956 1276 VI,
988 1235 1203 1282 861—887.
1257 1232 1314 1269 De
1344 1232 1478 1282 quibus

162 1294 319 1332 versibus
346 1294 445 1332 leffls
472 1304 507 1332 et
535 1293 634 1330 lauta
664 1291 953 1334 remuneratione
984 1291 1169 1329 honestatis
1187 1306 1222 1328 v.
1242 1292 1318 1341 sup.
1340 1290 1479 1328 Donat.

164 1352 197 1403 ᾗ.
217 1368 280 1404 47.
335 1353 394 1390 De
426 1353 487 1391 M.
508 1351 688 1389 Marcello
713 1360 749 1388 et
776 1352 851 1399 ejus
877 1364 987 1387 numo
1014 1365 1049 1389 v.
1082 1349 1271 1387 Fortunati
1298 1350 1479 1388 Mandelli

162 1411 473 1459 Commentarium
491 1412 530 1449 in
547 1413 679 1450 Nuova
697 1409 858 1448 Raccolta
875 1409 915 1446 d'
933 1411 1180 1459 Opia-stimi.
1203 1411 1246 1446 ss.
1267 1409 1361 1445 XII.
1416 1408 1478 1452 Est

161 1468 193 1506 is
209 1484 354 1515 numus,
378 1484 398 1508 e
417 1470 546 1508 Museo
566 1469 716 1515 Nani03
745 1481 791 1505 an
810 1477 928 1505 tamen
947 1468 976 1505 is
1004 1468 1050 1504 ad
1069 1467 1286 1504 Marcellum
1320 1468 1477 1504 nostrum

161 1528 308 1579 speflet,
334 1544 408 1567 non
426 1530 545 1568 minus
567 1529 712 1572 dubito,
738 1540 843 1578 quarn
874 1527 919 1564 de
946 1528 1059 1564 altero
1079 1540 1206 1570 numo,
1234 1540 1343 1577 quern
1362 1525 1474 1577 Span-

164 1590 259 1627 hem.
287 1591 401 1628 Torn.
421 1590 474 1634 II,
493 1604 531 1641 p.
553 1591 626 1638 316
643 1598 677 1625 et
696 1587 782 1625 hinc
802 1586 865 1624 alii
882 1587 1089 1630 exhibuere.

215 1648 382 1688 Tiridates
413 1654 490 1699 ipſs,
537 1665 561 1686 a
594 1649 749 1686 Phraate
781 1662 864 1683 vero
905 1646 1025 1697 legati,
1060 1647 1355 1695 controvmy‘z'arum
1383 1649 1473 1695 stia-

161 1724 235 1747 rum
267 1724 328 1746 cau
353 1714 378 1746 a'
400 1710 539 1746 Romam
567 1722 702 1744 venere·
761 1705 893 1755 Qcibas
923 1711 959 1740 in
977 1708 1133 1753 senatum
1170 1707 1377 1749 introductis,
1403 1721 1476 1742 cum

160 1769 262 1819 Augu
289 1784 304 1805 o
345 1769 464 1817 catffae
501 1769 637 1818 cognitio
672 1767 802 1802 decreta
828 1766 915 1813 cffit,
947 1763 1132 1800 'Tiridatem
1168 1764 1323 1800 Phraati
1351 1780 1475 1814 nequa-

158 1842 260 1877 (luam
280 1829 434 1871 tradidit,
450 1827 564 1875 filium
595 1836 715 1873 tamen¹
742 1823 921 1866 Phtaatis,
952 1839 1045 1874 quem
1078 1829 1113 1861 in
1133 1826 1288 1873 potestate
1305 1827 1377 1872 sua
1407 1824 1472 1862 ha-

159 1881 272 1931 bebat,
294 1893 390 1937 patri
415 1885 532 1934 remfit
557 1884 621 1922 hac
647 1883 732 1934 lege,
758 1892 795 1918 ut
806 1893 870 1931 pro
885 1897 918 1918 eo
935 1886 1085 1931 captivos
1091 1883 1258 1933 figaaqae
1290 1882 1468 1935 militaria,

159 1946 276 1994 Craffl
305 1957 336 1982 et
370 1947 509 1983 Antonii
538 1942 685 1980 cladibus
735 1944 866 1991 amssa,
917 1948 1079 1990 reciperet.
1153 1940 1229 1977 DiO
1262 1940 1368 1985 LIII,
1406 1955 1426 1989 3
1433 1954 1471 1990 3.

161 2005 236 2043 Res
268 2016 388 2042 tamen
418 2017 490 2041 non
521 2001 676 2053 perfecia
711 2011 794 2037 ante
826 2013 956 2036 annum
982 2013 1069 2049 734.
1125 1999 1188 2036 Ad
1216 2000 1286 2036 hoc
1318 1999 1475 2050 Augusti

158 2066 387 2116 postulatum,
414 2075 486 2119 quo
505 2070 637 2111 negato
654 2059 789 2101 bellurn
808 2058 846 2096 in
865 2057 1015 2095 Parthos
1034 2057 1233 2108 susceptum
1252 2057 1298 2094 iri
1316 2058 1472 2108 suspicio

158 2134 247 2168 erat,
275 2122 456 2174 respexiffe
489 2120 648 2157 creditur
686 2117 864 2168 Virgilius
900 2118 985 2154 AEn.
1027 2116 1118 2161 VH,
1159 2117 1249 2168 605,
1277 2117 1352 2155 606
1385 2117 1470 2154 Sive

160 2184 251 2220 Getis
277 2186 401 2232 inferre
426 2195 528 2217 manu
546 2176 751 2216 lacrimabile
768 2175 888 2213 bellum
905 2177 1118 2226 ercanffve
1136 2175 1310 2225 Arabisve
1319 2185 1469 2224 parant,

144 2246 210 2292 sea
236 2243 364 2278 tendere
386 2241 436 2276 ad
462 2239 562 2275 Indos
587 2238 820 2286 Auroramque
831 2237 941 2285 sequi,
970 2234 1175 2284 Parthcswe
1189 2238 1343 2284 reposcere
1347 2234 1468 2286 figim-

157 2300 330 2337 Addebat
358 2298 487 2335 Ruaeus
517 2296 581 2333 sub
607 2296 644 2332 h.
664 2307 697 2332 a.
751 2301 779 2316 ‘⁶
798 2293 918 2344 Igitur
949 2292 1051 2330 annis
1082 2292 1200 2329 minus
1227 2302 1380 2342 quatuor
1406 2294 1468 2330 sex

159 2361 235 2401 fere
265 2359 412 2397 ultimos
443 2356 560 2407 operis
590 2355 702 2392 libros
727 2358 838 2405 poeta
855 2353 1031 2404 perfecit3
1060 2366 1128 2390 nec
1146 2367 1231 2390 vcro
1249 2362 1347 2390 tanta
1364 2352 1401 2390 in
1423 2353 1470 2391 iis

157 2420 288 2462 elucet,
315 2425 447 2468 quanta
474 2416 512 2452 in
530 2413 788 2465 superioribus,
817 2415 945 2450 cura.''
999 2411 1075 2448 Vix
1095 2424 1189 2449 curae
1207 2425 1247 2449 ac
1264 2411 1466 2462 diligentiae

157 2477 338 2518 defectum
365 2475 403 2511 in
435 2473 627 2510 noviffimis
655 2471 757 2508 libris
783 2472 953 2508 odoratus
976 2471 1056 2509 effer
1081 2471 1196 2507 bonus
1224 2471 1369 2514 Ruaeus,
1397 2471 1464 2508 nisi

157 2535 199 2573 id
211 2536 287 2585 jam
304 2533 450 2573 aliunde
466 2533 512 2571 fic
530 2539 713 2573 narratum
731 2530 930 2582 accepisset.
954 2544 989 2569 v.
1007 2529 1194 2569 Monitum
1223 2530 1270 2567 ad
1286 2529 1351 2570 lib.
1383 2529 1470 2581 VII

157 2607 215 2650 pr·
