1821 3381
393 295 450 359 36
553 293 608 341 P.
666 293 1043 344 VIRGILII
1114 296 1520 348 MARONIS

387 427 451 474 Et
475 428 563 474 tibi
590 445 760 493 magna
787 430 924 484 satis;
961 432 1179 494 quamvis
1205 431 1325 494 lapis
1348 431 1510 478 omnia
1530 432 1705 480 nudus'

386 517 678 583 Limosoque
699 521 833 583 palus
856 522 1063 569 obducat
1087 523 1256 585 pascua
1272 521 1436 586 junco.

385 608 496 665 Non
522 609 699 656 insueta
723 611 882 673 gravis
909 613 1160 659 tentabunt
1182 612 1358 674 pabula
1384 612 1499 658 fetas
1518 636 1534 667 ς
1637 623 1703 674 50

384 697 488 745 Nec
513 700 638 746 mala
661 699 809 746 vicini
831 702 1017 762 pecoris
1041 701 1264 766 contagia
1288 700 1481 749 laedent.

425 864 479 903 48.
505 866 552 897 Ex
567 865 629 897 hoc
645 873 676 897 et
690 875 721 896 v.
736 874 779 904 52
796 863 955 906 expressus
970 873 1001 895 v.
1021 871 1057 894 11
1076 862 1109 894 in
1126 861 1237 904 Epigr.
1255 870 1315 902 177
1336 863 1470 895 Anthol.
1488 864 1542 896 lat.
1560 865 1584 903 1,
1598 876 1611 898 1
1627 866 1712 910 Hae:

958 921 1020 944 not-1
1039 921 1107 960 etc.
1153 916 1278 945 Totum
1301 925 1429 946 carmen
1454 926 1492 946 ex
1511 916 1704 959 Virgilianis

378 918 544 959 iibistmpcr
557 924 646 954 crem-⁶,
662 917 704 946 hic
726 919 797 946 Inter
809 918 931 958 flumina

378 969 519 1001 versibus
534 969 576 999 est
603 976 945 1007 contextum.—---49.
965 967 1020 996 abd.
1048 967 1139 996 omnia
1164 965 1221 996 ms.
1241 965 1355 997 Koler.
1382 977 1398 997 e
1422 966 1489 1009 sup.
1510 968 1700 999 versu.——-

379 1029 434 1060 50.
453 1022 557 1062 pastun
573 1018 707 1050 nonnuli
729 1029 767 1049 ex
789 1025 890 1048 antec.
915 1027 977 1059 pro
989 1018 1083 1058 fian,
1105 1023 1160 1047 aut
1185 1022 1221 1047 ut
1247 1015 1347 1058 vulgo
1371 1017 1454 1047 male
1480 1018 1627 1050 scribitur
1642 1020 1700 1061 (est

380 1071 468 1103 enim
495 1082 513 1102 a
538 1070 602 1113 sco)
619 1073 718 1111 foetas,

740 1068 887 1100 nonnulli
915 1078 989 1100 cum
1021 1067 1124 1099 Goth.
1156 1067 1216 1098 see.
1246 1069 1346 1109 fadus,
1368 1075 1404 1099 ut
1434 1067 1495 1099 fint
1525 1071 1610 1113 agni.

379 1131 401 1171 5-
406 1130 435 1153 1.-
453 1122 521 1152 Ach
537 1120 641 1151 Schol.
657 1122 781 1163 Juven.
797 1121 837 1158 11,
851 1118 905 1151 81.
952 1120 1003 1151 Ne
1015 1119 1253 1150 mala-laedant
1268 1118 1391 1150 Charis.
1407 1119 1506 1151 male.

378 1266 463 1305 dem
479 1269 569 1316 satis
591 1281 730 1320 magna,
760 1266 806 1305 ad
831 1266 1009 1318 pascenda

375 1328 552 1356 armenta.
605 1319 699 1377 Qae
728 1319 923 1369 sequuntur
947 1332 1007 1355 va·-

376 1371 431 1408 rie
460 1371 667 1422 interpungl
698 1381 733 1408 et
762 1370 896 1422 exponi
928 1370 1007 1420 pos-

378 1421 476 1460 sunt.
532 1423 609 1459 Aut
642 1432 682 1459 ut
712 1436 806 1460 nova
835 1421 1010 1459 sententia

375 1474 464 1511 fiat:
494 1475 857 1523 Qtamvis-obducat
883 1476 1010 1523 pafiucz

363 1529 496 1578 junco:
531 1526 606 1563 Non
639 1528 787 1574 (tamen)
820 1528 946 1574 insueta
966 1543 1006 1578 g.

377 1577 448 1614 Sed
482 1578 620 1628 praestat
651 1578 818 1621 alterum,
850 1585 889 1613 ut
923 1590 1007 1614 cum

378 1630 604 1666 antecedenti
617 1630 769 1680 jungas:
790 1639 823 1666 et
833 1628 899 1666 tibi
910 1644 1006 1680 mag-

378 1696 426 1718 mz
441 1685 548 1730 sarii,
576 1684 732 1732 qzmmvis
760 1680 1005 1731 lapis—junco.

378 1734 455 1770 Non
482 1739 505 1770 i.
536 1743 576 1770 ut
603 1733 645 1770 fit
663 1732 800 1769 sensus:
829 1731 1009 1769 manebunt

376 1787 438 1822 tua
472 1788 616 1834 past-ua,
641 1788 732 1834 satis
764 1783 830 1821 tibi
860 1799 1003 1835 magna,

376 1842 534 1888 quamvis
550 1837 636 1886 lapis
662 1847 693 1873 et
704 1835 806 1886 palus
823 1838 931 1873 omnia
949 1834 1004 1872 ob-

377 1891 489 1926 ducat.
542 1887 626 1936 Jam
647 1888 716 1925 hoc
735 1886 876 1938 duplici
893 1886 1004 1937 potest

376 1940 488 1978 modo
539 1939 676 1977 dietum
719 1939 800 1983 effe,
853 1948 915 1974 aut
965 1947 1006 1975 ut

376 2003 464 2043 ager
507 1991 570 2029 ille
613 1990 740 2041 Tityri
784 1989 928 2027 saxosus
970 1999 1006 2026 et

376 2044 540 2094 palustris
562 2043 619 2087 fit,
646 2053 707 2079 aut
738 2052 777 2079 ut
805 2042 902 2079 inter
918 2041 1006 2078 alio-

376 2107 460 2133 rum
479 2108 580 2147 agros
602 2093 745 2132 saxosos
774 2103 811 2131 et
840 2093 1008 2144 palustres

376 2148 506 2198 pascua
525 2146 679 2197 Tityrus
696 2145 825 2182 habeat
843 2145 923 2182 satis
940 2143 1008 2180 bo-

377 2211 423 2236 na
447 2209 484 2236 et
515 2197 732 2236 tolerabilia.
798 2197 885 2233 Hoc
919 2209 1010 2247 prae-

374 2250 509 2296 feram,

377 2312 468 2340 turae
510 2314 680 2352 agrorum
735 2299 875 2338 colonis
935 2299 1006 2336 suis

375 2364 581 2405 ereptorum
605 2366 647 2390 ea
673 2365 726 2390 res
742 2360 880 2403 arguat.
926 2351 1005 2388 Sci-

377 2404 465 2444 Iicet
508 2405 605 2442 haud
640 2404 752 2442 dubie
801 2403 875 2440 haec
907 2402 1005 2439 dida

376 2457 459 2495 sunt
499 2471 584 2495 cum
631 2456 790 2507 respef'tu
851 2454 1006 2491 fortunae

374 2508 524 2547 istorum
558 2519 774 2560 temporum.
822 2505 1004 2543 Prioribus

376 2560 539 2599 dominis
566 2560 679 2612 erepti
707 2559 786 2610 agri
818 2571 838 2594 a
869 2568 1004 2596 vetera-

377 2613 434 2650 nis
474 2613 566 2650 male
604 2611 695 2651 culti
729 2610 887 2648 sentibus
922 2609 1005 2646 hor-

377 2666 519 2709 rebant,
564 2663 701 2702 lacunis
744 2673 781 2700 et
814 2660 1006 2712 paludibus

375 2726 478 2755 erant
493 2716 666 2754 obdufli:
696 2714 737 2751 id
764 2715 864 2765 quod
890 2713 1006 2750 multo

376 2769 492 2819 magis
518 2768 569 2805 ita
595 2767 630 2804 se
656 2766 789 2804 habere
815 2764 942 2802 debuit
966 2764 1005 2801 in

374 2822 473 2872 agris
492 2821 539 2858 ad
558 2819 743 2857 Mincium
762 2818 803 2855 fl.
828 2816 916 2861 fitis,
942 2827 1006 2853 cu·-

370 2870 429 2923 jus
454 2883 491 2912 et
521 2872 741 2925 stagnatione
765 2879 801 2908 et
825 2867 1006 2920 frequenti

563 2259 602 2287 ut
667 2249 870 2300 neglec'ium
931 2248 1012 2284 cul-⁷

1071 1265 1318 1305 exundatione
1344 1267 1489 1318 paludes
1513 1267 1622 1306 facile
1637 1281 1700 1307 ex-

1072 1318 1173 1356 istere
1213 1329 1401 1369 poterant3
1441 1329 1541 1357 erant
1579 1331 1702 1359 autem

1072 1370 1239 1408 Maronis
1255 1371 1332 1421 agri
1346 1384 1366 1408 a
1382 1371 1480 1409 clivo
1494 1371 1579 1408 inde
1596 1372 1704 1410 collis

1073 1423 1119 1459 ad
1131 1435 1213 1459 eum
1227 1421 1375 1459 fluvium
1391 1423 1462 1467 fiti,
1489 1423 1620 1473 quibus
1637 1425 1701 1461 ad-

1069 1474 1190 1524 jacere
1207 1473 1363 1511 debuere
1389 1474 1453 1511 alii
1476 1475 1606 1512 eodem
1631 1475 1702 1513 fita

1071 1526 1268 1575 eademque
1279 1524 1490 1564 conditione
1504 1539 1513 1563 t
1529 1525 1609 1564 Ecl.
1623 1527 1704 1572 1Χῇ

1073 1589 1111 1628 7.
1146 1576 1222 1614 Ge.
1245 1577 1319 1622 ΙΙΙ,
1348 1591 1408 1626 14.
1441 1591 1500 1629 15.
1529 1577 1583 1622 H,
1614 1583 1702 1629 198.

1078 1641 1163 1679 199.
1215 1628 1301 1666 AEn.
1356 1627 1414 1671 X,
1466 1642 1553 1681 ²05·
1610 1634 1703 1670 206.

1071 1680 1187 1718 Nunc
1214 1680 1330 1731 igitur
1359 1679 1555 1718 Meliboeus
1581 1681 1703 1733 pergit

1070 1747 1105 1770 v.
1140 1746 1188 1783 50
1211 1745 1420 1783 comparare
1437 1732 1535 1770 suam
1555 1733 1703 1770 calami-

1070 1792 1204 1821 tatem:
1243 1797 1342 1828 cum,
1366 1784 1515 1835 inquit,
1552 1798 1572 1821 a
1611 1785 1702 1824 meis

1070 1835 1165 1886 agris
1200 1835 1456 1873 discedendum
1502 1835 1594 1874 mihi
1628 1836 1671 1873 fit
1688 1850 1703 1874 :-

1071 1900 1200 1938 neque,
1214 1900 1259 1924 ex
1269 1898 1374 1938 partu-
1388 1888 1479 1925 male
1489 1888 1627 1926 affeecas
1642 1901 1702 1925 ca-

1070 1940 1181 1990 pellas
1199 1939 1437 1977 conveniente
1455 1940 1589 1990 pabulo
1621 1940 1701 1976 refi-

1073 2003 1168 2036 cere,
1210 2001 1340 2040 neqffe,
1381 2005 1468 2028 cum
1503 1990 1592 2029 mihi
1628 1990 1702 2028 illm

1072 2055 1144 2093 qua
1172 2042 1245 2079 fors
1279 2042 1398 2085 dabit,
1432 2043 1580 2093 agendae
1618 2043 1704 2087 fint.

1071 2094 1154 2131 satis
1182 2107 1307 2131 cavere
1333 2093 1381 2131 iis·
1406 2095 1558 2145 poffum,
1588 2108 1632 2132 ne
1660 2095 1702 2132 in

1071 2158 1195 2196 greges
1229 2146 1417 2197 contagio,
1451 2147 1549 2196 quod
1576 2145 1703 2184 malum·

1071 2198 1108 2234 h.
1128 2197 1282 2235 noxium
1307 2197 1459 2241 dicitur,
1486 2199 1611 2243 ῑειξὶοε,
1638 2208 1701 2235 aut

1072 2249 1111 2286 in
1130 2248 1262 2286 infeGia
1279 2248 1385 2300 saepta
1406 2249 1587 2287 incidant.
1638 2250 1700 2287 Sic

1071 2300 1178 2339 etiam
1197 2300 1237 2337 in
1256 2301 1332 2351 sqq.
1355 2300 1452 2338 istius
1468 2300 1597 2338 sortem
1615 2315 1703 2339 cum

1071 2353 1132 2389 sua
1173 2362 1372 2402 comparat.
1417 2365 1479 2403 50.
1518 2360 1700 2405 gravis—-

1059 2407 1157 2455 filas
1187 2403 1300 2449 dixit,
1332 2414 1372 2441 ut
1390 2408 1489 2454 filas
1520 2404 1703 2456 intelligas

1069 2456 1208 2498 enixas,
1220 2466 1323 2506 partu
1337 2455 1518 2498 liberatas.
1533 2466 1573 2493 ut
1587 2455 1674 2507 saepe
1687 2469 1702 2494 :-

1070 2507 1154 2545 vide
1172 2509 1227 2544 vei
1248 2507 1368 2545 Burm.
1395 2507 1440 2544 ad
1460 2507 1646 2546 Sammon.
1664 2521 1701 2547 e.

1078 2572 1090 2595 1
1101 2573 1140 2607 3.
1156 2557 1206 2597 cf.
1222 2558 1374 2596 Gesner.
1388 2558 1499 2596 Thes.
1515 2559 1552 2597 h.
1570 2573 1605 2597 v.
1643 2559 1705 2597 Eo

1071 2610 1171 2647 sensu
1179 2616 1262 2662 feta
1275 2610 1392 2660 vulpes
1407 2624 1468 2660 ap.
1480 2610 1613 2648 Horat.
1626 2610 1703 2656 III,

1074 2676 1137 2712 27,
1157 2677 1197 2711 4,
1223 2672 1263 2699 ut
1291 2663 1383 2699 reste
1401 2662 1584 2700 Bentleius
1602 2662 1701 2699 acci-

1072 2713 1141 2763 pit.
1195 2714 1328 2751 Graw's
1346 2714 1382 2750 h.
1402 2726 1510 2764 aegras
1537 2728 1556 2751 e
1583 2723 1701 2764 partu.

1074 2765 1221 2803 ‘Tentare
1235 2765 1280 2802 de
1293 2764 1429 2802 morbis
1442 2765 1597 2816 proprie.
1644 2765 1702 2802 Ita

1072 2830 1145 2853 non
1181 2817 1315 2854 neceffe
1350 2831 1432 2853 cum
1469 2816 1549 2853 aliis
1576 2816 1701 2854 distin-

1070 2880 1181 2920 guere
1208 2869 1287 2919 post
1309 2867 1455 2922 pabula,
1491 2878 1527 2905 et
1552 2885 1705 2919 graves,

1517 2919 1705 2972 gravidas,
