1821 3381
352 343 448 394 130
526 327 580 376 P.
637 325 1027 375 VIRGILII
1096 318 1511 376 MARONIS

351 463 579 520 ArcadeS‚
622 462 800 509 invidia
823 472 1103 526 rumpantur
1123 472 1177 508 ut
1200 459 1280 507 ilia
1305 459 1490 516 Codro;

354 557 470 613 Aut,
503 555 535 601 fi
559 556 680 602 ultra
702 556 937 618 placitum
960 554 1176 611 laudarit,
1209 554 1407 601 baccare
1431 553 1635 602 frontem

357 648 567 711 Cingite,
599 663 658 693 ne
678 648 773 694 vati
797 659 965 695 noceat
989 648 1112 695 mala
1135 647 1294 710 lingua
1320 645 1497 693 futuro.

911 737 1125 784 Commo
1140 752 1188 782 N.

357 830 521 879 Saetofi
547 841 691 894 caput
713 829 803 877 hoc
827 830 932 892 apri
956 829 1062 885 tibi,
1097 828 1249 885 Delia,
1284 843 1456 891 parvus

358 920 422 967 Et
445 919 626 967 ramosa
650 919 821 967 Micon
845 920 1221 967 vivacis-cornua
1242 919 1389 967 cervi.

1617 890 1706 979 30μ

361 1011 410 1057 Si
433 1011 682 1073 proprium
707 1009 796 1057 hoc
823 1008 978 1067 fuerit,
1014 1008 1104 1056 levi
1127 1009 1187 1057 de
1208 1024 1446 1056 marmore
1470 1019 1572 1055 tota

363 1104 572 1152 Puniceo
597 1102 736 1149 stabis
759 1101 880 1148 susas
903 1101 1087 1148 evindb.
1111 1100 1360 1148 cothurno.

407 1235 459 1269 26-
487 1235 568 1266 Codri
585 1235 705 1265 Morct.
727 1232 786 1265 sec.
804 1240 838 1264 ct
859 1231 944 1264 Gud.
959 1243 977 1263 a
992 1243 1037 1264 m.
1055 1233 1117 1265 sec.

362 1295 396 1320 et
413 1285 514 1319 Goth.
540 1296 591 1329 pr.

1207 1241 1258 1273 27.
1275 1232 1415 1275 placidum
1430 1232 1580 1276 Longob.
1597 1233 1683 1265 pier.

680 1281 731 1317 28.
754 1298 785 1315 ne
794 1292 881 1327 puero
895 1291 1002 1316 noceant
1017 1285 1182 1328 malastgna
1200 1284 1362 1316 Gloffator
1385 1285 1508 1317 Barthii
1533 1286 1620 1318 Adv.
1633 1296 1672 1326 37
1678 1308 1688 1322 2

364 1348 399 1378 5.
434 1340 540 1380 flaeturo
563 1337 597 1368 in
622 1335 710 1367 Voss'.
742 1335 843 1367 altero
873 1336 912 1367 ab
933 1336 1045 1367 eadem
1069 1346 1167 1367 manu
1203 1336 1451 1380 superscriptum
1471 1339 1598 1379 [ψη-νο.

366 1399 420 1431 29.
445 1389 535 1434 Saetqfi
549 1388 740 1430 scripturam
758 1388 868 1418 Burm.
887 1397 904 1418 e
921 1386 1223 1419 librisemendavit·
1256 1388 1339 1431 Setqfi
1348 1387 1457 1430 vulgo.

1547 1398 1602 1429 30.
1616 1390 1689 1419 Mi-

366 1456 412 1474 con
438 1441 586 1485 reposui:
612 1440 680 1471 vid.
704 1439 773 1482 sup.
791 1440 831 1471 ad
857 1440 911 1478 111,
931 1447 983 1472 10.
1031 1439 1141 1482 Vulgo
1169 1439 1276 1482 Mycon.
1323 1441 1416 1482 Myco
1440 1440 1521 1471 alter
1547 1441 1684 1482 Menag.

363 1501 471 1537 parvos
488 1493 519 1533 (a
535 1503 581 1523 m.
594 1492 659 1534 pr.)
676 1491 720 1521 Et
737 1502 816 1522 raros
833 1492 954 1533 Amycon
973 1490 1238 1532 Medic.--31.
1259 1491 1313 1521 lem·
1329 1490 1405 1531 duo,
1430 1497 1467 1523 ut
1487 1490 1597 1523 solent.

368 1554 387 1585 3
395 1553 424 1578 2.
433 1544 617 1588 firasstabis
631 1544 742 1575 εὐἰιιέῖα
753 1541 841 1574 Goth
849 1563 856 1573 .
872 1551 923 1585 pr.

367 1659 494 1697 tre8tat
519 1656 659 1695 scilicet
681 1653 998 1694 laudibus—Codri.

372 1724 433 1762 27.
452 1710 545 1748 ultra
554 1708 734 1761 placitum,
750 1707 774 1745 fi
793 1708 872 1758 plus
890 1719 999 1757 quam

369 1762 435 1813 ipfi
449 1762 582 1812 placet,
610 1760 650 1799 h.
675 1759 835 1804 videtur,
877 1759 1001 1796 lauda-

371 1828 453 1852 mur
471 1813 516 1850 ab
534 1825 604 1858 eo;
632 1811 657 1850 fi
675 1811 821 1848 Codrus
844 1822 907 1848 nos
932 1810 999 1848 im-

372 1865 517 1903 modice
532 1874 567 1902 et
581 1872 706 1915 praeter
718 1861 906 1900 veritatem
920 1863 1000 1900 lau-

370 1918 450 1955 dat.
504 1915 563 1953 Est
592 1925 709 1953 autem
736 1913 863 1951 fascini
889 1927 1001 1965 genus

373 1979 516 2012 notum,
544 1978 585 2004 ut
604 1965 803 2004 immodica
820 1965 926 2002 laude
948 1966 1001 2002 ef·-

373 2020 535 2057 ferantur
564 2031 621 2063 ea,
646 2017 778 2068 quibus
809 2015 889 2067 quis
907 2016 1000 2054 invi-

372 2072 470 2109 deat.
506 2085 541 2108 v.
576 2069 711 2107 Cerda.
775 2066 834 2105 De
866 2068 1004 2107 baccare

373 2122 453 2161 vid.
472 2123 518 2160 ad
538 2122 617 2160 Eci.
636 2120 710 2166 IV,
740 2131 799 2171 19.

428 2187 595 2225 30—32.
626 2171 827 2214 Mirantur,
842 2171 941 2221 quod
960 2170 1006 2208 de

376 2225 498 2264 alieno
524 2225 661 2276 pastore
692 2233 779 2275 agat
810 2222 1004 2273 Corydon,

376 2291 451 2315 non
465 2278 512 2314 de
528 2277 576 2316 se.
604 2274 743 2312 Verum
761 2273 841 2312 sunt
856 2274 948 2319 haec,
966 2284 1008 2312 ut

376 2329 556 2373 diximus,
592 2339 703 2378 parva
733 2325 896 2364 carmina
922 2339 1005 2376 pro·

379 2381 515 2418 miscue
551 2378 748 2417 cumulata.
800 2377 912 2416 Nunc
951 2377 1006 2423 id,

376 2433 479 2482 quod
490 2431 668 2482 sequitur,
693 2431 741 2468 est
766 2429 1005 2481 epigramma·

379 2484 425 2522 tis
441 2496 555 2536 genus
578 2483 637 2520 seu
665 2490 792 2519 votum
818 2494 841 2518 a
871 2480 1008 2532 pastore

379 2534 537 2574 Micone
555 2533 683 2572 Dianae
707 2533 857 2578 faeium,
883 2531 946 2570 cui
963 2532 1007 2569 fi-

380 2587 487 2627 milia
500 2588 582 2625 sunt
600 2586 638 2623 in
664 2583 890 2635 Anthologia
917 2596 1007 2642 grae-

378 2652 438 2678 ca.
491 2636 739 2690 Supplendum
758 2648 856 2682 vero,
873 2635 1008 2674 chon

379 2691 453 2728 tibi
478 2690 594 2733 dicat,
632 2688 748 2740 quod,
773 2695 809 2724 te
833 2686 1007 2739 propitia,

377 2741 539 2781 feliciter
554 2750 701 2779 venatus
718 2738 839 2777 fuerit.
864 2741 908 2788 fi
926 2750 1006 2789 pro-

371 2797 488 2845 prium
504 2794 562 2833 hoc
586 2806 629 2831 ac
656 2800 866 2844 perpetuum
877 2795 1006 2841 fuerit,

380 2845 407 2884 fi
431 2854 506 2882 tam
538 2843 639 2883 felici
670 2850 802 2882 venatu
835 2852 1006 2893 perpetuo

381 2896 436 2936 uti
451 2896 647 2950 contigerit
667 2904 761 2942 etc.;
787 2893 1006 2933 illustrarunt

1064 1654 1181 1700 Serv„
1208 1653 1332 1694 Cerda
1356 1665 1392 1693 et
1425 1654 1549 1694 Burm.
1603 1655 1691 1693 Hoc

1062 1705 1161 1745 sensu
1179 1707 1268 1746 AEn.
1286 1706 1361 1752 VI,
1380 1711 1452 1758 872
1462 1709 1598 1757 propria
1616 1707 1693 1746 haec

1049 1758 1092 1808 fi
1105 1759 1191 1798 dona
1196 1761 1354 1810 fizffnt.
1409 1758 1596 1796 Desudant
1622 1759 1693 1797 viri

1063 1809 1162 1848 doffi
1181 1810 1218 1847 in
1236 1810 1341 1859 hujus
1360 1809 1481 1848 versus
1506 1809 1693 1849 sententia.

1063 1861 1119 1899 Ut
1147 1862 1297 1899 reddas:
1326 1861 1353 1899 fi
1375 1861 1522 1912 quidem
1548 1860 1695 1900 habitus

1065 1913 1128 1950 iste
1149 1912 1218 1951 tibi
1246 1913 1411 1965 proprius
1426 1914 1498 1972 ost:
1526 1912 1604 1950 fieri
1627 1913 1694 1952 vix

1066 1965 1212 2055 ἓὲἷὲἷέι
1233 1975 1380 2054 ’Ξὲἳαῗ
1397 1964 1566 2066 513?ssss
1568 1975 1694 2068 3223.

1070 2068 1150 2105 Alii
1189 2068 1286 2119 apud
1327 2068 1491 2106 Servium
1527 2074 1697 2119 proprium

1068 2120 1126 2157 boc
1141 2119 1187 2156 ad
1210 2131 1377 2170 gregem,
1399 2132 1506 2169 quem
1530 2120 1699 2171 pascebat

1069 2169 1138 2218 (ita
1155 2169 1382 2221 responderet
1396 2170 1446 2210 vs.
1467 2173 1549 2220 36),
1567 2171 1633 2208 alii
1647 2174 1696 2210 ad

1054 2221 1127 2267 rid,
1152 2222 1252 2272 quod
1268 2235 1305 2260 v.
1325 2236 1366 2261 21
1389 2221 1441 2272 sq.
1465 2222 1632 2272 petierat,
1657 2233 1699 2262 ut

1068 2285 1215 2311 carmen
1229 2272 1311 2317 fibi,
1329 2273 1435 2324 quale
1447 2274 1592 2318 Codro,
1609 2288 1698 2314 con-

1070 2325 1241 2384 tjngeret,
1268 2324 1441 2364 referunt.
1468 2323 1612 2384 Volunt
1629 2327 1696 2366 sci-

1069 2376 1701 2480 3532h2aesfefx1ff⁰ffissssssffissfssffi

1029 2516 1040 2529 Ι
1070 2479 1254 2518 instituere
1301 2480 1446 2518 dicatur
1493 2481 1696 2531 Corydon:

1070 2531 1206 2569 Micon
1224 2532 1293 2570 tibi
1309 2533 1386 2570 hmo
1410 2532 1531 2583 capita
1547 2533 1645 2571 cervi
1662 2543 1699 2572 et

1071 2582 1150 2634 apri
1166 2584 1321 2629 dicavit,
1349 2597 1372 2622 o
1391 2583 1535 2630 Diana;
1563 2594 1601 2622 at
1631 2597 1702 2637 ego

1070 2636 1220 2673 statuam
1237 2648 1489 2681 marmoream,
1506 2636 1606 2686 quod
1626 2650 1702 2674 ma-

1067 2685 1126 2736 jus
1143 2687 1206 2732 est,
1232 2686 1302 2725 tibi
1319 2700 1466 2739 ponam,
1491 2688 1517 2725 fi
1535 2688 1703 2740 proprius

1069 2751 1112 2775 ac
1141 2748 1331 2790 perpetuus
1356 2751 1446 2790 grex
1477 2738 1538 2778 hic
1571 2739 1699 2778 fuerit.

1070 2788 1268 2829 Enimvero
1293 2790 1340 2829 fic
1378 2790 1556 2842 impedita
1595 2791 1702 2841 hujus

1069 2841 1188 2880 versus
1205 2851 1325 2880 manet
1343 2842 1436 2880 ratio
1450 2858 1462 2888 ;
1479 2851 1518 2881 et
1538 2840 1701 2881 adversa·

1067 2901 1130 2932 tur
1166 2894 1251 2938 hoe,
1296 2894 1396 2945 quod
1434 2906 1520 2932 mox
1547 2894 1701 2940 alterum

1275 2957 1298 2997 3
1514 2944 1701 2997 epigram-
