1987 3361
458 280 1047 350 EDITloNlssUs.
1274 309 1411 343 σω,

98 442 139 471 et
168 433 308 477 Varius,
335 430 446 470 amici
477 433 608 481 po'etae,
634 428 765 479 quibus
797 424 986 476 negotium
1022 424 1068 460 ab
1093 422 1257 474 Augusto
1283 425 1411 465 datum

97 494 168 531 effe
184 492 313 536 fertur,
340 502 380 530 ut
396 490 589 529 AEneidem
605 487 847 526 emendarent.
874 497 910 523 v.
930 482 1011 521 Vit.
1029 481 1064 519 V
1067 481 1136 534 irg.
1154 482 1219 520 sub
1236 483 1265 522 f.
1284 482 1413 524 Dona-

102 559 160 588 tus
178 549 228 588 V.
244 550 294 588 V.
313 551 340 589 s.
361 564 407 603 52
425 550 477 599 sq.

152 611 378 648 Adamantius
395 610 588 659 Martyrius
602 619 616 642 .·
641 616 715 655 quo
728 603 809 653 jure
827 603 922 640 inter
939 601 1095 652 Virgilii
1115 611 1416 643 commentatores

100 668 290 713 habeatur,
320 669 474 720 ignoro3
504 678 601 708 nam,
621 677 701 714 quae
727 663 774 699 de
797 660 1072 711 Orthographia
1098 660 1194 711 apud
1228 661 1414 702 Caffiodo-

101 727 197 764 rium
210 740 255 764 ex
273 740 316 764 eo
335 734 502 776 excerpta
519 724 614 767 sunt,
632 721 725 758 nihil
741 720 919 770 ejusmodi
937 720 1111 771 produnt.

155 785 327 826 AEmilius
344 798 356 821 :
386 783 480 834 apud
502 782 676 831 Pompon.
697 779 780 817 Sab.
799 780 845 816 ad
863 778 950 816 AEn.
966 778 1036 822 XI,
1056 779 1147 830 696,
1166 778 1229 817 ubi
1246 793 1282 819 v.
1304 780 1415 825 ver-ba

104 841 145 881 in
167 843 214 881 V.
235 843 280 880 L.
336 842 447 880 Nihil
466 841 512 879 de
526 854 572 878 eo
593 839 739 877 aliunde
757 838 907 876 constat.

153 898 378 951 Alexander:
405 901 444 938 in
463 899 641 938 Servianis
665 899 711 935 ad
740 898 852 943 VIII,
874 911 963 948 330,
983 897 1048 934 ubi
1069 897 1214 936 Servius
1237 899 1311 951 ipse
1329 913 1414 939 eum

100 958 201 1010 sequi
219 960 357 998 dicitur
370 976 380 1004 ;
410 960 509 1012 quod
527 970 562 997 et
579 973 637 1010 ap.
657 957 834 1008 Pompon.
855 957 939 996 Sab.
968 971 1004 1008 p.
1035 970 1108 1010 399
1131 968 1224 996 extr.
1258 959 1415 997 affirma-

104 1025 165 1054 tur
181 1017 227 1055 de
241 1017 313 1061 VI,
343 1032 428 1058 100.
455 1018 558 1056 Add.
586 1031 643 1069 ap.
660 1016 769 1055 eund.
789 1029 826 1066 p.
849 1029 920 1066 393
937 1025 1028 1053 extr.
1048 1029 1084 1066 p.
1103 1029 1192 1065 400.
1210 1031 1302 1067 401.
1320 1031 1414 1067 402.

100 1088 191 1126 404.
260 1076 363 1116 Male
393 1078 439 1115 de
475 1075 686 1115 Alexandro
723 1074 945 1125 Polyhistore
979 1074 1145 1125 cogitant
1190 1075 1262 1113 viri
1298 1076 1414 1117 desti.

101 1133 335 1173 Probabilius
369 1137 431 1181 est,
476 1136 581 1173 fuiss'e
614 1148 712 1177 eum,
740 1147 849 1184 quem
880 1133 990 1170 Maro
1042 1146 1193 1184 puerum
1228 1135 1355 1174 amaffe
1377 1147 1417 1175 et

101 1195 381 1245 grammaticum
396 1194 561 1231 dimisisse
576 1203 739 1230 narratur
757 1192 794 1228 in
815 1191 954 1228 Donati
966 1190 1056 1228 Vita
1075 1191 1124 1229 V.
1141 1191 1169 1230 s.
1185 1207 1248 1237 20,
1269 1206 1332 1232 21.

154 1252 198 1289 L.
227 1253 378 1290 Annaem
405 1255 584 1290 Cornutus.
641 1249 846 1302 Aliquoties
874 1260 1091 1288 memoratur
1122 1252 1220 1302 apud
1247 1251 1344 1291 Serv.
1363 1253 1414 1292 ad

101 1307 189 1347 AEn.
207 1309 240 1353 Ι,
262 1323 324 1362 45.
345 1324 429 1363 150.
449 1313 538 1360 488.
567 1309 644 1354 IX,
663 1312 734 1359 348
755 1320 790 1347 et
820 1309 909 1360 675.
963 1309 1100 1347 Ver-um
1127 1320 1164 1348 et
1198 1312 1246 1349 ad
1277 1311 1349 1351 Ge.
1378 1313 1413 1359 I,

105 1381 195 1418 277,
223 1368 288 1407 ubi
306 1372 399 1407 ret-‘ie
417 1370 477 1407 ille
497 1380 607 1415 vetat,
635 1380 764 1409 contra
785 1368 958 1413 Probum,
985 1369 1236 1419 aspirationem
1255 1370 1294 1408 in
1307 1373 1416 1412 Orcus

102 1426 206 1472 addi,
233 1437 273 1466 ut
289 1429 330 1466 fit
351 1430 510 1467 Orchus.
563 1430 677 1480 Apud
695 1429 794 1465 Gell.
815 1428 869 1472 II,
895 1431 934 1471 6,
956 1427 1018 1465 ubi
1050 1429 1095 1464 de
1124 1428 1207 1467 loco
1225 1428 1306 1468 Ecl.
1340 1429 1414 1475 VI,

103 1498 151 1536 75
180 1493 209 1509 “
229 1487 396 1526 Nonnulli
405 1495 624 1540 grammatici
635 1495 750 1524 aelatis
755 1491 954 1537 superioris,
982 1493 1016 1524 in
1034 1488 1150 1538 quibus
1177 1490 1220 1539 1ss
1247 1491 1414 1528 Cornutus

102 1545 270 1591 Annaeus,
297 1546 481 1596 haudsane
499 1548 621 1584 indolli
634 1562 732 1597 neque
750 1545 920 1597 lgnobiles‚
948 1553 1006 1597 qui
1021 1554 1254 1585 commentaria
1278 1554 1314 1587 in
1333 1551 1370 1587 V
1366 1557 1416 1587 ir-

96 1601 221 1654 gilium
243 1607 518 1655 composuerunt.’'
573 1604 634 1642 Ne
652 1615 770 1644 tamen
789 1604 931 1655 proprie
948 1605 1018 1641 hoc
1036 1605 1174 1642 dietum
1190 1617 1306 1657 putes,
1324 1609 1416 1647 alter

103 1662 205 1699 locus
222 1663 381 1712 ejusdem
399 1674 519 1702 vetare
536 1664 655 1702 videri
671 1664 800 1715 potest:
829 1663 905 1708 IX,
926 1667 947 1701 8
965 1665 1035 1713 fid
1059 1665 1210 1703 Annaeus
1234 1667 1416 1713 Cornutus,

104 1719 287 1770 homosane
308 1722 468 1774 pleraque
497 1722 572 1761 alia
601 1740 664 1760 non
691 1725 837 1763 indoffus
867 1737 968 1773 neque
999 1724 1198 1772 imprudens,
1224 1729 1260 1762 in
1271 1728 1416 1774 secunda

103 1787 215 1816 tamen
231 1780 403 1824 librorum,
431 1797 505 1832 quos
523 1784 562 1818 de
566 1782 692 1832 figuris
697 1783 942 1829 sententiarum
965 1784 1148 1830 composuit,
1175 1789 1342 1834 egregiam
1366 1796 1417 1823 to-

102 1842 168 1874 tius
184 1841 270 1888 fiius
286 1841 496 1878 verecundzoe
519 1840 649 1878 laudem
668 1840 857 1891 (Conjugis
874 1842 1004 1890 infusus
1017 1855 1076 1889 gr.
1095 1840 1181 1879 AEn.
1202 1840 1315 1888 VIII,
1336 1857 1415 1894 404

104 1894 176 1946 sq.)
207 1898 330 1947 insulsa
349 1904 442 1938 nimis
466 1910 499 1936 et
526 1900 631 1948 odiosa
651 1902 857 1948 scrulalione
886 1898 1054 1936 violavit.
1107 1900 1416 1940 Nam—membra

103 1965 229 2000 tamen,
254 1963 374 2008 inquit,
386 1958 503 2007 paullo
520 1965 684 1996 incautius
703 1962 823 2008 posuis.
879 1956 1030 2013 Pqtuere
1062 1957 1177 2008 igitur
1207 1969 1243 1996 et
1274 1960 1414 2013 reliqua

103 2012 144 2058 in
161 2015 230 2052 hoc
245 2016 302 2052 vel
322 2016 425 2053 fimili
444 2030 549 2067 opere
566 2017 723 2067 appofita
741 2017 820 2053 effe.
875 2016 976 2053 Add.
996 2015 1165 2055 Macrob.
1185 2018 1260 2056 Sat.
1279 2018 1332 2063 V,
1353 2033 1413 2070 19.

106 2072 245 2111 Verum
264 2084 380 2112 tamen
398 2076 542 2113 Charis.
562 2075 675 2118 Instit.
694 2089 749 2125 gr.
769 2075 799 2112 I.
821 2074 961 2116 Putsch.
980 2088 1064 2125 pag.
1090 2087 1176 2119 100,
1195 2089 1241 2128 37
1264 2083 1292 2104 “
1307 2077 1414 2117 Civiv-

104 2140 134 2157 “
162 2133 305 2171 tadum.
324 2136 476 2173 Amlaeus
495 2137 660 2173 Coruulus
679 2138 729 2173 ad
740 2135 898 2172 Italicum
914 2136 953 2171 de
983 2135 1122 2185 Virgilio
1138 2135 1197 2173 lib.
1217 2137 1356 2175 X.—et
1373 2151 1413 2188 p.

109 2203 196 2236 102,
226 2207 271 2244 ²5
286 2195 308 2209 '³
332 2195 377 2230 L.
400 2196 552 2232 Annaeus
569 2195 733 2232 Cornutus
757 2201 792 2230 in
820 2194 975 2230 Maronis
996 2200 1233 2231 commentariis
1253 2197 1417 2235 AEneidis

105 2250 322 2288 X.—C0nf.
344 2252 536 2291 Burmann.
555 2252 653 2304 prcef.
688 2257 739 2304 (p.
768 2257 852 2303 40),
880 2251 943 2288 ubi
974 2251 1108 2302 Scalig.
1138 2252 1184 2289 ad
1215 2252 1346 2292 Euseb.
1372 2269 1413 2306 p.

116 2322 185 2360 197
206 2310 385 2350 laudatur.

159 2369 369 2417 Apronianus
389 2369 448 2416 (de
477 2382 549 2420 quo
567 2384 600 2408 v.
619 2369 694 2420 sup.
714 2383 796 2421 pag.
827 2369 980 2419 XLIII)
1008 2370 1102 2408 inter
1127 2370 1414 2419 Grammaticos,

106 2426 173 2477 qui
207 2426 246 2463 in
276 2426 478 2479 Virgilium
510 2429 746 2466 commentati
780 2428 861 2472 fim,
887 2428 1049 2480 pluribus
1083 2428 1170 2466 locis
1204 2429 1356 2468 refertur
1390 2444 1415 2469 a

108 2485 311 2537 Pomponio
330 2487 486 2532 Sabin03
514 2501 586 2537 quo
600 2487 695 2536 jure,
714 2500 785 2524 non
804 2488 976 2538 assequor.

159 2546 343 2595 Arusianus
376 2547 535 2594 Meffius‚·
566 2546 697 2584 nobilis
729 2547 998 2585 Grammaticus
1033 2546 1092 2584 seu
1126 2547 1243 2586 verius
1277 2549 1414 2594 rhetor,

106 2604 186 2654 fiee.
206 2604 256 2643 V.
276 2604 325 2642 cf.
344 2605 441 2642 Saxii
462 2605 646 2643 Onomast.
667 2605 719 2641 T.
738 2604 772 2650 I,
798 2619 835 2655 p.
864 2619 954 2657 511,
981 2604 1046 2642 ubi
1064 2619 1098 2642 ν.
1118 2605 1181 2656 qui
1206 2607 1412 2652 laudantur,

106 2662 205 2714 inpr.
226 2663 347 2701 Burm.
367 2663 465 2714 praef.
489 2663 528 2700 im
546 2662 654 2713 Virg.
675 2666 725 2714 (p.
744 2666 808 2712 41)
840 2663 930 2700 Sunt
958 2664 1034 2713 ejus
1052 2664 1274 2703 Eloculiouum
1303 2682 1415 2710 exem·

102 2723 166 2780 pla
197 2736 240 2759 ex
271 2721 453 2774 Virgilio,
489 2722 668 2767 Sallustio,
705 2721 898 2771 Terentio,
943 2722 1138 2767 Cicerone,
1167 2736 1233 2774 per
1274 2723 1414 2765 litteras

107 2781 148 2825 di
175 2782 256 2818 esta.

149 2793 312 2898 &fionius
326 2840 506 2886 Pedianus,
531 2837 594 2889 qui
612 2837 676 2878 sub
695 2838 855 2879 Claudio
874 2847 909 2878 et
939 2837 1164 2891 sequentibus
1181 2841 1283 2881 annis
1302 2841 1412 2887 vixit,

1369 2913 1415 2942 an
