1821 3381
338 320 431 380 358
532 313 587 360 P.
630 306 1016 358 VIRGILII
1067 303 1458 352 MARONIS

339 448 473 504 Inde,
507 447 589 494 ubi
605 445 710 510 jam
734 442 904 489 validis
930 440 1166 503 amplexae
1190 439 1412 503 stirpibus
1437 436 1592 484 ulmos

339 541 576 596 Exierint‚
611 550 716 584 tum
739 535 915 597 stringe
936 548 1133 589 comass
1153 543 1258 578 tum
1278 530 1470 578 brachia
1485 527 1658 577 tonde:

341 632 470 678 Ante
494 625 808 674 reformidant
833 623 1036 677 ferrum;
1072 635 1177 669 tum
1199 619 1404 681 denique
1426 617 1544 664 dura

341 720 525 766 Exerce
543 714 760 778 imperia,
797 722 843 756 et
866 723 1021 754 ramos
1040 707 1270 770 conpesce
1294 707 1498 754 fluentis,
1566 721 1663 770 370
1707 770 1711 775 Ι

409 809 653 856 Texendae
670 803 813 865 saepes
829 801 989 857 etiam,
1003 812 1049 847 et
1069 815 1213 863 pecus
1231 814 1373 844 omne
1389 798 1665 855 tenendum,

344 903 590 965 Praecipue
608 898 728 944 dum
749 894 875 940 frons
890 906 1049 940 tenera
1066 891 1413 955 inprudensque
1429 890 1663 940 laborum:

347 993 458 1050 Cui,
481 990 618 1053 super
641 986 861 1049 indignas
881 984 1061 1030 hiemes
1088 982 1332 1046 solemque
1356 993 1620 1046 potentem,

392 1127 467 1168 367.
489 1129 591 1158 validis
605 1126 694 1167 ampl.
705 1124 812 1154 viribus
827 1121 945 1154 Medic.
964 1133 982 1152 a
999 1132 1043 1152 m.
1061 1121 1120 1152 sec.
1169 1120 1300 1152 Zulich.
1327 1123 1447 1152 Moret.
1480 1127 1587 1162 quart.
1610 1128 1670 1161 pro

347 1190 416 1210 var.
430 1179 503 1210 lecit.
547 1178 610 1211 Ed.
628 1176 764 1208 Mediol·
781 1175 888 1207 Colot.
904 1173 1024 1210 Ursini,
1037 1184 1118 1204 unus
1130 1173 1318 1204 Mcadianus
1329 1196 1338 1210 ,
1359 1180 1391 1204 et
1404 1172 1541 1203 arridere
1554 1170 1671 1214 potest.

350 1232 412 1262 Sed
428 1230 471 1262 est
488 1229 658 1261 memoriae
676 1228 780 1270 lapsus
795 1238 832 1258 ex
849 1226 1010 1268 frequenti
1026 1227 1194 1267 poetarum
1210 1224 1347 1260 leolione
1364 1231 1464 1261 ortus,
1474 1223 1536 1255 five
1554 1224 1672 1252 Gram-

350 1283 461 1316 matici
477 1282 573 1314 nimis
584 1280 667 1313 acuti
685 1277 1069 1322 interpolatio.—-—368.
1093 1284 1155 1307 tun:
1170 1283 1243 1307 ante
1260 1277 1383 1313 Burm.‚
1406 1275 1491 1317 quod
1507 1276 1675 1305 Romanus

350 1342 461 1366 tuetur
477 1334 575 1365 etiam
601 1332 689 1374 sequ.
717 1342 748 1361 v.
792 1332 866 1360 tende
891 1328 995 1360 Goth.
1017 1327 1229 1370 pr.———369.
1248 1329 1422 1369 reformident
1437 1327 1511 1358 duo.
1599 1334 1675 1364 370.

351 1399 443 1417 ramos
474 1385 596 1427 conquce
611 1384 730 1413 valentes
748 1383 924 1417 Romanus,
947 1380 1032 1420 qnod
1044 1378 1167 1409 Pierius
1177 1378 1332 1410 Varronis
1345 1377 1475 1419 quidem
1486 1377 1557 1408 loco
1573 1376 1612 1406 de
1628 1377 1672 1412 R,
1706 1401 1708 1403 ,

353 1440 400 1470 R.
417 1440 443 1476 Ι,
467 1446 504 1477 31
525 1434 708 1472 confirmat3
741 1441 772 1464 at
790 1440 946 1475 quantum
963 1431 1056 1462 alteri
1086 1430 1251 1462 venustate
1277 1429 1378 1466 cedat,
1412 1428 1504 1460 facile
1531 1434 1675 1470 apparet.

353 1491 437 1521 Item
449 1489 516 1530 sup.
535 1497 596 1528 359
610 1486 643 1516 in
660 1493 748 1528 parte
766 1485 856 1515 codd.
873 1483 993 1525 legitur
1007 1493 1014 1512 :
1041 1481 1233 1522 videturque
1249 1480 1328 1512 adeo
1345 1490 1464 1522 vagum
1480 1479 1512 1510 in
1529 1478 1675 1521 margine

355 1539 481 1581 vetusti
492 1538 623 1579 alicujus
637 1536 753 1567 codicis
768 1535 933 1576 appidium
950 1533 1049 1564 fuisse.
1139 1541 1213 1572 371.
1237 1532 1310 1563 Post
1325 1533 1460 1561 tenendum
1477 1538 1550 1566 ante
1566 1530 1679 1565 Heins.

354 1599 424 1624 erat
439 1592 492 1634 zst;
516 1589 675 1621 sublatum
687 1587 864 1618 secundum
879 1585 994 1623 libros;
1018 1584 1103 1616 abest
1118 1585 1217 1616 etiam
1233 1594 1250 1615 a
1263 1583 1409 1614 Mediceo
1426 1593 1443 1612 a
1463 1592 1507 1612 m.
1527 1592 1575 1623 pr.
1601 1589 1634 1612 et
1657 1592 1677 1618 a

353 1642 466 1674 multis
480 1649 514 1672 et.
559 1642 736 1676 Romanus,
756 1637 980 1669 vetustiffimus
991 1636 1082 1674 liber,
1105 1643 1136 1667 et
1154 1634 1277 1666 Bodlei.
1296 1636 1431 1664 tuendum.
1476 1632 1634 1664 Arundel.
1651 1640 1678 1664 et

346 1697 501 1741 jampeczts
517 1705 590 1722 omne
604 1692 769 1725 timendum‚·
805 1687 1054 1730 interpolatione
1078 1697 1142 1717 non
1163 1686 1268 1724 mala3
1302 1694 1338 1717 ut
1366 1694 1450 1716 nunc
1475 1684 1572 1716 etiam
1588 1685 1680 1716 Reis-

361 1745 457 1776 kium
475 1741 637 1785 conjecisse
654 1741 759 1775 video.
804 1740 850 1770 At
875 1739 1007 1781 vulgata
1025 1738 1107 1769 ratio
1134 1738 1260 1768 doetior
1287 1736 1347 1767 esse
1373 1736 1510 1767 videtur.
1603 1745 1677 1776 3722

357 1798 503 1828 Praelcrea
519 1807 598 1835 quum
605 1795 692 1834 frons
706 1799 796 1822 tenera
813 1790 938 1821 Nonius
954 1790 986 1820 in
989 1792 1215 1830 srons.————37
1221 1798 1250 1828 3.
1270 1789 1332 1825 Cm',
1343 1795 1374 1818 et
1391 1787 1468 1822 dun]
1484 1787 1513 1817 ei
1527 1785 1679 1823 illudunt.-

349 1849 490 1892 solequae
501 1852 627 1888 tepentem
641 1846 774 1885 Menag,
787 1842 844 1873 alt.
869 1853 927 1885 pro
940 1841 1063 1873 diversa
1075 1840 1224 1872 leerione.
1249 1839 1347 1873 Male.
1372 1838 1436 1872 vid.
1453 1840 1573 1880 Georg.
1589 1838 1614 1876 1,
1625 1846 1680 1880 92,

1052 1955 1222 2008 pretatio,
1250 1956 1462 1997 arcendum,
1489 1967 1561 2005 quo
1575 1967 1684 1991 voca-

359 1962 460 2001 conf.
481 1961 554 2012 sup.
585 1975 621 1998 v.
654 1965 716 1999 81.
787 1960 872 2009 369.
900 1933 988 1995 duna

1054 2008 1142 2045 bulo
1161 2007 1300 2046 Plinius
1313 2007 1352 2051 in
1364 2007 1491 2044 eodem
1506 2016 1683 2057 praecepto

354 2021 513 2064 imperia,
540 2015 577 2050 h.
596 2012 730 2055 severa,
757 2025 779 2047 a
795 2007 989 2060 dilbiPIiria

306 2859 309 2862 ·
369 2838 573 2881 timendum,

359 2066 512 2103 militari
530 2065 705 2116 petitum3
733 2063 803 2100 five
817 2062 863 2099 ab
888 2061 990 2110 equis

360 2117 528 2167 regendis
563 2116 620 2152 vel
648 2114 782 2165 pueris,
825 2127 871 2152 ex
899 2112 988 2148 Bur-

362 2169 488 2206 manni
523 2167 709 2210 sententia,
756 2164 820 2216 qui
865 2165 990 2201 laudat

362 2220 499 2257 Horat.
531 2220 656 2256 Carm.
692 2218 766 2262 IV,
806 2231 840 2259 1,
878 2217 913 2254 6.
951 2229 988 2266 7.

363 2272 449 2309 Cic.
487 2272 574 2308 Cat.
619 2270 704 2318 maj.
746 2281 788 2319 ις
834 2274 992 2305 ‹vitem—

361 2340 462 2375 quam
483 2326 668 2373 smpente’m
699 2319 876 2369 mullg'plici
898 2319 992 2369 lapsu

362 2386 395 2413 et
411 2379 550 2412 erratico
567 2375 664 2410 ferro
690 2381 875 2422 amputans
893 2384 992 2407 coer-

364 2436 423 2468 cet
441 2439 495 2462 ars
509 2425 762 2476 agricolarum,
789 2422 994 2472 nefilescat

352 2481 535 2528 sarmentis·
550 2489 580 2514 et
597 2483 631 2513 in
648 2491 748 2513 omnes
758 2485 872 2525 partes
890 2478 994 2511 nimicz

353 2531 541 2582 fimdar'zzr.
615 2541 702 2577 370.
730 2542 835 2564 ramos
841 2528 992 2576 fluentis.

358 2581 582 2623 diffluentes,
619 2578 851 2616 luxuriantes.
924 2576 995 2612 Di-

366 2633 474 2669 versae
490 2631 843 2681 suntjlm'daefivndes
861 2627 995 2665 Lucre-

366 2684 412 2725 tii
430 2684 483 2728 H,
507 2684 592 2734 596,
620 2683 656 2720 h.
677 2682 815 2725 molles,
849 2694 871 2717 a
887 2690 995 2717 vento

367 2736 476 2773 facile
495 2735 655 2771 decussae.

379 2826 382 2827 ⁷
423 2800 505 2837 371·
533 2788 702 2824 tenendum
720 2796 841 2834 pecus,
857 2783 894 2820 h.
910 2795 996 2820 con-

623 2836 880 2880 co'ercendum‚
924 2847 997 2884 quo

369 2890 448 2942 ipso
491 2889 647 2933 efficitur
689 2888 836 2945 vulgata
890 2886 1000 2929 inter-

1057 2060 1170 2096 utitur
1204 2058 1338 2102 XVII,
1376 2071 1439 2102 22,
1470 2057 1496 2095 s.
1519 2071 1581 2108 35,
1622 2071 1683 2108 17·-

1059 2124 1102 2161 37
1113 2125 1145 2148 2.
1163 2116 1265 2162 frons
1299 2112 1482 2159 imprudens
1513 2109 1685 2152 laborum,

1057 2164 1093 2199 h.
1114 2161 1256 2200 frondes
1284 2161 1418 2212 ignarae
1438 2170 1473 2197 et
1491 2160 1684 2210 impatien-

1057 2224 1107 2250 tes
1139 2213 1280 2264 injuriae
1310 2226 1354 2250 ex
1386 2213 1492 2249 dente
1521 2211 1685 2262 pecudis„

1060 2280 1102 2317 37
1112 2279 1274 2317 3—379.
1304 2264 1386 2301 Plus
1413 2276 1519 2313 quam
1538 2262 1688 2313 frigoris

1057 2318 1111 2354 vis
1140 2327 1176 2354 et
1193 2317 1276 2354 solis
1302 2315 1478 2367 potentia,
1506 2316 1542 2351 h.
1573 2315 1686 2360 aestus,

1058 2378 1189 2406 nocent
1219 2368 1354 2405 vitibus
1398 2366 1550 2404 novellis
1579 2366 1688 2407 boves,

1058 2422 1207 2470 agrestes
1225 2430 1260 2457 et
1277 2432 1412 2470 capreae
1427 2428 1463 2455 et
1480 2428 1616 2455 caeterae
1628 2431 1688 2467 pe-

1059 2472 1180 2512 cudes.
1233 2474 1384 2523 indignae
1401 2471 1531 2507 hiemes.
1576 2469 1688 2521 Qis-

1059 2523 1139 2574 quis
1155 2524 1309 2575 indzgna,
1334 2523 1371 2560 h.
1396 2521 1527 2572 quibus
1555 2520 1690 2570 dignus

1060 2578 1148 2612 alter
1165 2588 1239 2612 non
1256 2575 1319 2618 est,
1336 2587 1414 2623 quae
1427 2572 1610 2610 immerito
1627 2584 1691 2622 pa-.

1060 2626 1164 2669 titur,
1209 2625 1428 2675 omninoque
1472 2624 1576 2667 dura,
1628 2623 1691 2660 sae-

1059 2692 1118 2722 va,
1158 2677 1300 2726 injusta,
1348 2675 1532 2726 injuriosa,
1585 2674 1690 2721 facit,

1061 2740 1123 2766 aut
1154 2729 1241 2766 talia
1265 2729 1349 2772 fert,
1388 2741 1474 2764 eum
1505 2730 1624 2777 poetae
1639 2731 1692 2763 ins

1059 2782 1195 2833 dzgnum
1213 2780 1403 2831 appellant.
1422 2778 1519 2816 conf.
1535 2777 1615 2814 Ecl.
1635 2776 1692 2820 X,

1068 2847 1126 2871 10.
1178 2832 1305 2881 Itaque
1319 2832 1436 2869 hiemes
1451 2831 1600 2881 indignae
1608 2828 1645 2865 h.
1663 2828 1693 2872 l,

1064 2886 1155 2929 reite
1167 2897 1187 2927 a
1198 2883 1322 2927 Servio
1331 2881 1694 2934 'explicantursaevae.

1604 2944 1695 2987 374·
