1821 3381
353 254 812 312 BUCOLICA,
878 252 1062 302 ECL.
1119 254 1205 303 1v.
1375 274 1433 322 73

127 398 287 436 daeorum
319 390 551 444 opinionibus
578 398 860 426 commemorare
890 386 1054 437 potuisse,
1081 396 1117 424 et
1143 387 1184 425 id
1217 401 1330 438 genus
1355 390 1439 429 alia.

130 465 341 506 Enimvero,
354 460 562 511 quicunque
581 456 720 494 sensum
737 456 984 492 Romanorum
1004 465 1039 492 et
1052 454 1240 505 ingenium
1258 457 1315 494 vel
1329 470 1348 493 e
1362 458 1441 495 lon-

127 534 265 585 ginquo
283 529 453 582 inspexit,
465 527 573 565 facile
589 525 740 570 tenebit,
756 537 937 574 nunquam
949 524 1159 573 Judaeorum
1169 535 1304 562 tantam
1320 529 1443 565 aueto-

126 603 270 640 ritatem
291 615 330 639 ac
359 602 465 639 fidem
496 610 557 637 aut
584 598 685 636 fuisse
709 606 769 634 aut
797 597 862 634 effe
881 597 1032 647 potuisse
1061 597 1156 648 apud
1177 597 1376 641 Romanos,
1402 608 1443 636 ut

125 682 252 708 eorum
279 670 468 721 opiniones
495 667 639 719 publice
657 665 888 703 admitterent
914 675 950 703 et
968 665 1190 704 carminibus
1207 665 1442 706 celebrarent.

127 739 305 777 Meminit
323 738 577 790 superstitionis
594 736 756 786 Judaicae
770 736 965 775 Horatius:
985 751 1110 775 verum
1129 747 1168 778 ut
1194 750 1272 775 eam
1291 737 1361 775 risu
1380 751 1443 777 ex-

127 808 306 860 ploderet.
360 808 415 844 Ut
433 806 560 844 ordine
578 819 723 857 agamus
741 818 750 842 :
781 805 967 843 videamus
995 806 1116 857 primo
1134 806 1233 851 loco,
1260 807 1444 857 quodnam

126 879 297 917 carminis
314 887 563 930 argumentum
582 878 623 915 fit
640 891 704 929 per
722 877 757 916 se
775 877 934 929 speetati.
991 878 1148 915 Carmen
1165 877 1371 916 bucolicum
1395 878 1443 916 ad

126 948 341 991 Consulem,
356 963 463 999 quem
479 962 517 988 v.
541 963 553 987 1
567 963 579 987 1
603 948 780 987 Pollionem
805 949 985 993 nominat,
1004 949 1039 986 se
1056 948 1263 986 exorsurum
1281 950 1347 986 effe
1359 963 1444 1000 pro.

127 1016 248 1054 fitetur
272 1016 381 1055 Maro
399 1032 408 1055 :
444 1033 554 1068 1—3.
609 1019 687 1070 Agi
716 1032 812 1056 nunc
835 1017 1000 1055 ultimam
1017 1026 1155 1055 aetatem
1174 1032 1193 1055 a
1212 1018 1350 1069 Sibylla
1368 1033 1443 1058 me-

126 1096 305 1126 moratum
323 1102 332 1125 :
362 1087 453 1125 Inde
473 1086 633 1124 melioris
653 1087 766 1124 aetatis
784 1088 896 1126 vitam
923 1089 1082 1127 humano
1100 1090 1223 1140 generi
1244 1090 1443 1129 redituram

125 1158 193 1195 ess‘e
210 1157 434 1208 pronuntiat,
461 1166 497 1193 et
515 1156 662 1207 quidem
689 1169 801 1206 puero
830 1156 952 1207 aliquo
974 1167 1075 1201 nato,
1103 1157 1141 1194 in
1162 1158 1333 1197 Pollionis
1362 1160 1443 1211 qui-

125 1228 211 1267 dem
232 1227 433 1265 Consulatu
451 1240 592 1277 4—14.
644 1226 712 1263 Ille
742 1226 941 1277 adscriptus
972 1227 1042 1265 erit
1070 1228 1254 1274 heroibus,
1281 1239 1317 1266 et
1344 1230 1443 1268 orbis

125 1308 302 1337 terrarum
329 1297 449 1349 pacati
475 1297 544 1334 erit
579 1306 754 1348 regnator
789 1311 949 1350 15—-17,
982 1299 1065 1348 Jam
1096 1312 1182 1336 vcro
1218 1300 1346 1338 melior
1378 1303 1443 1342 illa

126 1377 225 1413 zetas,
251 1367 347 1405 aetati
382 1381 497 1405 aureae
530 1380 572 1404 ac
607 1368 781 1405 Saturniae
815 1367 954 1413 fimilis,
980 1381 1046 1419 per
1080 1369 1214 1419 gradus
1252 1371 1439 1420 succedet,

126 1437 179 1475 ita
197 1446 237 1474 ut
253 1451 365 1489 puero
383 1447 467 1475 nato
484 1438 650 1482 exordia,
684 1440 854 1490 18--253
882 1437 1104 1477 incrementa
1133 1453 1218 1478 vero
1248 1441 1309 1480 sua
1339 1444 1442 1483 habi-

127 1515 209 1544 tura
225 1506 278 1550 fit,
307 1507 452 1556 quando
471 1507 531 1544 ille
550 1507 762 1551 adoleverit,
792 1507 971 1555 26—-363
1001 1510 1184 1547 cumulata
1199 1521 1319 1550 autem
1342 1524 1381 1552 ut
1400 1517 1442 1554 fit

125 1585 163 1613 et
180 1576 336 1626 perfe&a
353 1576 398 1613 ab
415 1576 581 1614 omnibus
599 1575 774 1627 partibus,
803 1575 868 1613 ubi
888 1576 949 1613 ille
969 1576 1014 1613 ad
1042 1577 1186 1616 virilem
1207 1591 1346 1620 aetatem
1363 1598 1444 1635 per-

127 1644 290 1682 venerit:
321 1658 486 1696 37—45.
541 1646 697 1696 Reliqua
725 1645 806 1682 sunt
837 1647 1032 1685 exultantis
1063 1649 1190 1688 laetitia
1215 1662 1252 1690 et
1281 1665 1365 1693 vota
1389 1657 1444 1696 fa.

126 1714 256 1753 cientis
275 1727 315 1751 ac
332 1713 545 1764 gratulantis
560 1722 696 1764 poetae:
726 1713 777 1761 46
797 1713 842 1750 ad
862 1714 923 1751 fin.

181 1783 263 1832 Jam
288 1783 325 1820 in
353 1782 408 1820 his
439 1782 546 1820 facile
579 1782 764 1833 agnoscas,
793 1782 818 1818 fi
844 1783 955 1819 modo
987 1785 1085 1821 nulla
1106 1787 1239 1836 praevia
1270 1791 1444 1842 opinione

129 1852 288 1890 imbutus
313 1851 506 1895 accefferis,
533 1851 652 1903 primo
682 1853 827 1902 poetam
854 1852 1099 1902 phantasmata
1122 1855 1168 1893 ab
1197 1870 1311 1896 aureae
1329 1863 1444 1901 attaris

130 1922 396 1961 narrationibus
412 1921 549 1972 petiiffe
563 1938 573 1967 3
603 1932 678 1959 tum
698 1935 799 1968 ver0,
824 1935 907 1959 eum
926 1922 989 1960 illa
1016 1925 1206 1964 cumulasse
1233 1929 1279 1965 ad
1303 1940 1443 1970 certum

129 1990 283 2041 aliquem
302 1990 356 2027 sui
375 1989 547 2042 temporis
561 2001 727 2027 eventum
745 1990 1015 2037 declarandum,
1044 2007 1150 2044 quem
1167 1997 1288 2045 paullo
1317 1999 1444 2037 obscu-

130 2059 204 2096 rius
230 2059 445 2110 defignavit,
472 2059 642 2110 quoniam
673 2059 713 2096 in
743 2059 955 2098 vaticinium
986 2075 1060 2100 rem
1089 2065 1256 2109 mutavit,
1282 2068 1445 2119 adeoque

129 2127 360 2167 vaticinantis
379 2128 494 2166 verbis
508 2138 543 2165 et
559 2127 866 2178 phantasmatibus
879 2129 974 2166 sensa
989 2130 1049 2167 sua
1065 2132 1244 2182 exposuit.
1296 2134 1445 2176 Summa

134 2200 387 2239 sententiarum
420 2200 497 2236 haec
530 2200 592 2242 est,
620 2198 888 2249 insequuturam
917 2200 982 2237 effe
1008 2210 1212 2253 temporum
1232 2204 1445 2247 felicitatem

131 2282 301 2320 magnam
316 2285 326 2316 3
355 2282 503 2319 eamque
520 2269 666 2306 initium
684 2268 889 2306 habituram
909 2269 974 2306 effe
990 2283 1011 2307 a
1028 2271 1208 2309 natalibus
1224 2275 1343 2323 pueri,
1361 2276 1445 2314 Pol..

132 2339 230 2378 lione
248 2339 336 2379 Cos.
353 2341 440 2378 nati.
497 2341 658 2393 Qinam
688 2340 749 2378 ille
776 2354 865 2391 puer
889 2340 1015 2387 fuerit,
1043 2351 1078 2379 et
1095 2343 1185 2393 quid
1209 2346 1353 2395 poetam
1379 2348 1444 2386 ad-

133 2410 295 2455 duxerit,
322 2419 362 2448 ut
381 2419 517 2447 tantam
549 2424 667 2448 rerum
691 2410 959 2447 conversionem
989 2423 1033 2447 eo
1065 2422 1148 2448 nato
1176 2412 1444 2464 insequuturam

132 2480 298 2533 polliceri
327 2481 450 2531 posset,
476 2480 546 2517 hoc
577 2480 639 2524 est,
666 2481 763 2531 quod
784 2479 966 2531 quaeritur.
1022 2480 1171 2519 Scilicet
1200 2481 1295 2520 inter
1321 2497 1445 2522 omnes

132 2551 299 2602 populos,
327 2563 457 2601 magna
482 2549 648 2601 inprimis
676 2550 796 2600 aliqua
824 2549 1029 2587 calamita-e
1055 2552 1244 2602 oppressos,
1270 2552 1445 2591 vaticinia

132 2618 358 2658 circumferri
376 2619 535 2663 assolent,
563 2632 641 2669 quae
658 2618 727 2655 five
740 2617 907 2668 graviora
926 2617 1055 2655 minari
1079 2618 1150 2657 five
1166 2619 1304 2656 laetiora
1329 2620 1445 2657 solent

133 2687 313 2739 polliceri,
340 2701 466 2737 eaque,
494 2686 680 2725 necessaria
711 2699 827 2723 rerum
860 2686 1115 2731 viciffitudine,
1143 2686 1349 2724 melioribus
1378 2687 1445 2725 ali-

132 2757 278 2808 quando
303 2755 572 2794 succedentibus
601 2755 835 2806 temporibus,
861 2755 936 2793 fere
960 2755 1096 2806 semper
1113 2765 1279 2793 eventum
1298 2756 1444 2795 habent.

134 2827 252 2866 Nullo
271 2837 389 2865 tamen
408 2838 566 2879 tempore
583 2828 842 2865 vaticiniorum
859 2827 1014 2866 insanius
1043 2827 1111 2865 fuit
1136 2828 1307 2872 studium,
1333 2841 1444 2877 quam

132 2895 199 2941 sub
228 2905 384 2936 extrema
409 2897 619 2950 reipublicae
638 2898 822 2954 ⁴Romanae
858 2907 1034 2950 tempora,
1061 2897 1264 2953 primosque
1284 2898 1444 2947 Impera-

936 2953 938 2955 *
1323 2973 1442 3015 tores3
