1821 3381
339 329 432 378 342
513 316 567 363 P.
618 313 1001 363 VIRGILII
1071 312 1471 362 MARONIS

342 449 585 498 Mimtam
611 449 828 511 ignorent
853 447 1009 494 subito
1031 463 1088 494 ne
1112 446 1290 495 semina
1312 459 1534 495 matrem.

341 542 476 606 Qin
499 541 642 587 etiam
667 539 778 586 coeli
802 539 1047 603 regionem
1072 539 1120 584 in
1144 538 1321 586 cortice
1345 539 1558 602 fignant:

341 636 430 691 Ut,
463 649 559 696 quo
581 647 784 695 quaeque
807 631 953 678 modo
977 630 1173 687 steterit,
1205 645 1298 692 qua
1321 642 1455 694 parte
1478 632 1655 680 calores

340 723 586 771 Austrinos
610 721 782 777 tulerit,
815 735 924 783 quae
948 730 1079 782 terga
1102 719 1359 766 obverterit
1382 720 1474 775 axi,
1565 735 1654 784 271

342 814 606 861 Restituam
625 837 637 868 ;
663 814 779 860 adeo
793 813 839 864 in
852 811 1022 859 teneris
1038 810 1336 858 consuescere
1347 812 1556 860 multum
1574 812 1657 859 est.

344 907 575 964 Collibus,
600 924 656 953 an
680 908 824 970 plano
845 904 1012 951 melius
1031 903 1086 950 fit
1109 919 1284 966 ponere
1308 903 1476 961 vitem,

343 1001 518 1066 Qaere
540 1000 688 1062 prius,
758 998 807 1044 Si
829 996 1022 1060 pinguis
1047 1011 1182 1060 agros
1207 996 1447 1043 metabere
1462 997 1650 1060 campi:

387 1137 462 1169 268.
486 1138 611 1168 fistulata
639 1143 702 1167 tres
733 1134 817 1176 apud
844 1134 969 1171 Burm„
991 1132 1132 1174 quinque
1159 1132 1243 1174 apud
1269 1131 1402 1163 Martin.
1426 1138 1458 1163 et
1483 1137 1564 1163 vett.
1587 1130 1660 1163 edd.

341 1188 466 1226 multae‚
489 1188 595 1218 Pierio
621 1194 653 1218 et
678 1186 823 1217 Martino
844 1184 995 1216 testibus:
1021 1194 1078 1214 nec
1103 1194 1168 1214 non
1192 1183 1293 1214 Goth.
1313 1194 1361 1225 pr.
1381 1194 1398 1214 a
1421 1193 1465 1215 m.
1491 1193 1554 1223 pr.‚
1574 1182 1661 1223 quod

341 1247 375 1270 ct
401 1239 504 1281 ipsum
528 1239 649 1270 bonum
676 1237 762 1269 esset.
824 1238 954 1280 ignorant
977 1236 1102 1266 Moret.
1128 1235 1203 1265 duo.
1264 1233 1356 1272 subito
1385 1235 1507 1274 ignorent
1528 1235 1661 1275 Menag.

342 1300 394 1331 pr.
439 1302 488 1318 nra
504 1299 585 1318 unua
600 1289 758 1317 Arundcl.
802 1300 845 1314 nez.
875 1294 955 1319 unus
972 1285 1087 1318 Mead.
1132 1283 1258 1313 Locum
1275 1282 1443 1324 Calpurnii
1465 1284 1503 1320 11,
1526 1292 1570 1322 50
1585 1283 1661 1323 hine

343 1338 522 1381 expressum
539 1346 570 1368 et
588 1337 716 1368 Colum.
732 1337 777 1373 X,
791 1343 851 1374 153
867 1334 934 1376 jam
950 1334 1093 1364 laudavit
1111 1335 1220 1364 Burm.
1311 1334 1387 1375 269.
1401 1334 1499 1376 fignat
1511 1334 1559 1365 ed.
1570 1336 1663 1377 Junt.

433 1400 506 1429 270.
531 1391 571 1419 Et
588 1389 673 1419 Gud.
692 1399 710 1419 a
731 1398 775 1418 m.
800 1387 858 1421 sec.
893 1386 1203 1428 steterint—tulerint·-
1223 1385 1371 1415 obverterit
1398 1385 1520 1416 Medic.
1567 1387 1663 1417 colores

342 1443 431 1474 idem
455 1453 472 1472 a
499 1453 545 1472 m.
574 1452 621 1482 pr.
714 1449 789 1478 271.
810 1451 868 1479 quae
883 1445 960 1479 terga
988 1436 1100 1467 Heins.
1126 1436 1300 1473 revocavit,
1325 1436 1412 1478 quod
1439 1446 1550 1467 omnes
1570 1437 1661 1479 supe-

342 1495 443 1527 riores
459 1494 528 1527 edd,
548 1492 732 1529 obtinebat3
755 1492 829 1522 inde
847 1501 863 1520 a
882 1488 1124 1521 Pulmannianis
1139 1488 1317 1519 invaluerat
1337 1502 1405 1530 qua,
1425 1498 1495 1530 quae
1517 1499 1661 1521 commu-

343 1546 392 1580 nis
409 1545 482 1582 esset
499 1545 599 1581 rati03
622 1542 705 1573 forte
727 1554 763 1573 ea
779 1553 843 1573 non
859 1542 968 1579 leetio,
989 1541 1040 1572 sed
1056 1540 1200 1582 sphalma
1216 1539 1394 1571 librarium.
1437 1551 1495 1582 quae
1505 1547 1530 1570 et
1544 1539 1663 1582 fragm.

344 1599 470 1628 NIoret.
513 1598 556 1627 cui
581 1596 632 1626 vel
656 1598 716 1636 quoi
749 1594 925 1635 conjecerat
949 1593 1061 1625 Heius.
1123 1599 1202 1622 terra
1229 1602 1311 1622 unus
1343 1591 1459 1622 Mead.
1515 1592 1666 1632 obverterat

345 1648 483 1684 Mentel.
497 1659 545 1690 pr.
565 1647 664 1678 Goth.
681 1657 728 1687 pr.
772 1649 907 1676 averterit
919 1645 1014 1676 Leid.
1033 1655 1079 1685 pr.
1174 1645 1287 1682 272.in
1304 1646 1399 1673 teneris
1418 1643 1534 1673 Medic.
1553 1650 1584 1674 et
1596 1654 1664 1684 me-

343 1700 448 1730 liores.
493 1713 510 1729 α
535 1701 630 1729 teneris
654 1697 719 1734 alii,
743 1696 787 1727 ait
812 1695 976 1726 Heinsius:
1007 1706 1064 1725 nec
1081 1703 1189 1725 tamen
1205 1694 1273 1724 vidi
1304 1693 1344 1724 fic
1366 1694 1500 1731 editum,
1524 1701 1578 1725 aut
1601 1693 1666 1725 lec-

344 1758 434 1789 tum3
460 1750 515 1781 nifi
532 1750 618 1791 quod
635 1749 759 1779 Pierius
779 1747 948 1789 praefixum
964 1747 1061 1777 habet
1078 1754 1245 1787 tamquam
1264 1745 1309 1776 ita
1338 1745 1372 1776 in
1394 1745 1493 1782 edim,
1518 1756 1582 1793 quo
1593 1752 1665 1776 ute-

343 1803 449 1840 batur,
473 1803 605 1837 lectum.
651 1804 699 1832 At
727 1800 856 1831 excitari
885 1800 961 1831 solet
996 1810 1014 1829 a
1043 1798 1276 1829 Grammaticis
1301 1810 1320 1828 a
1347 1801 1457 1835 teneris,
1481 1804 1512 1828 et
1534 1797 1582 1828 'est
1607 1797 1664 1830 illa

345 1857 482 1886 varietas
498 1856 529 1886 in
550 1854 706 1898 QinCtil.
724 1856 748 1891 1,
772 1863 802 1892 3,
823 1863 872 1892 13,
898 1853 951 1884 ubi
977 1852 1083 1883 versus
1102 1851 1270 1883 laudatur:
1296 1859 1331 1882 ut
1344 1850 1476 1881 omnino
1492 1852 1665 1882 Gramma-

344 1909 423 1938 ticos
447 1907 543 1948 vulgo
568 1920 585 1936 a
615 1908 712 1936 tmesis
744 1904 879 1935 laudasse
907 1904 1072 1946 probabile
1099 1902 1147 1934 fit.
1209 1916 1228 1933 a
1260 1905 1358 1933 teneris
1384 1902 1524 1945 affilefiere
1549 1903 1666 1933 multum

345 1958 452 1989 Schol.
482 1959 594 1988 Horat.
621 1959 730 1987 Carni.
757 1958 812 1993 111,
838 1965 890 1993 11,
911 1967 941 1996 9.
988 1956 1166 1996 mopsuest-ere
1185 1954 1304 1996 fragm.
1332 1954 1456 1984 Moret.
1502 1952 1666 1995 multumss

346 2013 443 2041 Rom.
462 2009 734 2047 Pierii.—--273.
755 2015 804 2038 aut
822 2009 908 2050 plano
936 2007 1064 2048 Zulich.
1112 2009 1195 2036 vitem
1220 2005 1328 2046 Heinfi
1353 2016 1368 2036 e
1392 2004 1515 2035 Medic.
1542 2012 1574 2035 et
1597 2005 1664 2036 alii.

345 2065 415 2092 vites
432 2061 540 2102 vulgo.
572 2061 616 2103 stt
631 2072 748 2101 quaercre
763 2062 832 2088 vites
849 2059 898 2089 cd.
914 2061 1163 2096 Ven.——274.
1188 2058 1219 2087 δι’
1235 2056 1360 2087 MediC.
1379 2068 1397 2087 a
1421 2067 1466 2087 m.
1495 2056 1552 2088 sec.
1576 2055 1667 2088 addi-

347 2122 430 2146 tum.
476 2115 553 2155 agris
569 2113 667 2143 met-ib.
687 2118 792 2153 campos
811 2110 895 2142 Gud.
941 2110 1090 2140 mercabere
1105 2119 1163 2152 pro
1181 2118 1245 2138 var.
1263 2108 1337 2139 lect.
1357 2110 1476 2140 Moret.
1495 2117 1544 2150 pr.

1040 2223 1130 2260 lum.
1162 2221 1215 2267 V,
1245 2224 1282 2264 6,
1309 2234 1369 2271 19.
1402 2233 1451 2259 20
1482 2219 1578 2257 hunc
1609 2220 1667 2258 10...

1040 2288 1122 2312 cum
1144 2273 1181 2311 in
1201 2273 1321 2310 animo
1341 2271 1480 2309 habuit.
1534 2271 1592 2308 De
1610 2285 1666 2308 ar·

1040 2325 1187 2362 boribus
1204 2325 1352 2362 omnino
1362 2323 1484 2361 eadem
1494 2336 1550 2373 ap.
1570 2322 1667 2366 Plin,

346 2243 444 2271 nera,
495 2225 639 2263 malleali
675 2224 739 2262 ‘vel
768 2224 974 2262 viviradicis

349 2278 553 2316 Columella
598 2277 670 2321 ΙΙΙ,
712 2289 771 2320 14,
818 2288 864 2318 23
898 2276 974 2312 haec

348 2330 428 2367 sunt
449 2333 596 2377 semina.
668 2332 753 2366 268.
800 2327 976 2364 Μιιῖαίαηι

333 2381 448 2432 subito
470 2392 621 2423 mata-em,
634 2393 779 2423 novam,
797 2378 975 2428 ignotam,

350 2443 493 2469 terram.
561 2448 600 2467 ne
615 2438 774 2482 ignorent,
814 2430 974 2479 adeoque

350 2499 415 2521 nee
435 2483 654 2525 adsuescant,
683 2495 747 2518 nec
776 2481 813 2518 in
838 2494 879 2518 ea
894 2494 975 2531 pro-

351 2537 489 2580 ficiunt,
519 2534 608 2571 nihil
627 2533 752 2570 ferant.

404 2590 620 2637 269—272.
650 2585 845 2622 Provident
884 2597 974 2634 quo-

350 2653 434 2688 que,
462 2638 523 2688 qni
543 2637 629 2673 vites
648 2638 822 2686 plantant,
851 2645 889 2673 ut
908 2635 975 2672 res-

350 2691 485 2727 tituant
518 2701 804 2737 unamquamque
845 2687 971 2724 eodem

350 2743 433 2786 situ,
451 2741 637 2778 cardinum
657 2739 735 2776 caeli
754 2739 892 2775 ratione
910 2739 971 2774 ha-

350 2792 443 2836 bita,
471 2805 543 2842 quo
577 2791 614 2827 in
647 2789 838 2827 seminario
872 2790 972 2826 stete-

351 2856 444 2882 rant.
472 2859 606 2894 quaeque
641 2842 762 2891 paullo
791 2841 896 2878 altius
928 2841 973 2877 ad

348 2896 481 2940 arbores
499 2909 530 2933 v.
554 2898 621 2945 267
640 2893 879 2935 referendum,
899 2892 975 2935 Co-

1041 2377 1172 2419 XVII,
1201 2377 1227 2414 s.
1270 2377 1327 2414 16.
1364 2379 1441 2419 axi,
1469 2376 1556 2425 polo
1589 2374 1666 2426 sep-

1040 2428 1262 2466 temtrionali
1279 2443 1289 2472 3
1316 2427 1352 2463 vi
1370 2426 1536 2477 oppofiti.

1093 2493 1180 2530 273·
1202 2493 1287 2530 274.
1316 2479 1370 2516 Ut
1388 2479 1499 2527 vulgo
1517 2478 1592 2514 haec
1605 2490 1667 2515 ac-

1039 2531 1239 2582 cipiuntur,
1266 2531 1354 2568 fitne
1378 2530 1506 2567 melius
1524 2528 1668 2569 vineam

1040 2583 1079 2620 in
1105 2583 1211 2626 colle,
1240 2595 1284 2621 an
1312 2582 1348 2619 in
1375 2594 1504 2631 campo
1522 2579 1670 2618 facere?

1040 2634 1117 2671 hiat
1156 2634 1302 2677 oratio:
1334 2646 1397 2670 nec
1431 2632 1528 2668 enim
1564 2632 1670 2674 locus,

1040 2686 1106 2722 effe
1124 2685 1266 2722 videtur
1286 2685 1370 2721 huic
1389 2682 1598 2733 quaestioni:
1630 2690 1670 2720 et

1036 2747 1228 2787 utrumque
1259 2746 1296 2775 et
1331 2736 1422 2772 reete
1440 2735 1493 2778 fit,
1520 2743 1557 2770 et
1591 2733 1670 2781 fieri

1035 2789 1163 2839 potest,
1182 2797 1216 2824 et
1230 2799 1445 2838 quamquam
1465 2790 1576 2834 campi
1590 2785 1669 2828 lan„

1060 2846 1108 2876 ius
1150 2845 1285 2881 vinum,
1310 2838 1401 2876 colles
1440 2836 1580 2882 nobilius
1601 2839 1666 2887 fin:

1036 2902 1129 2937 runt,
1157 2890 1292 2935 Pallad.
1312 2889 1345 2936 I,
1365 2889 1404 2940 6,
1423 2902 1460 2941 7.
1489 2887 1664 2935 Geopon.

1553 2937 1684 2991 vm„
