1821 3381
383 305 832 355 GEORGICO
856 307 923 362 N,
984 305 1137 353 LIB.
1184 306 1250 352 ΙΙ.

1381 320 1474 367 327

162 438 405 503 Scipiadas
429 440 569 487 duros
594 440 738 498 bello,
762 452 806 487 et
831 452 891 497 te,
915 456 1137 487 maxume
1163 439 1334 496 Caesar‚
1390 455 1479 503 170

160 531 262 596 Qi
287 548 410 578 nunc
436 533 659 579 extremis
683 533 812 580 Asiae
828 533 932 598 jam
957 536 1109 589 viQor
1132 535 1182 581 in
1207 536 1300 582 oris

160 620 398 671 Inbellem
421 623 589 669 avertis
616 622 846 669 Romanis
871 625 1057 670 arcibus
1080 625 1271 673 Indum.

155 715 310 772 Salve,
332 733 506 781 magna
527 733 694 781 parens
721 719 928 781 frugum,
955 719 1171 765 Saturnia
1193 718 1345 774 tellus,

204 862 276 892 170.
299 857 425 885 maxima
448 855 534 886 Gud-

630 867 700 895 171.
721 858 852 887 extremis
867 858 950 886 adem
968 857 1067 887 Goth.
1093 867 1140 898 pr.

1235 866 1304 896 172.
1332 860 1363 887 It:
1379 858 1474 888 bellum

157 905 280 934 ecl-:tertis
307 905 438 936 Vratifl.
490 908 597 936 artibus
624 907 688 943 duo
719 908 804 951 apud
830 907 1024 943 Martinum,
1049 907 1135 948 quod
1161 919 1199 938 ex
1222 909 1300 939 AEn.
1325 910 1383 947 VI,
1410 908 1471 949 853

156 954 292 996 probare
311 955 404 995 velle,
424 956 516 996 ludus
531 956 618 988 effet.

155 1072 285 1109 veruti,
313 1066 350 1102 h.
383 1066 488 1103 hastae
520 1080 665 1117 genere,
691 1084 780 1106 veru

152 1118 268 1163 (veru
288 1117 458 1155 Sabellum
475 1118 562 1156 AEn.
582 1118 672 1163 VH,
706 1121 777 1170 665

151 1166 284 1215 dixit),
310 1168 369 1212 seu
389 1170 460 1206 telo
479 1180 620 1214 veruto,
637 1171 777 1208 armati.

153 1219 316 1269 Apparet
373 1231 510 1264 autem,
563 1222 662 1271 quod
711 1222 779 1263 ,usu

152 1271 338 1308 [communi
373 1271 585 1322 simpliciter
619 1284 778 1310 verutum

151 1332 317 1366 vocatur,
344 1323 410 1360 effe
434 1325 579 1374 proprie
612 1334 776 1362 verutum

150 1373 264 1410 telum
297 1374 354 1410 vel
379 1375 557 1423 jaculum,
601 1389 687 1413 veru
719 1376 775 1412 in-

149 1424 321 1462 struetum
339 1438 380 1462 ac
408 1427 602 1464 munitum.
648 1430 775 1478 διψία-

149 1477 211 1511 das
237 1477 332 1514 duros
361 1477 443 1514 bello
467 1478 504 1516 h.
524 1478 714 1521 induratos
730 1479 778 1523 ad

149 1525 298 1566 bellum.

207 1592 419 1630 170—-173,
449 1579 504 1617 Ut
533 1580 664 1623 horum
692 1595 775 1619 ver-

149 1629 251 1667 suum
282 1630 464 1668 sententiaa
499 1631 586 1669 fides
620 1635 771 1676 constet,

148 1695 232 1719 cum
268 1681 383 1719 Ruaeo
427 1693 463 1720 et
499 1684 648 1721 Catroeo
681 1685 771 1721 Bur-

147 1746 298 1770 mannus
314 1746 372 1770 eos
389 1734 499 1771 altera
523 1735 771 1786 recognitione

147 1784 295 1821 insertos
312 1784 378 1821 effe
395 1785 527 1830 credit,
546 1787 595 1824 U.
613 1788 659 1834 C,
683 1801 772 1839 734,

145 1849 219 1885 quo
254 1836 433 1886 Augustus
459 1837 498 1874 in
527 1838 609 1875 Afia
636 1839 731 1888 signa
750 1853 771 1876 a

147 1884 287 1924 Parthis
321 1887 456 1938 recepit
488 1899 524 1926 et
555 1889 678 1937 Medis
708 1904 770 1940 pa-

144 1952 223 1977 cem
241 1938 355 1976 dedit.
409 1939 469 1976 Est
485 1940 576 1977 adeo
602 1941 656 1978 vir
683 1941 770 1978 doc-

144 2001 216 2033 tus,
243 1990 308 2039 qui
327 1990 387 2027 vfl'.
424 2005 508 2042 171.
543 2006 611 2043 172
642 1993 770 2030 tollen-

140 2042 208 2078 dos
241 2041 307 2080 effe
337 2041 490 2084 censeat,
527 2057 608 2081 cum
645 2058 708 2081 nec
735 2058 769 2093 a.

143 2106 219 2144 724
245 2106 310 2129 nec
340 2106 415 2143 734
435 2093 516 2131 saris
535 2095 764 2134 con-veniant.

141 2143 392 2195 Cogitandum
418 2155 533 2182 tamen
574 2158 666 2190 erar,
702 2161 766 2186 nos

140 2195 180 2232 in
229 2200 351 2245 poeta,
397 2210 469 2233 non
511 2197 550 2234 in
593 2199 763 2239 historico

140 2247 297 2291 versari3
342 2247 530 2297 versusque
574 2250 639 2287 effe
689 2260 764 2288 tam

139 2299 340 2348 praeclaros,
382 2309 420 2335 ut
455 2300 518 2336 vix
552 2300 596 2337 ab
639 2301 765 2351 aliquo

138 2349 395 2400 interpolatore
411 2363 471 2387 eos
489 2351 668 2400 profelstos
694 2353 761 2391 effe

137 2401 333 2439 arbitreris.
404 2401 516 2453 Qod
558 2414 676 2442 autem
713 2405 760 2441 ad

135 2465 216 2490 eam
248 2451 460 2502 opinionem
505 2455 648 2500 attinet,
687 2469 759 2506 qua

135 2504 267 2541 seriore
285 2516 392 2540 manu
410 2503 454 2540 ab
473 2502 550 2555 ipso
575 2511 682 2556 poeta
705 2510 760 2544 in-

136 2555 219 2592 serti
230 2555 295 2591 effe
313 2564 484 2604 putantur
500 2570 507 2593 :
534 2557 703 2607 equidem
720 2559 759 2595 in

133 2607 232 2643 bono
249 2610 358 2654 poeta
372 2606 433 2642 vix
449 2606 518 2644 hoc
533 2608 758 2659 probandum

133 2657 284 2708 putabo,
311 2657 336 2694 fi
368 2657 496 2694 diverfi
532 2660 702 2710 temporis
720 2661 759 2701 in

133 2711 264 2746 eodem
298 2708 459 2747 carmine
494 2710 642 2760 vestigia
676 2713 757 2750 reli-

133 2759 266 2810 querit.
320 2761 372 2796 At
391 2773 455 2797 nec
479 2761 543 2798 tali
562 2762 756 2807 suspicioni

132 2811 234 2852 locus
274 2811 336 2855 est,
379 2811 604 2863 spee‘tantque
636 2825 671 2852 et
716 2815 755 2853 hi

133 2862 250 2910 versus
275 2863 320 2900 ad
347 2862 489 2910 eosdem
520 2876 645 2910 annOS,
669 2879 756 2918 quos

847 1069 885 1105 in
903 1069 983 1106 aliis
1002 1068 1272 1120 Georgicorum
1283 1070 1373 1108 Iocis
1389 1070 1471 1109 sub-

845 1121 1027 1164 innuerat,
1058 1135 1145 1171 724.
1167 1137 1238 1174 725
1269 1123 1312 1159 ab
1333 1123 1383 1161 U.
1406 1124 1470 1168 C.‚

845 1173 957 1209 modo
984 1178 1143 1222 poetam,
1174 1184 1213 1211 ut
1242 1174 1330 1211 alibi
1364 1174 1469 1219 facit,

845 1237 880 1261 v.
898 1237 931 1260 c.
947 1223 1087 1274 Georg.
1109 1225 1166 1261 III
1179 1239 1250 1275 pr.,
1277 1226 1471 1276 magnifice

845 1270 970 1313 efferre
1004 1286 1040 1311 et
1072 1289 1198 1312 ornare
1241 1277 1379 1327 cogites
1412 1278 1468 1321 id,

841 1329 940 1376 quod
977 1340 1059 1364 vere
1091 1328 1185 1364 nihil
1225 1329 1324 1365 aliud
1378 1339 1468 1374 erat,

840 1391 949 1428 quam
963 1381 1060 1428 quod
1088 1379 1209 1416 Caesar
1225 1393 1269 1416 ex
1286 1382 1468 1430 AEgypto,

840 1443 912 1478 quo
931 1431 1051 1480 paullo
1069 1432 1144 1481 post
1159 1444 1315 1481 pugnam
1342 1432 1467 1470 Aelia-

840 1494 920 1518 cam
943 1482 1142 1519 Brundusio
1178 1484 1378 1531 trajecerat,
1404 1497 1469 1535 per

842 1532 983 1581 Syriam
1011 1533 1050 1573 in
1077 1533 1198 1570 Afiam
1215 1534 1285 1572 iter
1302 1534 1403 1580 fecit,
1429 1546 1467 1574 et

839 1583 957 1621 hieme
1002 1585 1048 1622 ad
1086 1586 1305 1636 Euphratem
1340 1589 1466 1626 exasta

840 1635 935 1672 Afiae
970 1649 1022 1673 res
1056 1637 1254 1677 constituit.
1300 1653 1335 1677 v,
1375 1639 1466 1678 Vita

838 1685 875 1721 V
878 1687 978 1737 irgil.
997 1689 1043 1724 ad
1063 1703 1096 1725 a.
1117 1703 1205 1739 724.
1261 1690 1388 1741 Itaque
1404 1708 1464 1729 ex-

836 1747 948 1776 tremis
967 1745 1076 1777 υίέῖον
1094 1747 1128 1777 in
1149 1748 1209 1781 Qr1's
1227 1743 1335 1791 Asiae,
1353 1742 1464 1793 usque

835 1790 882 1826 ad
921 1791 1139 1841 Euphratem
1169 1794 1381 1843 progressu-S,
1426 1805 1462 1832 et

835 1841 959 1879 Indum
992 1850 1134 1887 avertit,
1170 1845 1257 1892 dum
1290 1846 1462 1895 praefidiis

835 1891 933 1939 fines,
961 1894 997 1941 h.
1030 1895 1134 1932 urbes
1158 1895 1194 1931 in
1228 1896 1373 1941 finibus,
1401 1899 1460 1935 fir-

834 1956 920 1993 mat.
979 1948 1096 1983 [ndum
1113 1947 1287 1993 imbellem,
1316 1959 1354 1986 ut
1384 1950 1459 1988 Ge.

832 1994 866 2043 I,
901 2010 942 2046 57
981 1998 1087 2035 molles
1123 1999 1243 2036 Sabaei
1271 2010 1306 2037 et
1337 2014 1460 2044 omnes

833 2046 926 2084 Afiae
956 2050 1002 2086 ad
1029 2049 1199 2092 Austrum
1219 2051 1326 2088 versae
1342 2065 1458 2103 popu-

830 2097 856 2140 li
874 2110 882 2134 :
913 2100 1019 2149 petiit
1038 2099 1124 2146 hinc
1146 2100 1293 2140 Nemes.
1310 2103 1456 2156 Cyneg.

831 2163 881 2199 74
898 2151 1203 2203 Imbellem-filgam
1230 2154 1455 2196 Parthorum.

830 2202 982 2245 Novum
997 2205 1079 2241 effet
1095 2204 1257 2243 imbellem
1275 2207 1453 2258 accipere,

828 2254 927 2299 nulla
954 2255 1030 2303 jam
1060 2255 1212 2306 amplius
1243 2257 1335 2298 bella
1377 2268 1453 2296 ten-

826 2315 976 2353 tantem,
1011 2306 1163 2352 scilicet,
1206 2310 1305 2359 quod
1353 2324 1453 2348 arma

824 2366 885 2393 tua
905 2368 1107 2402 rever-etum
1134 2369 1174 2407 ut
1201 2359 1366 2399 Reifkius
1384 2362 1454 2400 eti-

825 2421 883 2444 am
913 2409 1127 2459 accipiebat.
1181 2413 1282 2450 Arces
1307 2413 1353 2450 de
1370 2414 1451 2450 fini-

822 2459 888 2496 bus
921 2459 1012 2503 dici,
1039 2461 1146 2499 docet
1177 2462 1326 2502 Burm.:
1369 2464 1448 2503 scil.

823 2520 993 2560 quatenus
1010 2511 1036 2549 ii
1055 2512 1197 2552 arcibus
1222 2525 1259 2552 et
1277 2515 1450 2567 praesidiis

822 2561 956 2611 muniri
971 2562 1098 2603 solent.
1286 2577 1288 2579 ’

879 2611 1097 2667 173—176.
1119 2615 1322 2668 Tamquam
1341 2619 1448 2667 deam

822 2666 978 2714 appellat
991 2666 1147 2704 Italiam.
1202 2670 1265 2707 tibi
1285 2671 1323 2707 in
1340 2682 1443 2711 tuum

822 2716 1010 2760 honorem,
1044 2729 1105 2755 aut
1139 2720 1192 2757 tui
1232 2721 1361 2771 gratia,
1389 2731 1442 2761 in-

817 2769 964 2818 gredior,
992 2769 1201 2819 adgredior,
1229 2773 1350 2811 dicere
1384 2776 1441 2813 in.

819 2818 941 2861 stituo‚
969 2836 1018 2857 res
1056 2828 1205 2872 antique
1254 2825 1364 2873 laudis
1407 2837 1441 2864 et

817 2877 919 2921 artis.
943 2883 1018 2919 rem
1045 2871 1212 2918 rusticam.
1234 2877 1327 2926 apud
1366 2891 1440 2923 ma-

1342 2942 1440 2987 1μυζεξ
