1987 3361
436 327 668 366 xxxv111
817 304 1321 365 PRAEFAT10‚
1362 303 1464 357 oce,

436 449 740 520 punefione.
803 445 1084 496 Constituit
1109 444 1285 514 itaque
1300 443 1418 514 jure
1441 441 1531 495 suo
1549 444 1749 496 Brunc-

438 541 562 593 kius
592 557 794 590 exarare
806 537 1088 607 Virgilium
1108 534 1353 604 scriptura
1378 533 1649 595 constanti,
1669 535 1750 586 in-

441 628 729 701 primisque
779 627 839 678 ad
893 641 1120 678 veterem
1176 625 1431 678 rationem
1483 636 1752 685 revocata3

444 739 545 791 qun
574 720 635 770 de
663 739 713 770 re
740 718 867 789 quid
897 717 1029 769 mihi
1055 718 1214 788 longo
1241 735 1413 769 rerum
1439 714 1534 768 usu
1559 713 1756 770 edotsto

443 824 774 881 compertum
802 810 876 869 fit,
905 809 1053 880 supra
1075 809 1311 881 exposui.

521 903 761 974 Contigit
799 900 932 953 mihi
984 901 1262 972 caeteroqui
1307 920 1364 952 ea
1415 898 1639 961 fortuna,
1696 913 1757 953 ut

447 994 684 1048 leetionis
725 993 1026 1063 Virgilianae
1066 993 1271 1044 annales
1311 993 1497 1044 melius
1540 993 1760 1046 condere

446 1083 667 1156 possem,
698 1102 856 1154 quam
877 1084 930 1135 in
952 1085 1118 1154 priore
1141 1083 1384 1134 editione.
1445 1085 1590 1136 Cum
1616 1085 1760 1138 enim

449 1193 632 1226 omnes
681 1174 901 1226 Aldinas
963 1173 1024 1226 ad
1069 1192 1251 1226 manus
1298 1174 1560 1234 haberem,
1612 1195 1761 1227 com-

447 1267 716 1339 paratione
753 1266 988 1337 diligenti
1044 1264 1181 1318 faeta
1231 1266 1482 1325 intellexi,
1536 1267 1762 1328 tertiam,

452 1378 481 1411 a
508 1359 774 1430 Naugerio
800 1359 1147 1420 emendatam,
1190 1361 1435 1411 omnium
1460 1359 1556 1413 esse
1582 1377 1763 1412 emen-

451 1449 780 1509 datiflimam,
807 1461 855 1500 et
897 1449 1096 1501 Heinfii
1133 1469 1286 1522 opera
1321 1452 1632 1522 plerumque
1669 1470 1769 1504 nos

453 1537 772 1611 supersedere
799 1540 1033 1610 potuifle,
1074 1540 1108 1593 fi
1136 1560 1251 1592 eam
1277 1542 1560 1594 editionem
1588 1543 1767 1614 expri-

454 1650 593 1682 mere
618 1630 863 1682 curaffent
903 1631 1122 1684 editores
1150 1631 1533 1702 insequentium
1562 1647 1770 1707 tempo-

454 1741 605 1781 tum3
647 1735 697 1772 at
749 1723 973 1774 maluere
1024 1723 1103 1773 illi
1153 1721 1217 1774 ad
1265 1725 1478 1793 antiqua
1514 1726 1680 1797 redire
1717 1739 1768 1779 et

456 1813 677 1864 Aldinas
692 1812 906 1883 priores,
942 1812 1364 1883 Florentinaique
1386 1831 1448 1863 ex
1474 1813 1536 1865 iis
1559 1813 1765 1878 dubias,

457 1902 783 1955 excudendas
822 1903 1015 1956 tradere
1053 1904 1242 1975 operiS,
1297 1916 1383 1955 aut
1435 1922 1500 1956 ex
1550 1918 1770 1977 utraque

459 1993 671 2054 Aldina,
713 1994 882 2065 priore
935 2007 985 2046 et
1024 1995 1188 2056 tertia,
1242 2013 1432 2047 novam
1483 1996 1770 2050 leetionem

459 2086 746 2139 miseellam
816 2087 1061 2140 conflare.
1179 2088 1377 2140 Verum
1446 2086 1509 2138 de
1570 2085 1650 2139 his
1712 2106 1767 2139 v.

461 2175 560 2230 inf.
607 2177 669 2227 de
714 2176 852 2230 Edd.
901 2179 1008 2232 Ser.
1049 2178 1318 2251 Gottingae
1361 2179 1449 2231 M.
1492 2176 1774 2233 Decembri

465 2284 930 2323 MDchxvau.
