1987 3361
340 307 604 361 NOVAE
647 306 1120 360 EDITIONIS.
1281 325 1390 361 xxt

81 467 267 524 parum
294 450 530 502 utilitatis
555 448 619 501 ad
639 448 770 519 ipsas
795 449 990 499 litteras
1013 460 1060 497 et
1084 447 1391 497 litteratores

81 539 336 613 proficisci
354 542 507 593 video
528 566 543 600 ς
567 538 997 611 quandoquidem
1014 537 1230 590 nonnisi
1259 557 1393 608 opu-

81 631 232 682 lentis
258 630 556 682 hominibus
579 631 698 682 talia
717 643 954 701 appetere
974 629 1119 688 licet;
1143 643 1192 680 at
1214 641 1393 680 emunt

80 723 159 774 illi
179 742 312 775 vano
334 722 521 783 studio,
543 723 674 773 utin
700 721 914 793 pulpitis
940 734 987 772 et
1009 721 1246 772 cancellis
1276 739 1394 791 pre-

0 823 4 827 ’
81 813 231 866 tiosas
258 812 347 865 has
383 821 526 884 opes,
566 832 630 863 ne
656 811 910 884 inspectas
941 811 1177 883 quidem,
1219 812 1395 863 occlu-

82 901 240 962 dant3
282 902 426 953 nolui
454 914 625 952 tamen
655 901 814 952 deeffe
836 901 1030 953 librarii
1054 901 1205 959 votis,
1234 912 1394 971 utque

79 994 253 1064 aliqua
278 992 454 1044 saltem
485 993 667 1044 lectori
696 1009 816 1041 cum
843 990 1105 1061 voluptate
1135 1004 1396 1060 pararetur

74 1086 294 1146 utilitas,
314 1085 589 1155 diligenter
614 1080 905 1153 conquisivi
931 1094 980 1132 et
1008 1080 1174 1151 delegi
1200 1101 1391 1134 monu-

80 1190 253 1230 menta
277 1177 510 1248 antiqua,
553 1193 670 1246 quae
698 1192 820 1225 cum
863 1172 1012 1224 versu
1046 1173 1225 1243 aliquo
1267 1173 1390 1225 Vir-

78 1271 272 1342 giliano
321 1268 454 1321 forte
506 1267 841 1320 convenirent
864 1290 879 1325 3
921 1264 1099 1317 saltem
1152 1279 1208 1316 ut
1258 1266 1392 1318 lusui

78 1360 344 1434 ingenioso
379 1361 527 1412 locus
553 1356 690 1410 esset.
773 1355 977 1426 Subjeci
1006 1355 1281 1407 Volumini
1308 1357 1390 1407 ul...

77 1455 209 1506 tirno
243 1452 410 1505 fontes
438 1452 625 1504 horum
653 1461 1102 1508 ornamentorum,
1133 1447 1270 1498 unde
1296 1467 1389 1518 pe-

78 1547 171 1598 tita
218 1545 333 1597 fint.
432 1543 489 1596 Id
538 1541 753 1614 quidem
810 1558 985 1591 cavere
1028 1539 1190 1599 volui,
1231 1559 1296 1590 ne
1334 1540 1389 1593 in

77 1638 259 1690 eadem
303 1648 604 1708 argumenta
659 1631 863 1685 artificis
916 1650 1070 1702 opera
1121 1631 1388 1694 incideret,

77 1748 196 1801 quae
216 1729 328 1800 jam
353 1728 403 1778 in
432 1724 745 1777 editionibus
774 1742 864 1794 per
882 1723 1128 1791 Knapton
1152 1734 1200 1773 et
1225 1723 1388 1774 Sand-

75 1822 166 1894 by,
209 1821 354 1892 Edge
381 1821 507 1872 Pine
533 1832 581 1870 et
617 1818 782 1868 Henr.
805 1813 994 1880 justice
1021 1814 1207 1865 curatis
1243 1814 1387 1884 pros-

74 1925 219 1973 tant,·
259 1914 502 1985 pleraque
529 1928 713 1982 parurn
741 1919 825 1959 aut
856 1903 989 1957 nihil
1018 1904 1079 1955 ad
1098 1906 1385 1975 Virgilium

75 2004 348 2066 facientum
390 2004 482 2056 nisi
510 2003 648 2075 quod
682 2001 860 2053 oculos
902 1998 1031 2049 forte
1058 1998 1273 2068 legentis
1306 2012 1384 2049 te-

73 2111 244 2150 neant.
322 2096 607 2163 Jucundius
647 2092 824 2144 auditu
867 2088 987 2148 fuit,
1031 2088 1170 2159 quod
1222 2089 1381 2140 libra-

73 2189 175 2240 rius
225 2188 431 2258 recepit,
474 2183 664 2236 chartae
711 2196 759 2232 et
800 2182 1086 2231 litterarum
1126 2179 1292 2230 nitore
1332 2179 1382 2231 se

72 2279 300 2331 virorum
343 2276 734 2347 elegantiorum,
777 2270 1016 2341 inprimis
1058 2283 1375 2332 exterorum,

71 2372 207 2423 votis
233 2371 329 2423 esse
357 2369 471 2421 satis
500 2368 797 2422 fa&urum;
839 2381 962 2414 nam
994 2362 1261 2424 nostrates,
1287 2366 1377 2434 qui

69 2461 261 2512 litteras
297 2472 490 2519 amant,
533 2459 593 2509 de
621 2457 834 2509 internis
869 2454 1122 2505 librorum
1166 2454 1374 2508 dotibus

71 2555 237 2624 magis
273 2551 473 2603 solliciti
498 2549 592 2601 esse
618 2548 797 2600 solent.

147 2645 289 2697 Cum
318 2644 371 2695 in
414 2643 580 2715 priore
611 2642 839 2693 editione
870 2639 1151 2690 tentionem
1200 2639 1372 2691 Hein-

72 2735 262 2791 fianarn
293 2755 320 2787 a
352 2737 650 2788 Burmanno
677 2731 1005 2784 constitutam
1041 2730 1251 2782 reddere
1280 2730 1372 2782 de-

69 2826 349 2889 crevissem,
366 2825 498 2880 nihil
523 2837 720 2879 mutare
745 2824 1031 2884 volueram,
1059 2821 1152 2875 nisi
1172 2823 1226 2873 in
1253 2841 1385 2874 mas

1166 2910 1365 2970 nifestis
