<?xml version="1.0" encoding="UTF-8"?>
<!DOCTYPE html PUBLIC "-//W3C//DTD XHTML 1.0 Transitional//EN"
    "http://www.w3.org/TR/xhtml1/DTD/xhtml1-transitional.dtd">
<html xmlns="http://www.w3.org/1999/xhtml" xml:lang="en" lang="en">
 <head>
  <title>
</title>
<meta http-equiv="Content-Type" content="text/html;charset=utf-8" />
  <meta name='ocr-system' content='tesseract 3.04.00' />
  <meta name='ocr-capabilities' content='ocr_page ocr_carea ocr_par ocr_line ocrx_word'/>
</head>
<body>
  <div class='ocr_page' id='page_1' title='image "./operavarietatele01virguoft_0641.png"; bbox 0 0 1821 3381; ppageno 0'>
   <div class='ocr_carea' id='block_1_1' title="bbox 362 367 1442 437">
    <p class='ocr_par' dir='ltr' id='par_1_1' title="bbox 362 367 1442 437">
     <span class='ocr_line' id='line_1_1' title="bbox 362 367 1442 437; baseline 0.002 -18"><span class='ocrx_word' id='word_1_1' title='bbox 362 368 908 426; x_wconf 79' lang='lat' dir='ltr'>GEORGICON,</span> <span class='ocrx_word' id='word_1_2' title='bbox 963 367 1116 417; x_wconf 69' lang='grc' dir='ltr'>ΜΒ.</span> <span class='ocrx_word' id='word_1_3' title='bbox 1171 371 1242 420; x_wconf 89' lang='lat'>11.</span> <span class='ocrx_word' id='word_1_4' title='bbox 1346 374 1442 437; x_wconf 71' lang='lat'>367</span> 
     </span>
    </p>
   </div>
   <div class='ocr_carea' id='block_1_2' title="bbox 131 496 1443 566">
    <p class='ocr_par' dir='ltr' id='par_1_2' title="bbox 131 496 1443 566">
     <span class='ocr_line' id='line_1_2' title="bbox 131 496 1443 566; baseline 0.001 -19"><span class='ocrx_word' id='word_1_5' title='bbox 131 498 198 547; x_wconf 87' lang='lat' dir='ltr'>Et</span> <span class='ocrx_word' id='word_1_6' title='bbox 212 496 316 563; x_wconf 87' lang='lat' dir='ltr'>jam</span> <span class='ocrx_word' id='word_1_7' title='bbox 337 496 533 544; x_wconf 86' lang='lat' dir='ltr'>maturis</span> <span class='ocrx_word' id='word_1_8' title='bbox 558 497 838 544; x_wconf 88' lang='lat' dir='ltr'>metuendus</span> <span class='ocrx_word' id='word_1_9' title='bbox 864 497 1087 561; x_wconf 77' lang='lat' dir='ltr'>Juppiter</span> <span class='ocrx_word' id='word_1_10' title='bbox 1109 499 1230 546; x_wconf 89' lang='lat' dir='ltr'>uvis.</span> <span class='ocrx_word' id='word_1_11' title='bbox 1346 517 1443 566; x_wconf 81' lang='lat'>419</span> 
     </span>
    </p>
   </div>
   <div class='ocr_carea' id='block_1_3' title="bbox 129 589 1444 1024">
    <p class='ocr_par' dir='ltr' id='par_1_3' title="bbox 129 589 1444 1024">
     <span class='ocr_line' id='line_1_3' title="bbox 199 589 1402 657; baseline 0.002 -20"><span class='ocrx_word' id='word_1_12' title='bbox 199 591 392 646; x_wconf 86' lang='lat' dir='ltr'>Contra,</span> <span class='ocrx_word' id='word_1_13' title='bbox 415 604 511 636; x_wconf 90' lang='lat' dir='ltr'>non</span> <span class='ocrx_word' id='word_1_14' title='bbox 534 589 629 635; x_wconf 89' lang='lat' dir='ltr'>ulla</span> <span class='ocrx_word' id='word_1_15' title='bbox 653 589 718 635; x_wconf 89' lang='lat' dir='ltr'>est</span> <span class='ocrx_word' id='word_1_16' title='bbox 740 590 857 636; x_wconf 90' lang='lat' dir='ltr'>oleis</span> <span class='ocrx_word' id='word_1_17' title='bbox 883 591 1092 639; x_wconf 86' lang='lat' dir='ltr'>cultura:</span> <span class='ocrx_word' id='word_1_18' title='bbox 1129 608 1280 657; x_wconf 88' lang='lat' dir='ltr'>neque</span> <span class='ocrx_word' id='word_1_19' title='bbox 1303 592 1402 641; x_wconf 87' lang='lat' dir='ltr'>illae</span> 
     </span>
     <span class='ocr_line' id='line_1_4' title="bbox 132 681 1443 748; baseline 0.004 -17"><span class='ocrx_word' id='word_1_20' title='bbox 132 681 422 731; x_wconf 87' lang='lat' dir='ltr'>Procurvam</span> <span class='ocrx_word' id='word_1_21' title='bbox 449 681 720 744; x_wconf 65' lang='lat' dir='ltr'>exspecstant</span> <span class='ocrx_word' id='word_1_22' title='bbox 743 681 915 728; x_wconf 81' lang='lat' dir='ltr'>falcem</span> <span class='ocrx_word' id='word_1_23' title='bbox 951 683 1214 748; x_wconf 84' lang='lat' dir='ltr'>rastrosque</span> <span class='ocrx_word' id='word_1_24' title='bbox 1237 698 1443 747; x_wconf 80' lang='lat' dir='ltr'>tenaceS‚</span> 
     </span>
     <span class='ocr_line' id='line_1_5' title="bbox 130 772 1367 839; baseline 0.006 -19"><span class='ocrx_word' id='word_1_25' title='bbox 130 774 300 839; x_wconf 81' lang='lat' dir='ltr'>Qum</span> <span class='ocrx_word' id='word_1_26' title='bbox 322 773 463 821; x_wconf 89' lang='lat' dir='ltr'>semel</span> <span class='ocrx_word' id='word_1_27' title='bbox 483 772 716 821; x_wconf 83' lang='lat' dir='ltr'>haeserunt</span> <span class='ocrx_word' id='word_1_28' title='bbox 735 773 874 830; x_wconf 80' lang='lat' dir='ltr'>arviS,</span> <span class='ocrx_word' id='word_1_29' title='bbox 895 773 1118 837; x_wconf 84' lang='lat' dir='ltr'>aurasque</span> <span class='ocrx_word' id='word_1_30' title='bbox 1139 776 1367 828; x_wconf 87' lang='lat' dir='ltr'>tulerunt.</span> 
     </span>
     <span class='ocr_line' id='line_1_6' title="bbox 130 863 1317 929; baseline 0.002 -16"><span class='ocrx_word' id='word_1_31' title='bbox 130 866 238 929; x_wconf 86' lang='lat' dir='ltr'>Ipsa</span> <span class='ocrx_word' id='word_1_32' title='bbox 259 865 365 912; x_wconf 83' lang='lat' dir='ltr'>satis</span> <span class='ocrx_word' id='word_1_33' title='bbox 385 864 542 922; x_wconf 87' lang='lat' dir='ltr'>tellus,</span> <span class='ocrx_word' id='word_1_34' title='bbox 563 879 713 927; x_wconf 88' lang='lat' dir='ltr'>quum</span> <span class='ocrx_word' id='word_1_35' title='bbox 737 863 875 910; x_wconf 82' lang='lat' dir='ltr'>dente</span> <span class='ocrx_word' id='word_1_36' title='bbox 891 864 1155 913; x_wconf 82' lang='lat' dir='ltr'>recluditur</span> <span class='ocrx_word' id='word_1_37' title='bbox 1176 883 1317 926; x_wconf 87' lang='lat' dir='ltr'>unco,</span> 
     </span>
     <span class='ocr_line' id='line_1_7' title="bbox 129 953 1444 1024; baseline 0.005 -21"><span class='ocrx_word' id='word_1_38' title='bbox 129 955 313 1004; x_wconf 87' lang='lat' dir='ltr'>Sufficit</span> <span class='ocrx_word' id='word_1_39' title='bbox 334 955 603 1011; x_wconf 87' lang='lat' dir='ltr'>humorem,</span> <span class='ocrx_word' id='word_1_40' title='bbox 626 965 672 1000; x_wconf 89' lang='lat' dir='ltr'>et</span> <span class='ocrx_word' id='word_1_41' title='bbox 693 953 912 1017; x_wconf 86' lang='lat' dir='ltr'>gravidas</span> <span class='ocrx_word' id='word_1_42' title='bbox 929 969 1043 1001; x_wconf 91' lang='lat' dir='ltr'>cum</span> <span class='ocrx_word' id='word_1_43' title='bbox 1059 971 1250 1005; x_wconf 87' lang='lat' dir='ltr'>vomere</span> <span class='ocrx_word' id='word_1_44' title='bbox 1268 959 1444 1024; x_wconf 87' lang='lat' dir='ltr'>fruges.</span> 
     </span>
    </p>
   </div>
   <div class='ocr_carea' id='block_1_4' title="bbox 126 1086 1447 1529">
    <p class='ocr_par' dir='ltr' id='par_1_4' title="bbox 126 1086 1447 1529">
     <span class='ocr_line' id='line_1_8' title="bbox 172 1086 1443 1136; baseline 0.003 -15"><span class='ocrx_word' id='word_1_45' title='bbox 172 1097 249 1126; x_wconf 83' lang='lat'>420.</span> <span class='ocrx_word' id='word_1_46' title='bbox 271 1089 399 1118; x_wconf 77' lang='lat' dir='ltr'>nonnulla</span> <span class='ocrx_word' id='word_1_47' title='bbox 427 1087 521 1120; x_wconf 83' lang='lat' dir='ltr'>Leid.</span> <span class='ocrx_word' id='word_1_48' title='bbox 552 1098 631 1119; x_wconf 82' lang='lat' dir='ltr'>unus</span> <span class='ocrx_word' id='word_1_49' title='bbox 657 1094 689 1118; x_wconf 86' lang='lat' dir='ltr'>et</span> <span class='ocrx_word' id='word_1_50' title='bbox 717 1086 853 1126; x_wconf 86' lang='lat' dir='ltr'>Bodlei.‚</span> <span class='ocrx_word' id='word_1_51' title='bbox 884 1094 921 1119; x_wconf 87' lang='lat' dir='ltr'>ut</span> <span class='ocrx_word' id='word_1_52' title='bbox 949 1089 1017 1129; x_wconf 84' lang='lat' dir='ltr'>jam</span> <span class='ocrx_word' id='word_1_53' title='bbox 1045 1089 1173 1121; x_wconf 81' lang='lat' dir='ltr'>Servius</span> <span class='ocrx_word' id='word_1_54' title='bbox 1206 1092 1334 1123; x_wconf 80' lang='lat' dir='ltr'>notavit</span> <span class='ocrx_word' id='word_1_55' title='bbox 1363 1092 1443 1136; x_wconf 84' lang='lat' dir='ltr'>legi.</span> 
     </span>
     <span class='ocr_line' id='line_1_9' title="bbox 128 1138 1445 1184; baseline 0.003 -13"><span class='ocrx_word' id='word_1_56' title='bbox 128 1139 194 1171; x_wconf 70' lang='lat' dir='ltr'>sed</span> <span class='ocrx_word' id='word_1_57' title='bbox 209 1138 293 1170; x_wconf 82' lang='lat' dir='ltr'>mala</span> <span class='ocrx_word' id='word_1_58' title='bbox 308 1150 343 1169; x_wconf 82' lang='lat' dir='ltr'>ac</span> <span class='ocrx_word' id='word_1_59' title='bbox 359 1147 512 1181; x_wconf 82' lang='lat' dir='ltr'>perpetua</span> <span class='ocrx_word' id='word_1_60' title='bbox 529 1139 741 1170; x_wconf 73' lang='lat' dir='ltr'>aberratione.</span> <span class='ocrx_word' id='word_1_61' title='bbox 833 1147 908 1176; x_wconf 83' lang='lat'>422.</span> <span class='ocrx_word' id='word_1_62' title='bbox 935 1139 1042 1181; x_wconf 77' lang='lat' dir='ltr'>Major</span> <span class='ocrx_word' id='word_1_63' title='bbox 1069 1141 1209 1172; x_wconf 81' lang='lat' dir='ltr'>versibus</span> <span class='ocrx_word' id='word_1_64' title='bbox 1229 1142 1324 1184; x_wconf 86' lang='lat' dir='ltr'>vigor</span> <span class='ocrx_word' id='word_1_65' title='bbox 1347 1143 1445 1175; x_wconf 82' lang='lat' dir='ltr'>ineffe</span> 
     </span>
     <span class='ocr_line' id='line_1_10' title="bbox 130 1189 1445 1233; baseline 0.004 -13"><span class='ocrx_word' id='word_1_66' title='bbox 130 1189 213 1220; x_wconf 79' lang='lat' dir='ltr'>mihi</span> <span class='ocrx_word' id='word_1_67' title='bbox 235 1189 416 1228; x_wconf 81' lang='lat' dir='ltr'>videbatur,</span> <span class='ocrx_word' id='word_1_68' title='bbox 440 1190 463 1221; x_wconf 92' lang='lat' dir='ltr'><strong>fi</strong></span> <span class='ocrx_word' id='word_1_69' title='bbox 496 1190 565 1233; x_wconf 86' lang='lat' dir='ltr'>post</span> <span class='ocrx_word' id='word_1_70' title='bbox 595 1198 697 1220; x_wconf 74' lang='lat' dir='ltr'>tenaces</span> <span class='ocrx_word' id='word_1_71' title='bbox 731 1190 952 1232; x_wconf 75' lang='lat' dir='ltr'>interpungaS,</span> <span class='ocrx_word' id='word_1_72' title='bbox 972 1197 1005 1221; x_wconf 85' lang='lat' dir='ltr'>et</span> <span class='ocrx_word' id='word_1_73' title='bbox 1028 1201 1146 1222; x_wconf 83' lang='lat' dir='ltr'>novam</span> <span class='ocrx_word' id='word_1_74' title='bbox 1175 1192 1368 1224; x_wconf 84' lang='lat' dir='ltr'>sententiam</span> <span class='ocrx_word' id='word_1_75' title='bbox 1391 1204 1445 1225; x_wconf 86' lang='lat' dir='ltr'>or-</span> 
     </span>
     <span class='ocr_line' id='line_1_11' title="bbox 129 1241 1447 1287; baseline 0.004 -15"><span class='ocrx_word' id='word_1_76' title='bbox 129 1241 248 1273; x_wconf 72' lang='lat' dir='ltr'>diaris:</span> <span class='ocrx_word' id='word_1_77' title='bbox 275 1242 433 1282; x_wconf 76' lang='lat' dir='ltr'>Cumstmel</span> <span class='ocrx_word' id='word_1_78' title='bbox 444 1242 576 1283; x_wconf 70' lang='lat' dir='ltr'>haefi’runt</span> <span class='ocrx_word' id='word_1_79' title='bbox 589 1245 670 1272; x_wconf 71' lang='lat' dir='ltr'>arvis</span> <span class='ocrx_word' id='word_1_80' title='bbox 684 1243 818 1282; x_wconf 69' lang='lat' dir='ltr'>aurasque</span> <span class='ocrx_word' id='word_1_81' title='bbox 837 1243 957 1278; x_wconf 53' lang='lat' dir='ltr'>tulerunt</span> <span class='ocrx_word' id='word_1_82' title='bbox 968 1255 979 1272; x_wconf 91' lang='lat'><em>:</em></span> <span class='ocrx_word' id='word_1_83' title='bbox 1002 1242 1071 1287; x_wconf 73' lang='lat' dir='ltr'>Ips1</span> <span class='ocrx_word' id='word_1_84' title='bbox 1076 1244 1108 1284; x_wconf 67' lang='lat' dir='ltr'>J]</span> <span class='ocrx_word' id='word_1_85' title='bbox 1151 1243 1307 1276; x_wconf 80' lang='lat' dir='ltr'>Similiter</span> <span class='ocrx_word' id='word_1_86' title='bbox 1320 1245 1447 1287; x_wconf 72' lang='lat' dir='ltr'>subjici-</span> 
     </span>
     <span class='ocr_line' id='line_1_12' title="bbox 128 1294 1446 1335; baseline 0.004 -11"><span class='ocrx_word' id='word_1_87' title='bbox 128 1300 204 1324; x_wconf 80' lang='lat' dir='ltr'>tur:</span> <span class='ocrx_word' id='word_1_88' title='bbox 228 1294 319 1323; x_wconf 83' lang='lat' dir='ltr'><em>Poma</em></span> <span class='ocrx_word' id='word_1_89' title='bbox 333 1305 444 1334; x_wconf 75' lang='lat' dir='ltr'>quoque,</span> <span class='ocrx_word' id='word_1_90' title='bbox 465 1300 495 1323; x_wconf 82' lang='lat' dir='ltr'>ut</span> <span class='ocrx_word' id='word_1_91' title='bbox 514 1295 729 1335; x_wconf 81' lang='lat' dir='ltr'>primum—Vi</span> <span class='ocrx_word' id='word_1_92' title='bbox 745 1295 866 1335; x_wconf 76' lang='lat' dir='ltr'>propria</span> <span class='ocrx_word' id='word_1_93' title='bbox 892 1296 1026 1324; x_wconf 73' lang='lat' dir='ltr'>nituntur.</span> <span class='ocrx_word' id='word_1_94' title='bbox 1073 1294 1175 1326; x_wconf 57' lang='lat' dir='ltr'>Retste</span> <span class='ocrx_word' id='word_1_95' title='bbox 1198 1303 1308 1327; x_wconf 85' lang='lat' dir='ltr'>tamen</span> <span class='ocrx_word' id='word_1_96' title='bbox 1332 1295 1446 1329; x_wconf 68' lang='lat' dir='ltr'>inone-</span> 
     </span>
     <span class='ocr_line' id='line_1_13' title="bbox 127 1343 1445 1387; baseline 0.003 -11"><span class='ocrx_word' id='word_1_97' title='bbox 127 1350 194 1382; x_wconf 76' lang='lat' dir='ltr'>tur,</span> <span class='ocrx_word' id='word_1_98' title='bbox 215 1344 260 1374; x_wconf 83' lang='lat' dir='ltr'>ita</span> <span class='ocrx_word' id='word_1_99' title='bbox 274 1355 355 1384; x_wconf 85' lang='lat' dir='ltr'>quum</span> <span class='ocrx_word' id='word_1_100' title='bbox 372 1351 420 1374; x_wconf 86' lang='lat' dir='ltr'>ter</span> <span class='ocrx_word' id='word_1_101' title='bbox 435 1343 544 1375; x_wconf 80' lang='lat' dir='ltr'>iterari</span> <span class='ocrx_word' id='word_1_102' title='bbox 570 1344 604 1375; x_wconf 88' lang='lat' dir='ltr'>in</span> <span class='ocrx_word' id='word_1_103' title='bbox 628 1344 743 1375; x_wconf 88' lang='lat' dir='ltr'>eodem</span> <span class='ocrx_word' id='word_1_104' title='bbox 768 1343 940 1375; x_wconf 84' lang='lat' dir='ltr'>verborum</span> <span class='ocrx_word' id='word_1_105' title='bbox 962 1345 1140 1387; x_wconf 82' lang='lat' dir='ltr'>complexu,</span> <span class='ocrx_word' id='word_1_106' title='bbox 1165 1353 1195 1378; x_wconf 85' lang='lat' dir='ltr'>et</span> <span class='ocrx_word' id='word_1_107' title='bbox 1211 1347 1296 1379; x_wconf 78' lang='lat' dir='ltr'>oleas</span> <span class='ocrx_word' id='word_1_108' title='bbox 1311 1348 1445 1380; x_wconf 77' lang='lat' dir='ltr'>tenellas</span> 
     </span>
     <span class='ocr_line' id='line_1_14' title="bbox 131 1393 1444 1438; baseline 0.005 -14"><span class='ocrx_word' id='word_1_109' title='bbox 131 1393 245 1436; x_wconf 81' lang='lat' dir='ltr'>primis</span> <span class='ocrx_word' id='word_1_110' title='bbox 259 1394 350 1425; x_wconf 78' lang='lat' dir='ltr'>annis</span> <span class='ocrx_word' id='word_1_111' title='bbox 364 1394 450 1426; x_wconf 86' lang='lat' dir='ltr'>haud</span> <span class='ocrx_word' id='word_1_112' title='bbox 465 1395 560 1426; x_wconf 86' lang='lat' dir='ltr'>dubie</span> <span class='ocrx_word' id='word_1_113' title='bbox 576 1395 636 1427; x_wconf 82' lang='lat' dir='ltr'>effe</span> <span class='ocrx_word' id='word_1_114' title='bbox 652 1394 731 1426; x_wconf 83' lang='lat' dir='ltr'>falce</span> <span class='ocrx_word' id='word_1_115' title='bbox 754 1402 786 1426; x_wconf 84' lang='lat' dir='ltr'>et</span> <span class='ocrx_word' id='word_1_116' title='bbox 811 1396 911 1427; x_wconf 84' lang='lat' dir='ltr'>rastro</span> <span class='ocrx_word' id='word_1_117' title='bbox 935 1397 1184 1438; x_wconf 84' lang='lat' dir='ltr'>compescendas.</span> <span class='ocrx_word' id='word_1_118' title='bbox 1230 1401 1316 1430; x_wconf 77' lang='lat' dir='ltr'>tulere</span> <span class='ocrx_word' id='word_1_119' title='bbox 1342 1400 1444 1433; x_wconf 81' lang='lat' dir='ltr'>Goth,</span> 
     </span>
     <span class='ocr_line' id='line_1_15' title="bbox 126 1447 1447 1492; baseline 0.008 -17"><span class='ocrx_word' id='word_1_120' title='bbox 126 1455 175 1487; x_wconf 84' lang='lat' dir='ltr'>pr.</span> <span class='ocrx_word' id='word_1_121' title='bbox 263 1454 338 1483; x_wconf 81' lang='lat'>424.</span> <span class='ocrx_word' id='word_1_122' title='bbox 350 1448 488 1488; x_wconf 75' lang='lat' dir='ltr'>gravidas</span> <span class='ocrx_word' id='word_1_123' title='bbox 502 1459 561 1477; x_wconf 83' lang='lat' dir='ltr'>cum</span> <span class='ocrx_word' id='word_1_124' title='bbox 570 1448 787 1489; x_wconf 70' lang='lat' dir='ltr'>fivnorefmtgaes</span> <span class='ocrx_word' id='word_1_125' title='bbox 800 1447 881 1490; x_wconf 75' lang='lat' dir='ltr'>conj.</span> <span class='ocrx_word' id='word_1_126' title='bbox 898 1447 1013 1479; x_wconf 79' lang='lat' dir='ltr'>Reiske</span> <span class='ocrx_word' id='word_1_127' title='bbox 1029 1455 1060 1480; x_wconf 84' lang='lat' dir='ltr'>et</span> <span class='ocrx_word' id='word_1_128' title='bbox 1076 1451 1130 1492; x_wconf 85' lang='lat' dir='ltr'>Jo.</span> <span class='ocrx_word' id='word_1_129' title='bbox 1152 1449 1318 1483; x_wconf 72' lang='lat' dir='ltr'>Schrader.</span> <span class='ocrx_word' id='word_1_130' title='bbox 1360 1453 1447 1486; x_wconf 78' lang='lat' dir='ltr'>Vide</span> 
     </span>
     <span class='ocr_line' id='line_1_16' title="bbox 127 1497 261 1529; baseline -0.015 0"><span class='ocrx_word' id='word_1_131' title='bbox 127 1497 261 1529; x_wconf 87' lang='lat' dir='ltr'>Notam.</span> 
     </span>
    </p>
   </div>
   <div class='ocr_carea' id='block_1_5' title="bbox 746 1156 829 1163">
    <p class='ocr_par' dir='ltr' id='par_1_5' title="bbox 746 1156 829 1163">
     <span class='ocr_line' id='line_1_17' title="bbox 746 1156 829 1163; baseline 0 2218"><span class='ocrx_word' id='word_1_132' title='bbox 746 1156 829 1163; x_wconf 95' lang='lat' dir='ltr'> </span> 
     </span>
    </p>
   </div>
   <div class='ocr_carea' id='block_1_6' title="bbox 177 1462 262 1468">
    <p class='ocr_par' dir='ltr' id='par_1_6' title="bbox 177 1462 262 1468">
     <span class='ocr_line' id='line_1_18' title="bbox 177 1462 262 1468; baseline 0 0"><span class='ocrx_word' id='word_1_133' title='bbox 177 1462 262 1468; x_wconf 95' lang='lat' dir='ltr'> </span> 
     </span>
    </p>
   </div>
   <div class='ocr_carea' id='block_1_7' title="bbox 125 1604 1446 1662">
    <p class='ocr_par' dir='ltr' id='par_1_7' title="bbox 125 1604 1446 1662">
     <span class='ocr_line' id='line_1_19' title="bbox 125 1604 1446 1662; baseline 0.003 -18"><span class='ocrx_word' id='word_1_134' title='bbox 125 1605 358 1644; x_wconf 83' lang='lat' dir='ltr'>defendenda</span> <span class='ocrx_word' id='word_1_135' title='bbox 397 1607 451 1643; x_wconf 82' lang='lat' dir='ltr'>fit.</span> <span class='ocrx_word' id='word_1_136' title='bbox 504 1604 563 1641; x_wconf 77' lang='lat' dir='ltr'>Ita</span> <span class='ocrx_word' id='word_1_137' title='bbox 596 1619 633 1643; x_wconf 79' lang='lat' dir='ltr'>v.</span> <span class='ocrx_word' id='word_1_138' title='bbox 675 1618 750 1656; x_wconf 78' lang='lat'>410</span> <span class='ocrx_word' id='word_1_139' title='bbox 815 1605 910 1642; x_wconf 78' lang='lat' dir='ltr'>tellus</span> <span class='ocrx_word' id='word_1_140' title='bbox 931 1609 1036 1654; x_wconf 75' lang='lat' dir='ltr'>satis,</span> <span class='ocrx_word' id='word_1_141' title='bbox 1063 1605 1101 1644; x_wconf 92' lang='lat' dir='ltr'>h.</span> <span class='ocrx_word' id='word_1_142' title='bbox 1133 1608 1286 1654; x_wconf 81' lang='lat' dir='ltr'>affatim,</span> <span class='ocrx_word' id='word_1_143' title='bbox 1318 1613 1446 1662; x_wconf 63' lang='lat' dir='ltr'>figffi&#39;cit</span> 
     </span>
    </p>
   </div>
   <div class='ocr_carea' id='block_1_8' title="bbox 120 1657 756 2997">
    <p class='ocr_par' dir='ltr' id='par_1_8' title="bbox 120 1657 756 2997">
     <span class='ocr_line' id='line_1_20' title="bbox 126 1657 749 1708; baseline -0.002 -14"><span class='ocrx_word' id='word_1_144' title='bbox 126 1657 360 1708; x_wconf 82' lang='lat' dir='ltr'>accipiendus</span> <span class='ocrx_word' id='word_1_145' title='bbox 392 1657 460 1694; x_wconf 83' lang='lat' dir='ltr'>effe</span> <span class='ocrx_word' id='word_1_146' title='bbox 495 1657 651 1694; x_wconf 84' lang='lat' dir='ltr'>videtur.</span> <span class='ocrx_word' id='word_1_147' title='bbox 699 1657 749 1693; x_wconf 86' lang='lat' dir='ltr'>cf.</span> 
     </span>
     <span class='ocr_line' id='line_1_21' title="bbox 127 1707 751 1758; baseline -0.003 -12"><span class='ocrx_word' id='word_1_148' title='bbox 127 1709 278 1746; x_wconf 87' lang='lat' dir='ltr'>Colum.</span> <span class='ocrx_word' id='word_1_149' title='bbox 313 1707 387 1752; x_wconf 84' lang='lat' dir='ltr'>IV,</span> <span class='ocrx_word' id='word_1_150' title='bbox 416 1721 454 1757; x_wconf 83' lang='lat'>3,</span> <span class='ocrx_word' id='word_1_151' title='bbox 481 1723 520 1758; x_wconf 87' lang='lat'>4,</span> <span class='ocrx_word' id='word_1_152' title='bbox 548 1707 613 1744; x_wconf 85' lang='lat' dir='ltr'>ubi</span> <span class='ocrx_word' id='word_1_153' title='bbox 635 1708 679 1744; x_wconf 88' lang='lat' dir='ltr'>de</span> <span class='ocrx_word' id='word_1_154' title='bbox 696 1708 751 1745; x_wconf 80' lang='lat' dir='ltr'>vi-</span> 
     </span>
     <span class='ocr_line' id='line_1_22' title="bbox 128 1761 751 1810; baseline -0.003 -13"><span class='ocrx_word' id='word_1_155' title='bbox 128 1774 218 1799; x_wconf 84' lang='lat' dir='ltr'>nea:</span> <span class='ocrx_word' id='word_1_156' title='bbox 249 1761 314 1797; x_wconf 72' lang='lat' dir='ltr'>Res</span> <span class='ocrx_word' id='word_1_157' title='bbox 329 1766 413 1797; x_wconf 81' lang='lat' dir='ltr'>enim</span> <span class='ocrx_word' id='word_1_158' title='bbox 433 1762 474 1810; x_wconf 72' lang='lat' dir='ltr'>est</span> <span class='ocrx_word' id='word_1_159' title='bbox 497 1771 627 1804; x_wconf 73' lang='lat' dir='ltr'>tenera,</span> <span class='ocrx_word' id='word_1_160' title='bbox 654 1761 751 1808; x_wconf 73' lang='lat' dir='ltr'>infir-</span> 
     </span>
     <span class='ocr_line' id='line_1_23' title="bbox 126 1814 753 1864; baseline -0.002 -15"><span class='ocrx_word' id='word_1_161' title='bbox 126 1828 200 1857; x_wconf 81' lang='lat' dir='ltr'>ma,</span> <span class='ocrx_word' id='word_1_162' title='bbox 236 1814 374 1864; x_wconf 69' lang='lat' dir='ltr'>ity&#39;uriae</span> <span class='ocrx_word' id='word_1_163' title='bbox 403 1816 549 1850; x_wconf 74' lang='lat' dir='ltr'>maxime</span> <span class='ocrx_word' id='word_1_164' title='bbox 579 1815 753 1862; x_wconf 73' lang='lat' dir='ltr'><em>impatiens</em></span> 
     </span>
     <span class='ocr_line' id='line_1_24' title="bbox 124 1873 198 1901; baseline 0.014 -1"><span class='ocrx_word' id='word_1_165' title='bbox 124 1873 198 1901; x_wconf 73' lang='lat' dir='ltr'>etc-</span> 
     </span>
     <span class='ocr_line' id='line_1_25' title="bbox 180 1928 270 1965; baseline 0.022 -13"><span class='ocrx_word' id='word_1_166' title='bbox 180 1928 270 1965; x_wconf 87' lang='lat'>420.</span> 
     </span>
     <span class='ocr_line' id='line_1_26' title="bbox 128 1966 754 2011; baseline -0.003 -7"><span class='ocrx_word' id='word_1_167' title='bbox 128 1968 228 2004; x_wconf 87' lang='lat' dir='ltr'>nulla</span> <span class='ocrx_word' id='word_1_168' title='bbox 244 1969 293 2005; x_wconf 85' lang='lat' dir='ltr'>est</span> <span class='ocrx_word' id='word_1_169' title='bbox 311 1968 466 2011; x_wconf 88' lang='lat' dir='ltr'>cultura,</span> <span class='ocrx_word' id='word_1_170' title='bbox 494 1968 531 2003; x_wconf 87' lang='lat' dir='ltr'>h.</span> <span class='ocrx_word' id='word_1_171' title='bbox 551 1968 638 2004; x_wconf 76' lang='lat' dir='ltr'>oleae</span> <span class='ocrx_word' id='word_1_172' title='bbox 657 1966 754 2002; x_wconf 84' lang='lat' dir='ltr'>nulla</span> 
     </span>
     <span class='ocr_line' id='line_1_27' title="bbox 126 2017 754 2070; baseline -0.003 -14"><span class='ocrx_word' id='word_1_173' title='bbox 126 2018 202 2056; x_wconf 85' lang='lat' dir='ltr'>fere</span> <span class='ocrx_word' id='word_1_174' title='bbox 239 2019 382 2056; x_wconf 85' lang='lat' dir='ltr'>cultura</span> <span class='ocrx_word' id='word_1_175' title='bbox 415 2017 592 2070; x_wconf 80' lang='lat' dir='ltr'>indigent.</span> <span class='ocrx_word' id='word_1_176' title='bbox 660 2019 754 2055; x_wconf 71' lang='lat' dir='ltr'>Levi</span> 
     </span>
     <span class='ocr_line' id='line_1_28' title="bbox 127 2069 752 2121; baseline -0.005 -14"><span class='ocrx_word' id='word_1_177' title='bbox 127 2069 406 2121; x_wconf 66' lang='lat' dir='ltr'>cultztfilstitzetzcr</span> <span class='ocrx_word' id='word_1_178' title='bbox 421 2070 492 2107; x_wconf 79' lang='lat' dir='ltr'>olm</span> <span class='ocrx_word' id='word_1_179' title='bbox 518 2070 666 2107; x_wconf 84' lang='lat' dir='ltr'>Colum.</span> <span class='ocrx_word' id='word_1_180' title='bbox 700 2069 752 2113; x_wconf 84' lang='lat' dir='ltr'>V,</span> 
     </span>
     <span class='ocr_line' id='line_1_29' title="bbox 130 2122 752 2166; baseline 0 -9"><span class='ocrx_word' id='word_1_181' title='bbox 130 2124 168 2166; x_wconf 88' lang='lat'>8,</span> <span class='ocrx_word' id='word_1_182' title='bbox 201 2135 235 2166; x_wconf 86' lang='lat'>1,</span> <span class='ocrx_word' id='word_1_183' title='bbox 263 2123 326 2159; x_wconf 89' lang='lat' dir='ltr'>ubi</span> <span class='ocrx_word' id='word_1_184' title='bbox 359 2122 405 2158; x_wconf 86' lang='lat' dir='ltr'>de</span> <span class='ocrx_word' id='word_1_185' title='bbox 431 2134 550 2159; x_wconf 85' lang='lat' dir='ltr'>earum</span> <span class='ocrx_word' id='word_1_186' title='bbox 585 2122 685 2158; x_wconf 79' lang='lat' dir='ltr'>cultu</span> <span class='ocrx_word' id='word_1_187' title='bbox 715 2134 752 2157; x_wconf 84' lang='lat' dir='ltr'>a·</span> 
     </span>
     <span class='ocr_line' id='line_1_30' title="bbox 126 2172 752 2224; baseline 0.002 -15"><span class='ocrx_word' id='word_1_188' title='bbox 126 2185 212 2222; x_wconf 86' lang='lat' dir='ltr'>gere</span> <span class='ocrx_word' id='word_1_189' title='bbox 267 2172 413 2224; x_wconf 82' lang='lat' dir='ltr'>incipit.</span> <span class='ocrx_word' id='word_1_190' title='bbox 494 2173 594 2210; x_wconf 82' lang='lat' dir='ltr'>Add.</span> <span class='ocrx_word' id='word_1_191' title='bbox 658 2173 752 2210; x_wconf 72' lang='lat' dir='ltr'>Plin.</span> 
     </span>
     <span class='ocr_line' id='line_1_31' title="bbox 129 2223 754 2276; baseline -0.002 -15"><span class='ocrx_word' id='word_1_192' title='bbox 129 2223 265 2268; x_wconf 85' lang='lat' dir='ltr'>XVII,</span> <span class='ocrx_word' id='word_1_193' title='bbox 308 2239 356 2275; x_wconf 83' lang='lat'>30</span> <span class='ocrx_word' id='word_1_194' title='bbox 392 2226 443 2276; x_wconf 89' lang='lat' dir='ltr'>sq.</span> <span class='ocrx_word' id='word_1_195' title='bbox 498 2224 610 2261; x_wconf 79' lang='lat' dir='ltr'>Porro</span> <span class='ocrx_word' id='word_1_196' title='bbox 655 2240 754 2275; x_wconf 64' lang='lat' dir='ltr'>nepae</span> 
     </span>
     <span class='ocr_line' id='line_1_32' title="bbox 129 2275 752 2326; baseline 0 -14"><span class='ocrx_word' id='word_1_197' title='bbox 129 2275 201 2312; x_wconf 73' lang='lat' dir='ltr'>illae</span> <span class='ocrx_word' id='word_1_198' title='bbox 221 2277 517 2320; x_wconf 75' lang='lat' dir='ltr'>Proc.-tenaces,</span> <span class='ocrx_word' id='word_1_199' title='bbox 545 2277 582 2312; x_wconf 87' lang='lat' dir='ltr'>h.</span> <span class='ocrx_word' id='word_1_200' title='bbox 604 2288 668 2312; x_wconf 82' lang='lat' dir='ltr'>nec</span> <span class='ocrx_word' id='word_1_201' title='bbox 686 2290 752 2326; x_wconf 70' lang='lat' dir='ltr'>pu-</span> 
     </span>
     <span class='ocr_line' id='line_1_33' title="bbox 127 2327 754 2378; baseline 0 -15"><span class='ocrx_word' id='word_1_202' title='bbox 127 2327 262 2364; x_wconf 85' lang='lat' dir='ltr'>tatione</span> <span class='ocrx_word' id='word_1_203' title='bbox 292 2341 356 2365; x_wconf 86' lang='lat' dir='ltr'>nec</span> <span class='ocrx_word' id='word_1_204' title='bbox 389 2328 624 2378; x_wconf 72' lang='lat' dir='ltr'>pastinatione</span> <span class='ocrx_word' id='word_1_205' title='bbox 666 2341 754 2376; x_wconf 79' lang='lat' dir='ltr'>opus</span> 
     </span>
     <span class='ocr_line' id='line_1_34' title="bbox 127 2378 751 2423; baseline -0.002 -8"><span class='ocrx_word' id='word_1_206' title='bbox 127 2379 190 2423; x_wconf 83' lang='lat' dir='ltr'>est,</span> <span class='ocrx_word' id='word_1_207' title='bbox 216 2379 356 2417; x_wconf 85' lang='lat' dir='ltr'>scilicet</span> <span class='ocrx_word' id='word_1_208' title='bbox 376 2393 450 2416; x_wconf 88' lang='lat' dir='ltr'>non</span> <span class='ocrx_word' id='word_1_209' title='bbox 473 2389 546 2416; x_wconf 84' lang='lat' dir='ltr'>tam</span> <span class='ocrx_word' id='word_1_210' title='bbox 563 2378 693 2415; x_wconf 74' lang='lat' dir='ltr'>affidua</span> <span class='ocrx_word' id='word_1_211' title='bbox 711 2392 751 2415; x_wconf 85' lang='lat' dir='ltr'>ac</span> 
     </span>
     <span class='ocr_line' id='line_1_35' title="bbox 120 2431 756 2480; baseline 0.002 -14"><span class='ocrx_word' id='word_1_212' title='bbox 120 2440 310 2480; x_wconf 72' lang='lat' dir='ltr'>perpetua.</span> <span class='ocrx_word' id='word_1_213' title='bbox 368 2431 462 2468; x_wconf 86' lang='lat' dir='ltr'><strong>Bene</strong></span> <span class='ocrx_word' id='word_1_214' title='bbox 485 2431 649 2468; x_wconf 71' lang='lat' dir='ltr'>Servius:</span> <span class='ocrx_word' id='word_1_215' title='bbox 670 2432 756 2480; x_wconf 69' lang='lat' dir='ltr'>quod</span> 
     </span>
     <span class='ocr_line' id='line_1_36' title="bbox 127 2485 750 2534; baseline -0.002 -16"><span class='ocrx_word' id='word_1_216' title='bbox 127 2492 238 2519; x_wconf 79' lang='lat' dir='ltr'>tamen</span> <span class='ocrx_word' id='word_1_217' title='bbox 263 2485 315 2520; x_wconf 82' lang='lat' dir='ltr'>ad</span> <span class='ocrx_word' id='word_1_218' title='bbox 339 2498 453 2520; x_wconf 65' lang='lat' dir='ltr'>curam</span> <span class='ocrx_word' id='word_1_219' title='bbox 483 2487 628 2534; x_wconf 70' lang='lat' dir='ltr'>referim-</span> <span class='ocrx_word' id='word_1_220' title='bbox 652 2488 750 2518; x_wconf 70' lang='lat' dir='ltr'>anni-</span> 
     </span>
     <span class='ocr_line' id='line_1_37' title="bbox 128 2533 753 2584; baseline -0.002 -14"><span class='ocrx_word' id='word_1_221' title='bbox 128 2537 333 2583; x_wconf 73' lang='lat' dir='ltr'>versariam,</span> <span class='ocrx_word' id='word_1_222' title='bbox 360 2551 439 2572; x_wconf 77' lang='lat' dir='ltr'>nam</span> <span class='ocrx_word' id='word_1_223' title='bbox 457 2537 571 2584; x_wconf 69' lang='lat' dir='ltr'>neceffi</span> <span class='ocrx_word' id='word_1_224' title='bbox 595 2535 651 2582; x_wconf 71' lang='lat' dir='ltr'>(st,</span> <span class='ocrx_word' id='word_1_225' title='bbox 678 2533 753 2570; x_wconf 78' lang='lat' dir='ltr'>licet</span> 
     </span>
     <span class='ocr_line' id='line_1_38' title="bbox 127 2585 751 2635; baseline -0.002 -13"><span class='ocrx_word' id='word_1_226' title='bbox 127 2587 238 2627; x_wconf 84' lang='lat' dir='ltr'>tarde,</span> <span class='ocrx_word' id='word_1_227' title='bbox 264 2586 394 2623; x_wconf 76' lang='lat' dir='ltr'>oli-vam</span> <span class='ocrx_word' id='word_1_228' title='bbox 415 2596 560 2635; x_wconf 81' lang='lat' dir='ltr'>putare,·</span> <span class='ocrx_word' id='word_1_229' title='bbox 586 2585 625 2621; x_wconf 83' lang='lat' dir='ltr'>id</span> <span class='ocrx_word' id='word_1_230' title='bbox 653 2585 751 2633; x_wconf 90' lang='lat' dir='ltr'>quod</span> 
     </span>
     <span class='ocr_line' id='line_1_39' title="bbox 128 2636 749 2674; baseline -0.002 -1"><span class='ocrx_word' id='word_1_231' title='bbox 128 2637 182 2673; x_wconf 84' lang='lat' dir='ltr'>vel</span> <span class='ocrx_word' id='word_1_232' title='bbox 213 2649 259 2672; x_wconf 83' lang='lat' dir='ltr'>ex</span> <span class='ocrx_word' id='word_1_233' title='bbox 293 2636 497 2674; x_wconf 82' lang='lat' dir='ltr'>Columella</span> <span class='ocrx_word' id='word_1_234' title='bbox 528 2646 656 2673; x_wconf 90' lang='lat' dir='ltr'>notum</span> <span class='ocrx_word' id='word_1_235' title='bbox 689 2636 749 2673; x_wconf 89' lang='lat' dir='ltr'>est.</span> 
     </span>
     <span class='ocr_line' id='line_1_40' title="bbox 128 2687 750 2738; baseline -0.002 -14"><span class='ocrx_word' id='word_1_236' title='bbox 128 2701 176 2735; x_wconf 89' lang='lat'>42</span> <span class='ocrx_word' id='word_1_237' title='bbox 184 2701 202 2724; x_wconf 90' lang='lat' dir='ltr'>z</span> <span class='ocrx_word' id='word_1_238' title='bbox 210 2716 220 2725; x_wconf 94' lang='lat'><strong>.</strong></span> <span class='ocrx_word' id='word_1_239' title='bbox 238 2687 324 2725; x_wconf 82' lang='lat' dir='ltr'>Cum</span> <span class='ocrx_word' id='word_1_240' title='bbox 328 2688 438 2736; x_wconf 74' lang='lat' dir='ltr'>stmel</span> <span class='ocrx_word' id='word_1_241' title='bbox 445 2688 610 2738; x_wconf 76' lang='lat' dir='ltr'>haeserunt</span> <span class='ocrx_word' id='word_1_242' title='bbox 622 2699 724 2724; x_wconf 78' lang='lat' dir='ltr'>terrce</span> <span class='ocrx_word' id='word_1_243' title='bbox 736 2703 750 2733; x_wconf 79' lang='lat'>,-</span> 
     </span>
     <span class='ocr_line' id='line_1_41' title="bbox 128 2739 750 2790; baseline 0 -14"><span class='ocrx_word' id='word_1_244' title='bbox 128 2739 206 2789; x_wconf 87' lang='lat' dir='ltr'>sup.</span> <span class='ocrx_word' id='word_1_245' title='bbox 229 2743 536 2790; x_wconf 65' lang='lat' dir='ltr'>317stminejallo</span> <span class='ocrx_word' id='word_1_246' title='bbox 555 2741 750 2777; x_wconf 73' lang='lat' dir='ltr'>Concretam</span> 
     </span>
     <span class='ocr_line' id='line_1_42' title="bbox 128 2790 752 2842; baseline -0.002 -15"><span class='ocrx_word' id='word_1_247' title='bbox 128 2793 320 2828; x_wconf 75' lang='lat' dir='ltr'>—radicem</span> <span class='ocrx_word' id='word_1_248' title='bbox 352 2794 485 2842; x_wconf 64' lang='lat' dir='ltr'>affigere</span> <span class='ocrx_word' id='word_1_249' title='bbox 518 2801 632 2829; x_wconf 74' lang='lat' dir='ltr'>terrae.</span> <span class='ocrx_word' id='word_1_250' title='bbox 704 2790 752 2827; x_wconf 83' lang='lat' dir='ltr'>Et</span> 
     </span>
     <span class='ocr_line' id='line_1_43' title="bbox 130 2842 749 2894; baseline 0.005 -16"><span class='ocrx_word' id='word_1_251' title='bbox 130 2842 177 2878; x_wconf 82' lang='lat' dir='ltr'>ad</span> <span class='ocrx_word' id='word_1_252' title='bbox 201 2842 263 2878; x_wconf 85' lang='lat' dir='ltr'>illa</span> <span class='ocrx_word' id='word_1_253' title='bbox 284 2847 450 2894; x_wconf 77' lang='lat' dir='ltr'>aurasque</span> <span class='ocrx_word' id='word_1_254' title='bbox 465 2842 611 2880; x_wconf 76' lang='lat' dir='ltr'>tulerunt</span> <span class='ocrx_word' id='word_1_255' title='bbox 628 2842 676 2879; x_wconf 88' lang='lat' dir='ltr'>cf.</span> <span class='ocrx_word' id='word_1_256' title='bbox 716 2856 749 2881; x_wconf 78' lang='grc' dir='ltr'>ν.</span> 
     </span>
     <span class='ocr_line' id='line_1_44' title="bbox 133 2893 755 2944; baseline -0.002 -13"><span class='ocrx_word' id='word_1_257' title='bbox 133 2905 205 2942; x_wconf 87' lang='lat'>332</span> <span class='ocrx_word' id='word_1_258' title='bbox 242 2894 293 2944; x_wconf 89' lang='lat' dir='ltr'>sq.</span> <span class='ocrx_word' id='word_1_259' title='bbox 346 2894 389 2930; x_wconf 90' lang='lat' dir='ltr'>In</span> <span class='ocrx_word' id='word_1_260' title='bbox 417 2893 511 2932; x_wconf 87' lang='lat' dir='ltr'>illis:</span> <span class='ocrx_word' id='word_1_261' title='bbox 555 2908 642 2943; x_wconf 86' lang='lat'>423.</span> <span class='ocrx_word' id='word_1_262' title='bbox 677 2907 755 2944; x_wconf 81' lang='lat'>424</span> 
     </span>
     <span class='ocr_line' id='line_1_45' title="bbox 130 2944 754 2997; baseline 0.002 -14"><span class='ocrx_word' id='word_1_263' title='bbox 130 2945 240 2995; x_wconf 81' lang='lat' dir='ltr'>potest</span> <span class='ocrx_word' id='word_1_264' title='bbox 259 2944 406 2997; x_wconf 82' lang='lat' dir='ltr'>quidem</span> <span class='ocrx_word' id='word_1_265' title='bbox 426 2946 517 2986; x_wconf 64' lang='lat' dir='ltr'>refie</span> <span class='ocrx_word' id='word_1_266' title='bbox 544 2946 643 2984; x_wconf 81' lang='lat' dir='ltr'>dici:</span> <span class='ocrx_word' id='word_1_267' title='bbox 673 2946 754 2997; x_wconf 56' lang='lat' dir='ltr'>Ipsa</span> 
     </span>
    </p>
   </div>
   <div class='ocr_carea' id='block_1_9' title="bbox 300 1914 752 1966">
    <p class='ocr_par' dir='ltr' id='par_1_9' title="bbox 300 1914 752 1966">
     <span class='ocr_line' id='line_1_46' title="bbox 300 1914 752 1966; baseline -0.007 -13"><span class='ocrx_word' id='word_1_268' title='bbox 300 1929 347 1966; x_wconf 85' lang='lat'>42</span> <span class='ocrx_word' id='word_1_269' title='bbox 357 1930 389 1954; x_wconf 76' lang='grc' dir='ltr'>ι.</span> <span class='ocrx_word' id='word_1_270' title='bbox 419 1914 592 1952; x_wconf 78' lang='lat' dir='ltr'>Olearum</span> <span class='ocrx_word' id='word_1_271' title='bbox 621 1923 752 1951; x_wconf 83' lang='lat' dir='ltr'>contra</span> 
     </span>
    </p>
   </div>
   <div class='ocr_carea' id='block_1_10' title="bbox 813 1657 1465 3051">
    <p class='ocr_par' dir='ltr' id='par_1_10' title="bbox 813 1657 1465 3051">
     <span class='ocr_line' id='line_1_47' title="bbox 815 1657 1443 1705; baseline 0.006 -11"><span class='ocrx_word' id='word_1_272' title='bbox 815 1657 894 1695; x_wconf 88' lang='lat' dir='ltr'>scil.</span> <span class='ocrx_word' id='word_1_273' title='bbox 911 1658 1000 1694; x_wconf 82' lang='lat' dir='ltr'>oleis</span> <span class='ocrx_word' id='word_1_274' title='bbox 1015 1657 1178 1696; x_wconf 70' lang='lat' dir='ltr'>humorem</span> <span class='ocrx_word' id='word_1_275' title='bbox 1189 1676 1203 1705; x_wconf 88' lang='lat'>,·</span> <span class='ocrx_word' id='word_1_276' title='bbox 1230 1662 1375 1701; x_wconf 82' lang='lat' dir='ltr'>videtur</span> <span class='ocrx_word' id='word_1_277' title='bbox 1389 1675 1443 1702; x_wconf 87' lang='lat' dir='ltr'>ta-</span> 
     </span>
     <span class='ocr_line' id='line_1_48' title="bbox 815 1709 1445 1767; baseline 0.016 -23"><span class='ocrx_word' id='word_1_278' title='bbox 815 1721 896 1745; x_wconf 88' lang='lat' dir='ltr'>men</span> <span class='ocrx_word' id='word_1_279' title='bbox 910 1709 1054 1758; x_wconf 81' lang='lat' dir='ltr'>judicio</span> <span class='ocrx_word' id='word_1_280' title='bbox 1073 1723 1115 1746; x_wconf 88' lang='lat' dir='ltr'>ac</span> <span class='ocrx_word' id='word_1_281' title='bbox 1134 1711 1287 1749; x_wconf 65' lang='lat' dir='ltr'>delestui</span> <span class='ocrx_word' id='word_1_282' title='bbox 1314 1713 1445 1767; x_wconf 84' lang='lat' dir='ltr'>Virgi-</span> 
     </span>
     <span class='ocr_line' id='line_1_49' title="bbox 815 1759 1446 1817; baseline 0.019 -22"><span class='ocrx_word' id='word_1_283' title='bbox 815 1760 912 1797; x_wconf 80' lang='lat' dir='ltr'>liano</span> <span class='ocrx_word' id='word_1_284' title='bbox 930 1759 1044 1811; x_wconf 83' lang='lat' dir='ltr'>magis</span> <span class='ocrx_word' id='word_1_285' title='bbox 1057 1763 1347 1810; x_wconf 84' lang='lat' dir='ltr'>consentaneum,</span> <span class='ocrx_word' id='word_1_286' title='bbox 1353 1772 1446 1817; x_wconf 81' lang='lat' dir='ltr'>satis</span> 
     </span>
     <span class='ocr_line' id='line_1_50' title="bbox 814 1811 1444 1871; baseline 0.013 -22"><span class='ocrx_word' id='word_1_287' title='bbox 814 1813 868 1849; x_wconf 86' lang='lat' dir='ltr'>ita</span> <span class='ocrx_word' id='word_1_288' title='bbox 895 1811 1070 1861; x_wconf 82' lang='lat' dir='ltr'>accipere,</span> <span class='ocrx_word' id='word_1_289' title='bbox 1099 1823 1139 1850; x_wconf 91' lang='lat' dir='ltr'>ut</span> <span class='ocrx_word' id='word_1_290' title='bbox 1166 1815 1260 1852; x_wconf 87' lang='lat' dir='ltr'>oleas</span> <span class='ocrx_word' id='word_1_291' title='bbox 1274 1821 1364 1864; x_wconf 81' lang='lat' dir='ltr'>sata</span> <span class='ocrx_word' id='word_1_292' title='bbox 1379 1833 1444 1871; x_wconf 85' lang='lat' dir='ltr'>ap-</span> 
     </span>
     <span class='ocr_line' id='line_1_51' title="bbox 815 1863 1443 1915; baseline 0.016 -17"><span class='ocrx_word' id='word_1_293' title='bbox 815 1863 1015 1914; x_wconf 82' lang='lat' dir='ltr'>pellaverit,</span> <span class='ocrx_word' id='word_1_294' title='bbox 1040 1866 1345 1915; x_wconf 86' lang='lat' dir='ltr'>quemadmodum</span> <span class='ocrx_word' id='word_1_295' title='bbox 1385 1873 1443 1908; x_wconf 86' lang='lat' dir='ltr'>su-</span> 
     </span>
     <span class='ocr_line' id='line_1_52' title="bbox 815 1915 1442 1970; baseline 0.018 -20"><span class='ocrx_word' id='word_1_296' title='bbox 815 1927 880 1965; x_wconf 80' lang='lat' dir='ltr'>pra</span> <span class='ocrx_word' id='word_1_297' title='bbox 897 1915 1028 1953; x_wconf 84' lang='lat' dir='ltr'>vineas.</span> <span class='ocrx_word' id='word_1_298' title='bbox 1048 1915 1097 1954; x_wconf 84' lang='lat' dir='ltr'>cf.</span> <span class='ocrx_word' id='word_1_299' title='bbox 1117 1917 1163 1953; x_wconf 87' lang='lat' dir='ltr'>ad</span> <span class='ocrx_word' id='word_1_300' title='bbox 1182 1932 1216 1955; x_wconf 87' lang='lat' dir='ltr'>v.</span> <span class='ocrx_word' id='word_1_301' title='bbox 1239 1920 1324 1970; x_wconf 80' lang='lat'>267.</span> <span class='ocrx_word' id='word_1_302' title='bbox 1381 1923 1442 1961; x_wconf 87' lang='lat' dir='ltr'>Sic</span> 
     </span>
     <span class='ocr_line' id='line_1_53' title="bbox 816 1968 1443 2015; baseline 0.016 -13"><span class='ocrx_word' id='word_1_303' title='bbox 816 1979 902 2002; x_wconf 80' lang='lat' dir='ltr'>mox</span> <span class='ocrx_word' id='word_1_304' title='bbox 919 1980 956 2003; x_wconf 86' lang='lat' dir='ltr'>v.</span> <span class='ocrx_word' id='word_1_305' title='bbox 976 1970 1065 2015; x_wconf 84' lang='lat'><strong>436.</strong></span> <span class='ocrx_word' id='word_1_306' title='bbox 1123 1968 1234 2007; x_wconf 88' lang='lat' dir='ltr'>Porro</span> <span class='ocrx_word' id='word_1_307' title='bbox 1250 1972 1328 2009; x_wconf 71' lang='lat' dir='ltr'>dens</span> <span class='ocrx_word' id='word_1_308' title='bbox 1341 1989 1443 2012; x_wconf 74' lang='lat' dir='ltr'>uncas</span> 
     </span>
     <span class='ocr_line' id='line_1_54' title="bbox 815 2018 1443 2074; baseline 0.014 -20"><span class='ocrx_word' id='word_1_309' title='bbox 815 2018 984 2061; x_wconf 76' lang='lat' dir='ltr'>vomeris,</span> <span class='ocrx_word' id='word_1_310' title='bbox 1011 2021 1072 2063; x_wconf 88' lang='lat' dir='ltr'>est,</span> <span class='ocrx_word' id='word_1_311' title='bbox 1099 2019 1163 2071; x_wconf 89' lang='lat' dir='ltr'>qui</span> <span class='ocrx_word' id='word_1_312' title='bbox 1192 2022 1299 2059; x_wconf 84' lang='lat' dir='ltr'>toties</span> <span class='ocrx_word' id='word_1_313' title='bbox 1321 2027 1443 2074; x_wconf 71' lang='lat' dir='ltr'>poetis</span> 
     </span>
     <span class='ocr_line' id='line_1_55' title="bbox 816 2071 1443 2128; baseline 0.006 -23"><span class='ocrx_word' id='word_1_314' title='bbox 816 2083 942 2114; x_wconf 85' lang='lat' dir='ltr'>uncus,</span> <span class='ocrx_word' id='word_1_315' title='bbox 981 2083 1124 2117; x_wconf 83' lang='lat' dir='ltr'>curvus,</span> <span class='ocrx_word' id='word_1_316' title='bbox 1167 2071 1333 2119; x_wconf 77' lang='lat' dir='ltr'>inflexus,</span> <span class='ocrx_word' id='word_1_317' title='bbox 1379 2090 1443 2128; x_wconf 85' lang='lat' dir='ltr'>ap-</span> 
     </span>
     <span class='ocr_line' id='line_1_56' title="bbox 815 2121 1442 2175; baseline 0.018 -20"><span class='ocrx_word' id='word_1_318' title='bbox 815 2121 988 2170; x_wconf 71' lang='lat' dir='ltr'>pellaturg</span> <span class='ocrx_word' id='word_1_319' title='bbox 1017 2122 1177 2173; x_wconf 83' lang='lat' dir='ltr'>adeoque</span> <span class='ocrx_word' id='word_1_320' title='bbox 1206 2127 1355 2175; x_wconf 75' lang='lat' dir='ltr'>poetica</span> <span class='ocrx_word' id='word_1_321' title='bbox 1378 2142 1442 2166; x_wconf 91' lang='lat' dir='ltr'>co-</span> 
     </span>
     <span class='ocr_line' id='line_1_57' title="bbox 815 2172 1443 2226; baseline 0.018 -19"><span class='ocrx_word' id='word_1_322' title='bbox 815 2172 875 2222; x_wconf 87' lang='lat' dir='ltr'>pia</span> <span class='ocrx_word' id='word_1_323' title='bbox 898 2173 1052 2210; x_wconf 67' lang='lat' dir='ltr'>versibus</span> <span class='ocrx_word' id='word_1_324' title='bbox 1075 2189 1121 2224; x_wconf 87' lang='lat'>42</span> <span class='ocrx_word' id='word_1_325' title='bbox 1130 2188 1163 2223; x_wconf 83' lang='lat'>3.</span> <span class='ocrx_word' id='word_1_326' title='bbox 1217 2190 1295 2226; x_wconf 84' lang='lat'>424</span> <span class='ocrx_word' id='word_1_327' title='bbox 1317 2180 1443 2218; x_wconf 81' lang='lat' dir='ltr'>eadem</span> 
     </span>
     <span class='ocr_line' id='line_1_58' title="bbox 816 2224 1445 2276; baseline 0.016 -17"><span class='ocrx_word' id='word_1_328' title='bbox 816 2224 989 2261; x_wconf 80' lang='lat' dir='ltr'>sententia</span> <span class='ocrx_word' id='word_1_329' title='bbox 1007 2225 1061 2262; x_wconf 79' lang='lat' dir='ltr'>bis</span> <span class='ocrx_word' id='word_1_330' title='bbox 1079 2227 1306 2276; x_wconf 77' lang='lat' dir='ltr'>exprimitur.</span> <span class='ocrx_word' id='word_1_331' title='bbox 1350 2231 1445 2269; x_wconf 79' lang='lat' dir='ltr'>Sane</span> 
     </span>
     <span class='ocr_line' id='line_1_59' title="bbox 816 2276 1441 2328; baseline 0.018 -18"><span class='ocrx_word' id='word_1_332' title='bbox 816 2278 893 2311; x_wconf 73' lang='lat' dir='ltr'>dens</span> <span class='ocrx_word' id='word_1_333' title='bbox 919 2276 1029 2313; x_wconf 82' lang='lat' dir='ltr'>etiam</span> <span class='ocrx_word' id='word_1_334' title='bbox 1057 2277 1190 2328; x_wconf 83' lang='lat' dir='ltr'>ligonis</span> <span class='ocrx_word' id='word_1_335' title='bbox 1216 2293 1257 2317; x_wconf 82' lang='lat' dir='ltr'>ac</span> <span class='ocrx_word' id='word_1_336' title='bbox 1282 2280 1441 2321; x_wconf 85' lang='lat' dir='ltr'>bidentis</span> 
     </span>
     <span class='ocr_line' id='line_1_60' title="bbox 816 2327 1442 2377; baseline 0.016 -15"><span class='ocrx_word' id='word_1_337' title='bbox 816 2327 885 2371; x_wconf 80' lang='lat' dir='ltr'>est3</span> <span class='ocrx_word' id='word_1_338' title='bbox 914 2337 949 2363; x_wconf 73' lang='lat' dir='ltr'>et</span> <span class='ocrx_word' id='word_1_339' title='bbox 967 2329 1077 2377; x_wconf 79' lang='lat' dir='ltr'>potest</span> <span class='ocrx_word' id='word_1_340' title='bbox 1098 2330 1271 2368; x_wconf 81' lang='lat' dir='ltr'>sententia</span> <span class='ocrx_word' id='word_1_341' title='bbox 1288 2333 1334 2369; x_wconf 88' lang='lat' dir='ltr'>fic</span> <span class='ocrx_word' id='word_1_342' title='bbox 1353 2348 1442 2371; x_wconf 89' lang='lat' dir='ltr'>con-</span> 
     </span>
     <span class='ocr_line' id='line_1_61' title="bbox 816 2377 1443 2424; baseline 0.014 -10"><span class='ocrx_word' id='word_1_343' title='bbox 816 2377 929 2421; x_wconf 75' lang='lat' dir='ltr'>stitui,</span> <span class='ocrx_word' id='word_1_344' title='bbox 956 2388 1010 2423; x_wconf 91' lang='lat' dir='ltr'>ut,</span> <span class='ocrx_word' id='word_1_345' title='bbox 1028 2380 1116 2417; x_wconf 88' lang='lat' dir='ltr'>dum</span> <span class='ocrx_word' id='word_1_346' title='bbox 1135 2382 1246 2420; x_wconf 88' lang='lat' dir='ltr'>modo</span> <span class='ocrx_word' id='word_1_347' title='bbox 1279 2384 1443 2424; x_wconf 80' lang='lat' dir='ltr'>fodiatur</span> 
     </span>
     <span class='ocr_line' id='line_1_62' title="bbox 814 2430 1442 2488; baseline 0.016 -23"><span class='ocrx_word' id='word_1_348' title='bbox 814 2440 849 2466; x_wconf 89' lang='lat' dir='ltr'>et</span> <span class='ocrx_word' id='word_1_349' title='bbox 881 2430 1028 2468; x_wconf 85' lang='lat' dir='ltr'>bidente</span> <span class='ocrx_word' id='word_1_350' title='bbox 1052 2442 1114 2469; x_wconf 84' lang='lat' dir='ltr'>aut</span> <span class='ocrx_word' id='word_1_351' title='bbox 1142 2433 1279 2471; x_wconf 85' lang='lat' dir='ltr'>sarculo</span> <span class='ocrx_word' id='word_1_352' title='bbox 1296 2436 1442 2488; x_wconf 82' lang='lat' dir='ltr'>subiga-</span> 
     </span>
     <span class='ocr_line' id='line_1_63' title="bbox 814 2482 1442 2535; baseline 0.014 -18"><span class='ocrx_word' id='word_1_353' title='bbox 814 2490 872 2518; x_wconf 87' lang='lat' dir='ltr'>tur</span> <span class='ocrx_word' id='word_1_354' title='bbox 887 2482 1029 2527; x_wconf 81' lang='lat' dir='ltr'>humus,</span> <span class='ocrx_word' id='word_1_355' title='bbox 1051 2484 1127 2533; x_wconf 82' lang='lat' dir='ltr'>jam</span> <span class='ocrx_word' id='word_1_356' title='bbox 1147 2484 1259 2535; x_wconf 81' lang='lat' dir='ltr'>ipsam</span> <span class='ocrx_word' id='word_1_357' title='bbox 1279 2488 1442 2527; x_wconf 84' lang='lat' dir='ltr'>tellurem</span> 
     </span>
     <span class='ocr_line' id='line_1_64' title="bbox 813 2532 1442 2585; baseline 0.014 -16"><span class='ocrx_word' id='word_1_358' title='bbox 813 2532 913 2570; x_wconf 86' lang='lat' dir='ltr'>dicat</span> <span class='ocrx_word' id='word_1_359' title='bbox 946 2534 1169 2585; x_wconf 83' lang='lat' dir='ltr'>suppeditare</span> <span class='ocrx_word' id='word_1_360' title='bbox 1196 2536 1285 2573; x_wconf 82' lang='lat' dir='ltr'>olcis</span> <span class='ocrx_word' id='word_1_361' title='bbox 1311 2539 1442 2578; x_wconf 84' lang='lat' dir='ltr'>humo-</span> 
     </span>
     <span class='ocr_line' id='line_1_65' title="bbox 815 2585 1442 2630; baseline 0.014 -10"><span class='ocrx_word' id='word_1_362' title='bbox 815 2597 911 2630; x_wconf 82' lang='lat' dir='ltr'>rem3</span> <span class='ocrx_word' id='word_1_363' title='bbox 948 2585 971 2621; x_wconf 84' lang='lat' dir='ltr'>fi</span> <span class='ocrx_word' id='word_1_364' title='bbox 995 2599 1079 2623; x_wconf 84' lang='lat' dir='ltr'>vero</span> <span class='ocrx_word' id='word_1_365' title='bbox 1105 2587 1214 2625; x_wconf 86' lang='lat' dir='ltr'>etiam</span> <span class='ocrx_word' id='word_1_366' title='bbox 1241 2599 1360 2627; x_wconf 82' lang='lat' dir='ltr'>aretur</span> <span class='ocrx_word' id='word_1_367' title='bbox 1385 2591 1442 2629; x_wconf 87' lang='lat' dir='ltr'>so·</span> 
     </span>
     <span class='ocr_line' id='line_1_66' title="bbox 816 2637 1442 2690; baseline 0.011 -18"><span class='ocrx_word' id='word_1_368' title='bbox 816 2637 890 2673; x_wconf 88' lang='lat' dir='ltr'>lum</span> <span class='ocrx_word' id='word_1_369' title='bbox 909 2644 945 2673; x_wconf 90' lang='lat' dir='ltr'>et</span> <span class='ocrx_word' id='word_1_370' title='bbox 974 2637 1171 2687; x_wconf 85' lang='lat' dir='ltr'>aliquando</span> <span class='ocrx_word' id='word_1_371' title='bbox 1201 2641 1316 2690; x_wconf 85' lang='lat' dir='ltr'>magis</span> <span class='ocrx_word' id='word_1_372' title='bbox 1342 2642 1442 2679; x_wconf 87' lang='lat' dir='ltr'>fran-</span> 
     </span>
     <span class='ocr_line' id='line_1_67' title="bbox 815 2688 1465 2739; baseline 0.012 -16"><span class='ocrx_word' id='word_1_373' title='bbox 815 2698 947 2738; x_wconf 83' lang='lat' dir='ltr'>gantur</span> <span class='ocrx_word' id='word_1_374' title='bbox 971 2688 1098 2739; x_wconf 77' lang='lat' dir='ltr'>glebae,</span> <span class='ocrx_word' id='word_1_375' title='bbox 1129 2691 1290 2727; x_wconf 84' lang='lat' dir='ltr'>tellurem</span> <span class='ocrx_word' id='word_1_376' title='bbox 1306 2692 1465 2731; x_wconf 84' lang='lat' dir='ltr'>submi-.</span> 
     </span>
     <span class='ocr_line' id='line_1_68' title="bbox 817 2739 1442 2794; baseline 0.011 -19"><span class='ocrx_word' id='word_1_377' title='bbox 817 2739 961 2776; x_wconf 78' lang='lat' dir='ltr'>nistrare</span> <span class='ocrx_word' id='word_1_378' title='bbox 984 2742 1154 2791; x_wconf 76' lang='lat' dir='ltr'>gravidas</span> <span class='ocrx_word' id='word_1_379' title='bbox 1170 2746 1311 2794; x_wconf 63' lang='lat' dir='ltr'>fi&#39;llgffl&#39;,</span> <span class='ocrx_word' id='word_1_380' title='bbox 1343 2744 1381 2782; x_wconf 90' lang='lat' dir='ltr'>h.</span> <span class='ocrx_word' id='word_1_381' title='bbox 1401 2758 1442 2782; x_wconf 88' lang='lat' dir='ltr'>u-</span> 
     </span>
     <span class='ocr_line' id='line_1_69' title="bbox 816 2790 1442 2843; baseline 0.011 -16"><span class='ocrx_word' id='word_1_382' title='bbox 816 2790 937 2828; x_wconf 86' lang='lat' dir='ltr'>berem</span> <span class='ocrx_word' id='word_1_383' title='bbox 984 2791 1162 2829; x_wconf 84' lang='lat' dir='ltr'>olivarum</span> <span class='ocrx_word' id='word_1_384' title='bbox 1212 2804 1442 2843; x_wconf 85' lang='lat' dir='ltr'>proventum.</span> 
     </span>
     <span class='ocr_line' id='line_1_70' title="bbox 817 2842 1444 2895; baseline 0.01 -17"><span class='ocrx_word' id='word_1_385' title='bbox 817 2842 964 2879; x_wconf 84' lang='lat' dir='ltr'>Colum.</span> <span class='ocrx_word' id='word_1_386' title='bbox 999 2842 1050 2887; x_wconf 91' lang='lat' dir='ltr'>V,</span> <span class='ocrx_word' id='word_1_387' title='bbox 1079 2858 1118 2895; x_wconf 88' lang='lat'>9,</span> <span class='ocrx_word' id='word_1_388' title='bbox 1140 2857 1182 2895; x_wconf 73' lang='lat'>15</span> <span class='ocrx_word' id='word_1_389' title='bbox 1203 2845 1296 2882; x_wconf 80' lang='lat' dir='ltr'>Nam</span> <span class='ocrx_word' id='word_1_390' title='bbox 1318 2854 1444 2885; x_wconf 61' lang='lat' dir='ltr'>veteris·</span> 
     </span>
     <span class='ocr_line' id='line_1_71' title="bbox 818 2894 1441 2944; baseline 0.01 -14"><span class='ocrx_word' id='word_1_391' title='bbox 818 2894 993 2944; x_wconf 75' lang='lat' dir='ltr'>proverbii</span> <span class='ocrx_word' id='word_1_392' title='bbox 1044 2902 1181 2932; x_wconf 78' lang='lat' dir='ltr'>memini</span> <span class='ocrx_word' id='word_1_393' title='bbox 1203 2912 1221 2932; x_wconf 80' lang='lat' dir='ltr'>e</span> <span class='ocrx_word' id='word_1_394' title='bbox 1262 2906 1412 2935; x_wconf 78' lang='lat' dir='ltr'>convenit</span> <span class='ocrx_word' id='word_1_395' title='bbox 1425 2914 1441 2936; x_wconf 83' lang='grc'>.-</span> 
     </span>
     <span class='ocr_line' id='line_1_72' title="bbox 818 2946 1443 3000; baseline 0.005 -17"><span class='ocrx_word' id='word_1_396' title='bbox 818 2961 905 2990; x_wconf 81' lang='lat' dir='ltr'>eum,</span> <span class='ocrx_word' id='word_1_397' title='bbox 930 2951 990 2996; x_wconf 72' lang='lat' dir='ltr'>qui</span> <span class='ocrx_word' id='word_1_398' title='bbox 1018 2958 1094 2986; x_wconf 83' lang='lat' dir='ltr'>aret</span> <span class='ocrx_word' id='word_1_399' title='bbox 1124 2946 1298 2992; x_wconf 75' lang='lat' dir='ltr'>oli-vetum,</span> <span class='ocrx_word' id='word_1_400' title='bbox 1325 2964 1443 3000; x_wconf 75' lang='lat' dir='ltr'>rogare</span> 
     </span>
     <span class='ocr_line' id='line_1_73' title="bbox 1247 3003 1437 3051; baseline 0.021 -17"><span class='ocrx_word' id='word_1_401' title='bbox 1247 3003 1406 3051; x_wconf 56' lang='lat' dir='ltr'>srufjum</span> <span class='ocrx_word' id='word_1_402' title='bbox 1422 3017 1437 3047; x_wconf 86' lang='lat'>‚·</span> 
     </span>
    </p>
   </div>
  </div>
 </body>
</html>
