1821 3381
324 320 327 324 ’
387 308 854 370 BUCOLICA,
921 312 1097 360 ECL.
1155 312 1241 360 1V.

1366 317 1470 361 ‘81

161 445 273 508 Jam
296 448 419 495 redit
443 460 488 495 et
511 447 688 510 Virgo;
714 446 911 493 redeunt
936 445 1149 492 Saturnia
1173 462 1316 509 regna
1331 469 1345 500 ς

160 536 272 596 Jam
295 552 418 583 nova
440 535 689 598 progenies
712 535 839 580 coelo
861 533 1130 581 demittitur
1151 536 1262 582 alto.

161 628 240 675 Tu
264 628 409 674 modo
432 626 635 673 nascenti
660 642 821 689 puero,
845 641 940 688 quo
965 627 1108 673 ferrea
1131 629 1342 690 primum

158 700 366 775 Desinet,
389 734 442 764 ac
465 729 568 763 toto
594 717 750 780 surget
771 733 885 779 gens
909 734 1047 764 aurea
1075 720 1271 776 mundO,

157 795 293 856 Casta
317 810 420 857 fave
445 810 627 857 Lucina
648 830 657 856 :
683 822 788 857 tuus
805 810 910 873 jam
933 822 1096 874 regnat
1119 811 1314 872 Apollo.

1410 827 1469 859 10

198 975 227 1007 7.
244 969 391 999 dimittitur
403 968 456 999 alii
471 965 521 1010 ap.
534 969 655 1006 Burm,
669 967 760 1000 solita
775 967 963 1000 variatione.
999 977 1030 1010 9.
1045 975 1070 1000 et
1081 967 1216 1012 Menag.
1229 975 1260 1000 at
1272 968 1371 1002 Goth.
1383 969 1443 1002 see.

148 1116 210 1142 :mo
239 1105 323 1141 loco
354 1103 520 1141 saeculum
548 1100 771 1146 Saturnium,

147 1163 186 1193 'et
219 1168 301 1192 cum
337 1167 381 1192 eo
419 1154 606 1191 hominum
642 1165 768 1204 genus,

143 1208 253 1257 quale
286 1206 413 1243 saeculo
445 1205 510 1242 illo
543 1217 649 1241 aureo
681 1203 766 1240 fuit.

144 1258 272 1308 Itaque
288 1272 323 1295 v.
347 1262 381 1296 8.
399 1271 436 1308 9,
454 1256 643 1306 subjicitur
657 1268 767 1305 puero

144 1321 230 1346 nato
254 1309 403 1346 ferream
427 1318 565 1345 aetatem
594 1307 766 1351 definere,

142 1374 285 1398 auream
304 1360 451 1398 exoriri.
507 1359 598 1396 Haec
616 1358 695 1395 sunt
714 1358 768 1408 ip-

140 1411 178 1448 sa
203 1410 321 1463 po'e‘tae
340 1412 597 1461 phantasmata,
623 1410 648 1447 si
675 1409 768 1447 nihil

139 1464 288 1501 aliunde
303 1463 508 1501 adsciveris,
550 1462 668 1513 Igitur
686 1474 762 1498 car-

141 1528 222 1552 men
258 1526 334 1552 tum
365 1516 558 1565 supererat,
588 1513 685 1564 quod
716 1512 762 1549 ad

140 1566 316 1616 Sibyllam
374 1567 577 1603 Cumanam
640 1564 763 1601 referri

137 1617 288 1661 solebat,
304 1618 342 1654 in
361 1631 447 1668 quo,
467 1618 529 1655 ubi
545 1616 662 1653 ultima
678 1626 763 1653 aetas

137 1670 345 1714 advenisset,
372 1683 479 1720 quam
506 1670 551 1705 de
572 1667 633 1704 sua
660 1676 762 1703 aetate

133 1719 388 1771 interpretatur
414 1724 536 1771 poeta,
571 1718 763 1756 meliorum

136 1780 336 1822 temporum
357 1773 462 1815 ordo,
490 1786 552 1822 per
577 1772 758 1808 ἀποκκτά-

133 1831 231 1865 &own
245 1825 419 1874 aliquam,
434 1824 551 1860 denuo
563 1823 758 1873 procedere

131 1875 390 1919 nuntIabaturg
431 1875 545 1919 Nam,
581 1876 754 1910 Cumarum

129 1942 263 1964 carmen
280 1928 325 1965 de
343 1929 505 1976 Hcfiodeo,
533 1939 552 1962 a
578 1925 653 1962 Dio
679 1925 753 1973 ejus

128 1988 245 2028 patre,
288 1978 415 2015 Cumis
455 1977 611 2014 oriundo
658 1976 749 2024 (vid.

127 2030 252 2080 Opera
276 2040 311 2068 et
331 2029 419 2066 Dies
438 2044 472 2067 ν.
493 2029 567 2078 636
586 2028 680 2078 sq.),
700 2028 748 2065 se-

126 2082 286 2119 cundum
338 2080 525 2118 Valerium
578 2080 750 2123 Probum,

127 2131 639 2182 Grammaticum‚intelligete
653 2135 749 2180 (cum

126 2183 296 2222 Fabricio
309 2184 403 2222 Bibl.
418 2185 540 2220 Graec.
556 2184 588 2227 Ι,
605 2197 667 2232 30,
687 2196 747 2231 14,

122 2246 160 2273 et
179 2235 329 2274 Graevio
348 2236 447 2273 Lest.
467 2235 616 2271 Hefiod.
633 2249 666 2272 c.
689 2237 742 2284 ς.)

123 2289 312 2325 nonlicet.
366 2287 478 2324 Nihil
493 2286 591 2323 enim
615 2286 652 2323 in
678 2286 743 2322 illo

123 2339 170 2375 de
187 2339 449 2376 revolventibus
467 2338 501 2375 se
518 2351 557 2374 ac
577 2338 745 2374 redituris

121 2390 287 2428 aetatibus
327 2389 534 2427 melioribus
569 2389 742 2428 occurrit.

121 2440 225 2494 Qot
251 2451 369 2479 aetates
394 2441 534 2491 Sibylla
551 2441 740 2478 constitue-

119 2493 182 2538 rit,
200 2506 244 2531 ex
260 2495 296 2531 h.
311 2494 337 2530 l.
351 2506 423 2529 non
439 2493 586 2530 constat.
619 2491 739 2529 Etiam

115 2544 156 2581 in
176 2547 327 2583 retracto
350 2555 494 2581 aetatum
524 2542 627 2581 cursu
654 2556 738 2580 mox

116 2604 257 2633 tantum
283 2606 499 2633 memoratur
525 2594 653 2632 melior
679 2594 737 2631 seu

114 2645 221 2685 aurea
236 2659 332 2693 aetas,
357 2647 418 2686 sua
435 2648 598 2689 exordia,
622 2646 737 2684 incre-

114 2709 248 2744 menta,
282 2709 318 2737 et
349 2701 456 2745 ἀκμὴν
488 2699 632 2737 habens.
696 2696 735 2733 Si

110 2763 218 2800 quem
252 2764 338 2788 vero
368 2751 461 2789 illud
497 2751 586 2788 male
612 2749 734 2792 habet,

111 2802 226 2850 quod,
262 2815 346 2840 eum
379 2803 555 2840 Cumanae
587 2801 734 2851 Sibyllae

110 2852 196 2890 libri
225 2854 264 2890 in
290 2853 480 2905 Capitolio
497 2854 730 2896 servarentur,

108 2902 203 2991 ¹⁶}ss
227 2918 274 2942 ex
300 2905 347 2944 iis
374 2920 396 2945 a
421 2910 531 2959 poeta
557 2904 643 2944 sciri
670 2915 732 2942 aut

202 2968 279 2996 ΘΜ.
303 2970 333 2996 ι.

836 1099 978 1152 vulgari
1021 1102 1212 1151 potuerit:
1262 1104 1460 1144 tenendum

835 1152 897 1196 est,
934 1153 1146 1192 auctoritate
1183 1155 1346 1201 Senatus,
1388 1172 1460 1208 qua

833 1204 980 1253 quidem
1012 1205 1098 1241 talia
1129 1205 1189 1256 agi
1218 1207 1269 1244 fas
1298 1218 1372 1245 erat
1406 1213 1458 1257 (v,

834 1255 911 1293 Dio
930 1256 995 1293 lib.
1012 1255 1213 1302 XXXIX,
1226 1271 1258 1296 c.
1276 1262 1352 1309 ις),
1366 1262 1457 1298 mul-

833 1317 869 1344 ta
904 1309 1022 1358 paflim
1056 1321 1101 1346 ex
1134 1309 1235 1346 libris
1267 1310 1457 1360 Sibyllinis

831 1359 992 1409 vulgata,
1025 1369 1061 1397 et
1091 1371 1257 1410 praeterea
1283 1375 1455 1413 magnum

830 1411 1018 1448 effatorum
1045 1411 1303 1462 Sibyllinorum
1330 1428 1454 1452 nume-

831 1475 926 1507 rum,
948 1463 1184 1509 undecunque
1201 1474 1385 1515 acceptum
1416 1477 1454 1505 ct

827 1526 872 1549 ex
883 1514 1021 1551 cunctis
1034 1515 1199 1564 gentibus
1209 1526 1451 1566 apportatum,

827 1566 939 1615 vulgo
964 1565 1058 1603 inter
1085 1567 1248 1604 homines
1273 1568 1449 1616 jactatum

825 1615 937 1654 fuisse.
956 1632 988 1655 v,
1007 1618 1283 1668 Argumentum.
1312 1620 1347 1656 6.
1372 1621 1450 1657 Vir-

820 1684 877 1718 go,
898 1670 997 1713 Δίκη,
1030 1669 1187 1717 justitia,
1224 1680 1262 1707 ut
1295 1670 1448 1710 Hefiod.

823 1727 902 1769 Εξγ.
936 1723 1020 1772 256.
1089 1720 1192 1758 Nota
1225 1734 1278 1758 res
1312 1723 1368 1759 vel
1398 1737 1446 1762 ex

820 1772 935 1811 Ovid.
979 1773 1074 1810 Met.
1109 1772 1141 1816 I,
1184 1786 1268 1823 149,
1302 1784 1338 1811 et
1369 1774 1444 1814 Ge.

817 1822 870 1867 II,
906 1838 993 1874 4¹4·
1050 1824 1199 1861 Hefiod.
1235 1833 1314 1874 Εςγ.
1352 1840 1442 1865 200.

815 1875 980 1913 Saturnia
1025 1892 1127 1927 regna
1168 1886 1208 1912 ut
1257 1877 1443 1915 Romanus

811 1931 919 1975 poe'ta
951 1927 1073 1964 laudat
1102 1926 1194 1974 (vid.
1226 1926 1375 1967 Excurs.
1389 1929 1442 1969 V.

813 1978 859 2014 ad
887 1979 972 2015 AEn.
1003 1978 1110 2027 VII.)
1176 1979 1299 2017 Graeci
1318 1990 1439 2019 tamen

811 2038 848 2066 et
882 2042 1026 2067 auream
1065 2039 1205 2067 aetatem
1240 2032 1296 2068 ἐπὶ
1331 2036 1439 2082 Κςόνε

811 2092 1032 2119 memorant:
1055 2081 1222 2120 ssHefiod.
1252 2084 1275 2120 l.
1303 2083 1328 2120 l.
1364 2098 1435 2135 109

810 2133 881 2182 seq.
949 2132 1088 2184 Attigit
1124 2134 1239 2171 noster
1283 2136 1435 2175 eandem

810 2183 950 2235 Georg.
982 2185 1015 2229 Ι,
1048 2197 1114 2236 ¹²5
1138 2184 1189 2235 sq.
1213 2185 1267 2230 Π,
1288 2189 1361 2237 536
1379 2188 1431 2238 sq.

809 2250 844 2287 7.
871 2252 964 2274 nova
986 2243 1169 2289 progenies,
1199 2250 1332 2275 novum
1364 2240 1432 2276 ho-

805 2288 944 2324 minum
972 2301 1099 2338 genus,
1127 2301 1220 2324 nova
1247 2288 1428 2335 succeffio,

804 2339 977 2382 nascitur,
1006 2343 1058 2376 νέοι
1087 2339 1215 2379 πληθὺς
1239 2341 1370 2391 ἀνδξῶν,
1387 2343 1426 2381 h.

803 2390 968 2428 meliores
984 2400 1018 2428 et
1028 2392 1207 2441 justiores,
1225 2403 1264 2429 ut
1277 2392 1316 2429 in
1330 2406 1427 2431 novo

802 2456 918 2480 rerum
950 2443 1078 2480 ordine
1106 2453 1141 2480 et
1174 2457 1279 2481 aurea
1308 2455 1425 2485 aetate.

802 2494 938 2531 Eadem
953 2506 1040 2530 mox
1057 2494 1106 2532 vs.
1152 2509 1190 2545 9.
1204 2512 1286 2546 gens
1303 2512 1421 2535 aurea.

799 2545 949 2583 Hefiod.
977 2545 1027 2583 Ο.
1047 2556 1082 2583 et
1102 2546 1152 2582 D.
1184 2559 1254 2597 109
1282 2550 1424 2598 χρύσεον

798 2601 883 2644 ’γένος
911 2600 1056 2648 μεξόπων
1086 2598 1274 2648 ἀνὲξώπων.
1329 2599 1420 2638 Non.

796 2649 912 2699 igitur
946 2649 992 2686 ad
1017 2663 1166 2700 puerum
1198 2650 1320 2688 referri
1345 2652 1417 2689 hoc

796 2702 930 2751 potest;
957 2701 1020 2752 qui
1047 2702 1093 2738 ab
1118 2715 1159 2738 ea
1186 2701 1417 2740 discernitur.

780 2757 915 2811 stfrget,
933 2753 1117 2802 procedet,
1136 2764 1255 2790 ortum
1281 2763 1316 2790 et
1344 2753 1416 2791 ini-

792 2814 882 2842 tium
899 2804 1046 2841 habebit
1062 2804 1131 2842 hoc
1145 2818 1256 2855 puero
1268 2815 1370 2842 nato.

846 2869 904 2893 10.
931 2868 1005 2894 tuus
1025 2858 1107 2907 jam
1142 2867 1260 2908 regnat
1284 2855 1412 2906 Apollo.

786 2913 816 2934 “
844 2907 1030 2996 Ulgmum
1056 2906 1222 2946 saeculum
1244 2907 1411 3009 oslegldgti,
