1821 3381
339 267 850 345 BUc0L1cA,
917 285 1109 335 ECL.
1163 285 1272 333 vn.

1372 300 1457 348 133

682 438 932 470 coRYnon.

135 517 352 565 Muscofi
377 517 542 575 fonteS‚
566 528 611 564 et
634 515 798 563 somno
823 516 1012 564 mollior
1036 515 1195 573 herba,
1392 527 1449 575 45

140 608 205 656 Et
227 625 336 672 quae
356 626 438 656 vos
461 626 561 656 rara
585 607 744 655 viridis
763 608 883 671 tegit
900 608 1092 654 arbutus
1109 607 1292 664 umbra,

138 699 398 746 Solstitiurn
423 715 581 763 pecori
605 698 845 745 defendite
859 721 872 753 ;
900 697 1007 761 jam
1031 696 1160 743 venit
1181 698 1314 744 aestas

140 793 357 850 Torrida,
384 793 488 857 jam
513 794 623 839 laeto
646 805 835 855 turgent
858 791 907 838 in
931 792 1130 854 palmite
1150 806 1379 854 gemmae.

675 899 911 930 TITYRUS.

142 974 241 1022 Hic
259 974 410 1034 focus,
434 986 479 1021 et
502 973 643 1022 taedae
665 975 885 1038 pingues,
909 973 986 1021 hic
1010 974 1242 1038 plurimus
1267 974 1392 1039 ignis

138 1064 349 1128 Semper,
373 1077 419 1112 et
441 1063 631 1112 adfidua
653 1063 805 1127 postes
829 1064 1030 1128 fuligine
1052 1065 1195 1130 nigri.

1396 1080 1459 1130 50

138 1155 240 1202 Hic
263 1167 451 1203 tantum
474 1156 635 1203 Boreae
660 1172 878 1203 curamus
906 1157 1098 1220 frigora,
1121 1170 1358 1221 quantum

139 1247 238 1294 Aut
261 1263 516 1295 numerum
539 1247 694 1312 lupus,
717 1260 797 1295 aut
822 1248 1046 1295 torrentia
1064 1249 1265 1297 flumina
1287 1250 1432 1314 ripas,

183 1427 200 1456 4
204 1426 236 1456 5.
260 1417 365 1448 mollior
385 1417 449 1448 alba
476 1416 635 1455 Parrhas.,
657 1415 740 1448 forte
767 1428 826 1460 pro
852 1418 930 1460 alga,
959 1419 1046 1461 quod
1072 1419 1247 1462 repetitum
1273 1432 1314 1453 ex
1341 1431 1372 1453 v.
1397 1429 1453 1459 42.

140 1468 249 1500 Burm.

137 1571 195 1603 sec.

337 1469 391 1507 46.
417 1471 458 1501 Et
481 1482 538 1511 quae
556 1482 602 1500 nos
626 1482 696 1500 rura
719 1468 835 1512 fragm.
851 1471 975 1502 Moret-

135 1520 300 1551 Schrader.
347 1520 385 1550 Et
397 1532 454 1561 quae
471 1532 540 1551 rara
553 1522 617 1560 tegit
633 1521 733 1549 viridis
749 1533 797 1550 vos
815 1521 915 1551 Goth.
930 1521 987 1552 sec.

284 1580 336 1612 49.
360 1578 386 1601 et
405 1572 544 1612 plurimus
571 1571 704 1611 Menag.
730 1581 777 1612 pr.

1022 1485 1067 1502 nos
1082 1472 1181 1503 etiam
1197 1473 1384 1515 conjiciebat
1400 1474 1454 1516 Jo-

1078 1522 1132 1560 48.
1152 1526 1221 1554 lento
1237 1524 1359 1556 Medic.
1378 1535 1396 1555 a
1412 1536 1456 1555 m.

866 1581 919 1610 51.
943 1573 1022 1603 Hinc
1043 1580 1151 1605 tantum
1177 1575 1282 1606 Servii
1311 1583 1458 1620 tempore

137 1621 309 1655 nonnullos
338 1621 446 1664 lchffe
476 1621 608 1663 colligas
633 1632 650 1652 c
677 1621 796 1653 scholio
817 1622 858 1653 ad
875 1633 903 1653 v.
924 1633 977 1665 49.

189 1784 254 1823 45.
271 1771 428 1810 FeIicior
439 1771 509 1809 fuit
520 1776 632 1823 poeta
646 1772 683 1810 in
698 1773 767 1812 hoc

137 1832 175 1861 et
193 1824 306 1861 altero
331 1823 558 1861 tetrasticho:
586 1825 675 1861 alter
698 1824 766 1861 fri-

136 1889 207 1926 gus
242 1884 278 1912 et
310 1875 476 1912 umbram
511 1888 574 1926 per
608 1875 765 1913 aestivum

137 1938 277 1978 tempus
293 1927 428 1970 laudat,
455 1927 544 1964 alter
568 1926 689 1964 focum
710 1928 765 1964 hi-

137 1978 249 2015 berno
279 1987 452 2029 tempore.
505 1982 618 2029 somno
644 1977 769 2016 mollior

137 2029 258 2074 herba,
287 2043 330 2067 cx
344 2029 535 2067 Theocrit.
567 2031 764 2080 expreffiim

139 2080 248 2130 Idyll.
269 2081 322 2125 ν,
353 2095 401 2132 50
427 2085 510 2131 {tgna
536 2083 620 2119 ΞῙπνω
644 2093 763 2128 μκλκ-

138 2136 279 2182 κὼτεξαι.
333 2135 490 2172 τάπητες
523 2136 613 2171 {iam
643 2145 763 2180 μιλκ-

139 2188 270 2235 κῶτεξοι
297 2185 391 2230 XV,
416 2198 500 2237 125.
520 2186 571 2223 Cf.
595 2186 702 2223 Valk.
722 2201 759 2238 p.

137 2251 189 2285 40
196 2250 226 2287 ς.
243 2237 332 2287 406.
353 2236 454 2274 mollis
460 2240 592 2286 somnus
609 2237 761 2275 sollcnni

138 2289 251 2339 epith.
273 2289 345 2326 Ge.
365 2288 419 2333 ΙΙ,
440 2301 532 2339 470,
554 2302 626 2325 non
646 2289 764 2326 minus

137 2353 180 2376 ac
200 2341 301 2379 mollis
318 2339 447 2386 herba;
475 2340 562 2377 hinc
576 2353 762 2391 compara-

137 2391 192 2428 tio
208 2392 329 2429 dufta.
369 2391 548 2428 Caeterurn
564 2406 598 2430 v.
611 2395 764 2443 45—-60

138 2455 222 2479 cum
247 2442 447 2479 Theocrito
479 2444 629 2480 certavit
655 2443 765 2493 Idyll.

141 2494 251 2538 VIII,
270 2507 316 2543 33
338 2494 412 2544 sqq.
468 2496 530 2544 46.
558 2495 711 2540 arbutus,
727 2509 764 2534 v,

140 2545 188 2582 ad
202 2545 283 2583 Ecl.
299 2545 371 2589 HI,
389 2548 450 2585 82.
505 2561 589 2582 rara
599 2558 682 2583 vero
693 2561 766 2584 um-

141 2597 219 2641 bra,
236 2606 298 2634 aut
317 2606 356 2634 ut
373 2597 417 2634 ad
449 2606 610 2634 naturam
630 2597 768 2635 arboris

134 2647 285 2686 humilis
309 2661 374 2686 nec
404 2647 600 2685 admodum
618 2649 769 2699 patentis

139 2699 362 2750 respiciatur,
381 2710 440 2738 aut
460 2709 499 2736 ut
517 2715 600 2736 rara
617 2714 690 2738 non
707 2714 767 2738 ur.

138 2751 296 2801 gendum
311 2751 366 2796 fit,
380 2762 417 2789 ut
432 2750 574 2796 E01.V‚
590 2766 626 2802 7.
673 2751 766 2790 Dic-

139 2813 216 2840 tum
235 2815 319 2841 vero
336 2815 402 2855 pro
419 2816 429 2841 z
449 2814 479 2851 ct
496 2818 512 2841 o
529 2802 664 2850 arbute,
691 2819 767 2857 quae

831 1779 910 1824 tegis
936 1789 982 1810 eos
1006 1784 1094 1816 etc„
1129 1774 1165 1813 h,
1196 1784 1232 1812 et
1265 1788 1290 1814 o
1322 1776 1457 1824 arbuti,

830 1839 910 1874 quae
935 1832 1044 1876 tegiris
1072 1825 1189 1863 fontes
1219 1840 1301 1864 cum
1331 1828 1455 1868 herba.

831 1891 893 1927 47.
914 1877 1086 1926 Solstitium
1105 1884 1213 1927 pecori
1225 1881 1403 1929 defendite,
1417 1882 1456 1922 h.

831 1929 986 1964 calorem
1005 1941 1044 1964 ac
1066 1928 1140 1965 vim
1159 1928 1241 1967 solis
1255 1930 1292 1967 in
1305 1930 1457 1970 solstitio

830 1979 1029 2023 constituti,
1044 1979 1069 2015 s.
1091 1980 1314 2030 fimpliciter‚
1332 1983 1456 2029 aestivi.

830 2044 850 2067 a
864 2044 994 2081 pecore
1009 2031 1209 2079 prohibete.
1227 2033 1360 2072 Horat.
1378 2035 1455 2075 Od.

829 2081 862 2127 I,
889 2096 947 2133 17,
970 2095 988 2131 3
1009 2084 1149 2120 Fa-mus
1163 2086 1295 2135 igneam
1312 2087 1460 2138 defendit

827 2137 970 2184 aestatem
989 2134 1120 2184 capellis
1138 2145 1208 2173 etc.
1263 2136 1347 2176 Cic.
1365 2137 1454 2178 Cat.

828 2185 911 2234 maj.
934 2199 953 2236 5
959 2198 978 2234 3
996 2202 1071 2224 uva
1087 2189 1207 2235 vestita
1215 2194 1384 2240 pampinis
1401 2204 1459 2230 nec

827 2239 943 2275 modico
970 2247 1074 2286 tepore
1096 2249 1200 2281 caret,
1227 2250 1259 2276 et
1283 2246 1393 2278 nimios
1400 2244 1458 2291 so-

827 2289 870 2326 lis
887 2289 1033 2338 defendit
1050 2291 1195 2327 ardores.
1250 2291 1310 2329 Sic
1329 2296 1456 2343 ἀρκεῖν,

829 2344 993 2390 ἔπαξκεῖν,
1020 2343 1162 2386 ἀμύνειν,
1188 2344 1326 2390 ἀλέξειν,
1342 2347 1458 2384 ἀλάλ-

829 2410 902 2430 κειν.
942 2391 1037 2428 Mox
1048 2407 1082 2431 v.
1099 2395 1147 2442 48
1167 2404 1297 2447 turgere
1313 2400 1430 2447 ὂςγᾷν.

882 2456 946 2494 49.
967 2444 1081 2488 taedae,
1092 2445 1209 2496 ligna,
1224 2459 1245 2483 e
1263 2445 1382 2497 picea,
1396 2449 1458 2487 seu

829 2495 932 2546 pinu.
988 2494 1120 2533 Versus
1137 2508 1182 2533 ex
1201 2498 1239 2534 T
1240 2498 1362 2538 heoer.
1383 2499 1458 2546 XI,

833 2561 852 2599 5·
863 2561 894 2585 1.
964 2560 1025 2598 50.
1047 2550 1146 2598 postes
1167 2550 1321 2601 fithgine
1352 2557 1458 2604 mJng,

832 2608 956 2648 utpote
987 2598 1024 2635 in
1042 2612 1194 2650 paupere
1222 2601 1369 2652 tugnrio
1386 2604 1461 2641 fine

833 2650 1027 2702 καπνοδόκῃ.
1063 2665 1123 2701 51.
1139 2651 1196 2688 EX
1208 2652 1368 2692 Theocr.
1380 2654 1459 2700 IX,

838 2715 896 2739 12.
915 2712 1003 2751 13et
1023 2714 1153 2751 19.20.
1210 2718 1270 2756 5²·
1289 2721 1459 2745 numerum

831 2752 942 2803 lupus,
961 2763 1000 2791 ut
1028 2763 1214 2793 numerato
1238 2757 1363 2807 pecori
1377 2770 1460 2808 par-

832 2815 907 2844 Cat·

1294 2859 1458 2912 53-56·
