1987 3361
413 253 1089 327 EDITIONIBUS.
1256 294 1412 329 max

99 418 222 468 itaque
246 414 358 465 usque
375 426 458 452 cum
475 425 538 464 per
555 412 740 463 ingenium
759 412 934 458 nostrum,
961 412 1060 463 quod
1085 413 1172 451 alias
1197 413 1243 452 ab
1272 414 1340 454 hac
1363 417 1417 456 rei

97 474 280 515 litterariae
298 473 495 511 subtilitate
512 481 547 508 et
565 471 811 509 sollicitudine
829 471 1010 517 abhorret,
1036 482 1116 511 turn
1139 487 1204 526 per
1220 476 1290 513 otii
1306 477 1416 515 nostri

98 537 274 575 rationem
301 533 423 578 licuit,
449 545 492 569 eo
518 532 685 582 progreffi
717 531 853 575 summ,
878 540 915 568 et
941 533 1255 584 quandoquidem,
1282 545 1322 573 ut
1338 536 1415 574 fata

97 607 134 635 et
151 593 404 634 viciflitudines
415 591 617 641 Virgiliani
637 600 754 628 textus
772 589 987 640 cognoscere
1003 592 1191 642 possemus,
1208 593 1415 633 editionum

98 656 232 708 aliquis
249 653 408 692 recensus
424 651 529 689 nobis
565 650 808 688 conficiendus
835 660 926 694 erat,
952 664 1037 689 cum
1065 651 1140 689 haec
1167 652 1244 703 ipsa
1271 666 1324 692 res
1349 654 1416 691 ali-

97 726 271 768 quantum
290 711 456 751 utilitatis
472 710 602 747 habere
619 709 817 754 videretur,
837 709 1087 759 subjunximus
1103 720 1139 748 et
1157 712 1268 759 hunc,
1289 726 1416 765 quam-

24 812 27 817 ,
98 786 278 826 quam-eo
296 769 447 809 consilio
474 782 548 806 non
576 778 794 820 pertextum,
822 778 861 805 ut
888 768 940 805 ita
966 780 1236 820 proponeretur.
1289 772 1416 824 ltaque

99 848 166 873 nec
184 833 316 872 mirum
333 829 531 872 videbitur,
559 828 583 865 fi
613 832 650 866 in
677 828 918 872 rectntioribuss
943 829 1104 880 hzfjusque
1128 836 1278 880 inprimis
1279 833 1417 880 saecale}

96 891 316 931 editior-ibus
333 887 555 926 recensendis
571 887 691 925 minus
717 887 913 938 diligentes
939 901 1046 937 quam
1078 888 1118 926 in
1148 889 1415 940 antiquioribus

98 952 194 989 forte
219 950 282 989 vifi
313 948 471 992 orimus3
506 959 580 984 non
613 947 711 984 enirn
744 947 790 983 ad
818 945 1008 984 confilium
1035 949 1190 985 nostrum
1221 948 1417 1000 spefiabass

99 1023 224 1049 omnes
248 1007 442 1049 editiones,
472 1005 533 1043 sed
561 1017 618 1042 eas
646 1017 944 1048 commemorare,
971 1006 1067 1044 unde
1096 1006 1236 1058 aliquid
1269 1008 1338 1046 five
1366 1011 1415 1048 ad

98 1068 350 1121 Virgilianum
368 1075 509 1103 textum
526 1063 655 1103 auxilii
674 1065 744 1102 five
761 1064 807 1101 ad
824 1064 854 1114 ej
862 1078 898 1102 us
916 1073 1034 1103 textus
1051 1065 1232 1104 historiam
1258 1067 1414 1118 praefidii

96 1128 276 1181 expectari
290 1126 415 1179 posset.

486 1293 612 1332 SAEC.
641 1292 737 1337 XV,
760 1293 1024 1348 1467——1500-

151 1381 279 1420 Editio
303 1378 462 1431 Virgilii
483 1385 632 1431 princeps
655 1380 702 1417 est
721 1381 889 1425 Romana,
905 1381 973 1430 ι1ἐῶ
993 1382 1145 1432 auspiciis
1171 1381 1295 1420 Paulli
1317 1382 1366 1420 II
1379 1388 1414 1420 in

98 1442 188 1480 domo
204 1443 302 1479 Petri
314 1441 353 1477 de
369 1442 526 1477 Maximo
536 1449 599 1489 per
617 1440 649 1476 C
649 1441 809 1476 onradum
827 1450 858 1476 et
874 1440 1057 1478 Arnoldum
1075 1440 1259 1480 Teutonicos
1278 1441 1413 1490 (Conr.

98 1499 334 1538 Sweinsheim
351 1508 387 1536 et
406 1499 499 1536 Arn.
513 1497 705 1545 Pannartz)
727 1497 875 1543 excusa,
895 1499 961 1536 sub
981 1512 1129 1545 annum,
1155 1499 1219 1550 qui
1235 1501 1413 1551 expressus

101 1569 221 1598 tamen
238 1572 310 1596 non
327 1558 388 1600 est,
421 1557 513 1608 1467
531 1557 588 1594 vel
607 1557 719 1608 1469.

160 1618 317 1669 (Eadem
335 1617 456 1668 paullo
472 1616 546 1666 post
563 1615 735 1666 repetita:
764 1623 804 1652 ut
821 1615 911 1652 adeo
929 1615 971 1652 fit
989 1616 1156 1653 Romana
1174 1615 1193 1652 I
1210 1626 1246 1654 et
1262 1616 1332 1663 Π.)

156 1677 230 1714 DL
247 1675 463 1726 exemplaria
479 1680 499 1699 ³*
528 1675 628 1726 prelo
655 1674 793 1719 exiisse,
818 1687 838 1712 e
869 1683 953 1711 nota
983 1675 1046 1712 illa
1064 1675 1222 1725 Epistola
1241 1675 1414 1727 Episcopi

102 1735 292 1774 Alerienfis
310 1734 356 1771 ad
375 1733 519 1770 Sixtum
543 1733 602 1769 IV
623 1745 671 1770 20
688 1732 805 1770 Mart.
836 1746 928 1782 1472
947 1732 1081 1783 scripta
1099 1734 1249 1770 constat.
1268 1734 1414 1771 Memo-

102 1804 227 1834 rarunt
253 1794 346 1831 hanc
362 1791 562 1830 editionem
580 1791 735 1828 Orlandi
758 1791 898 1841 Ortgine
925 1805 943 1826 e
970 1790 1138 1842 Progmffi
1160 1790 1249 1828 della
1275 1792 1418 1842 Stampa

102 1869 140 1907 p.
158 1857 206 1894 68
223 1863 259 1891 et
275 1855 365 1904 428.
419 1850 609 1888 Maittaire
626 1849 755 1888 Annal.
775 1860 900 1902 typogr.
925 1849 977 1888 T.
994 1850 1028 1895 I,
1048 1864 1084 1901 p.
1109 1863 1170 1901 14,
1210 1850 1270 1888 sed
1290 1850 1320 1888 is
1335 1864 1415 1889 eam

102 1927 177 1952 non
194 1913 354 1957 viderat3
380 1920 416 1948 et
442 1909 663 1947 Fontaninus
692 1910 783 1959 Hzst.
802 1910 868 1947 litt.
887 1908 1035 1960 Aquilei.
1066 1921 1150 1959 pag.
1170 1921 1235 1958 4ο.
1288 1909 1413 1947 Accu-

102 1983 178 2011 rate
204 1972 250 2010 de
275 1985 316 2009 ea
333 1970 410 2022 egit
439 1969 553 2006 Card.
582 1968 760 2020 Qirinus
777 1969 817 2004 de
842 1971 1034 2018 opt.str1'pt.
1053 1969 1125 2006 edd.
1145 1970 1197 2006 ad
1220 1968 1340 2005 Paulli
1366 1969 1417 2005 II

104 2032 203 2081 Gesta
219 2044 302 2082 pag.
327 2043 391 2082 191
423 2028 518 2079 sqq„
546 2027 608 2065 ubi
625 2041 669 2064 ex
685 2027 830 2078 epistola
851 2027 913 2076 Jo.
940 2027 1112 2072 Andreae,
1136 2025 1298 2077 episcopi
1324 2027 1414 2065 Ale-

102 2091 237 2135 rienfis‚
264 2091 384 2134 docet,
411 2088 592 2139 duplicem
621 2087 666 2125 ab
683 2100 727 2125 eo
749 2086 948 2124 editionem
976 2086 1077 2123 fuiffe
1104 2086 1339 2131 adornatam3
1370 2086 1411 2125 P.

106 2149 236 2188 Franc.
257 2149 356 2187 Xav.
387 2148 494 2185 Laire
512 2148 550 2185 in
579 2147 735 2198 Specim.
753 2146 924 2183 historico
953 2145 1225 2197 Typographiae
1243 2145 1418 2185 Romanae

105 2210 231 2259 (Rom.
261 2210 372 2260 1778,
393 2208 449 2257 8.)
483 2221 518 2258 p.
543 2219 610 2257 147
631 2205 706 2256 sqq.
725 2215 795 2243 tres
822 2206 912 2244 adeo
939 2205 1118 2243 editiones
1143 2206 1211 2243 fibi
1240 2205 1332 2243 visas
1349 2207 1416 2243 esse

102 2268 274 2319 putabam
301 2280 425 2304 verum
451 2279 605 2304 errorem
632 2266 706 2315 ejus
723 2265 838 2302 severe
856 2265 1042 2316 castigavit
1059 2265 1119 2315 Jo.
1149 2265 1253 2316 Bapt.
1274 2265 1414 2302 Audis-

102 2327 198 2365 fredi
216 2327 255 2364 in
271 2326 451 2377 Catalogo
467 2325 548 2364 hist.
576 2324 659 2363 crit.
679 2323 926 2361 Romanarum
944 2323 1151 2361 editionum
1179 2323 1298 2361 saeculi
1334 2323 1415 2360 XV

106 2386 251 2436 (Romae
273 2387 385 2436 1783,
403 2387 458 2434 4.)
478 2399 514 2435 p.
532 2396 577 2422 22
593 2383 644 2434 sq.
659 2395 707 2434 79
718 2381 772 2433 sq.
817 2382 919 2419 Idem
935 2381 990 2418 vir
1004 2381 1131 2419 doelus
1147 2381 1305 2433 priorem
1319 2395 1415 2420 anno

109 2448 207 2496 1469
236 2444 386 2482 alterum
416 2457 506 2495 1471
540 2442 700 2493 affignat.
752 2441 888 2478 Iterum
907 2439 1050 2491 copiose
1077 2440 1123 2477 de
1140 2439 1260 2491 priore
1277 2440 1353 2492 egit
1370 2440 1417 2478 de
1476 2462 1483 2471 =

104 2504 198 2542 Bure
220 2502 272 2551 (in
290 2501 477 2554 Catalogue
494 2503 548 2539 des
565 2502 689 2538 Livres
705 2500 745 2536 de
762 2501 841 2538 Duc
856 2501 896 2536 de
921 2499 959 2537 la
993 2499 1141 2538 l‘’all1·c⁷re
1169 2499 1219 2536 T.
1250 2498 1304 2542 Π,
1325 2499 1364 2538 Ρ.
1382 2500 1400 2536 Ι
1405 2530 1417 2545 ‚

105 2576 142 2614 p.
164 2564 211 2612 78
232 2560 283 2612 sq.
337 2560 438 2610 cujus
465 2559 694 2597 bibliothecae
710 2558 891 2608 exemplar
909 2558 1013 2609 hujus
1037 2557 1210 2595 editionis
1238 2557 1283 2595 L.
1313 2571 1410 2608 4101

103 2620 249 2659 veniisse
266 2617 431 2666 dicitur.)
480 2617 603 2654 Nemo
621 2626 741 2654 tamen
758 2629 803 2653 ex
821 2615 877 2653 his
895 2616 1026 2653 critico
1045 2614 1213 2653 acumine
1232 2614 1421 2653 instruffilus

104 2679 313 2717 interiorem
331 2675 417 2714 libri
435 2675 702 2713 aestimationem
722 2674 811 2712 fecit
829 2683 889 2711 aut
905 2673 1023 2712 facere
1040 2672 1173 2724 potuit.
1227 2673 1286 2710 Est
1300 2683 1419 2710 autem

105 2737 254 2788 epistola
286 2734 436 2785 Joannis
471 2733 628 2771 Andreae
660 2732 707 2770 ad
743 2734 953 2783 Pomponium
995 2732 1253 2784 Irgfortunatum
1287 2730 1420 2782 scripta

259 2858 280 2879 st
301 2857 388 2889 Vere
405 2856 597 2889 CCLXXV
612 2855 725 2899 primae
741 2862 773 2889 et
786 2855 923 2888 totidem
938 2854 1068 2888 alterius
1082 2853 1244 2887 editionis.
1338 2902 1350 2940 l

1314 2916 1335 2939 a
1353 2905 1420 2942 teri
