1987 3361
398 269 511 361 DE
577 306 1057 358 VIRGILIO.
1215 322 1419 356 ccxxnt

236 451 348 500 Sola
371 447 540 497 fucatis
561 447 737 495 variare
759 444 898 492 dietis

238 535 442 600 Paginas
464 530 643 578 nescis:
678 530 771 586 sed,
793 540 953 592 aperta
973 525 1208 591 quicquid

239 617 424 665 Veritas
446 614 622 680 prodit,
642 611 813 660 recinis
834 627 918 674 per
933 625 1093 657 aevum

636 693 868 757 Simplice
890 692 1072 755 lingua.

239 783 318 832 Tu
341 782 627 831 senescentes
650 778 814 826 titulos
831 778 1051 825 laborum

239 867 381 914 Flore
403 862 614 911 durantis
637 878 821 924 reparas
839 859 1068 925 juventae.

240 945 428 992 Militat
452 944 615 990 Virtus
640 941 762 995 tibi;
797 954 844 988 te
860 953 1052 988 notante

629 1023 843 1070 Crimina
864 1023 1060 1086 pallent.

236 1108 316 1156 Tu
336 1106 426 1154 sori
449 1106 626 1163 turbas,
650 1105 959 1168 strepitusque
982 1105 1095 1163 litis,

233 1188 425 1252 Effugis
442 1188 571 1235 dulci
589 1187 832 1234 moderata
854 1199 1012 1244 cantu,

235 1274 343 1322 Nec
367 1271 592 1320 retardari
614 1270 794 1333 pateris
820 1270 1030 1337 loquelas

630 1353 882 1416 Compede
905 1352 1063 1399 metri.

240 1435 336 1483 His
362 1435 466 1483 fave
489 1434 655 1482 diffis:
689 1432 944 1495 retegenda
966 1433 1062 1479 vita
1086 1431 1151 1482 est

239 1518 372 1567 Vatis
394 1516 600 1574 Etrusci,
622 1515 766 1562 modo
789 1515 871 1578 qui
892 1530 1103 1577 perenne

240 1601 466 1650 Romulae
487 1598 595 1646 voci
617 1599 760 1646 decus
784 1597 1033 1659 adrogavit

633 1683 858 1730 Carmine
884 1682 1030 1729 sacro,

110 1778 315 1830 Maeonii
338 1780 577 1845 specimen
609 1776 725 1825 vatis
752 1777 1014 1824 veneranda
1036 1775 1292 1826 Maronem

108 1868 311 1915 Mantua
334 1865 556 1913 Romulae
579 1854 822 1928 generavit
845 1863 1042 1909 fiumina
1065 1862 1261 1925 linguae.

107 1948 230 2010 Quis
255 1947 457 1993 facunda
480 1958 584 1993 tuos
609 1946 827 2004 toleraret
851 1943 1043 1990 Graecia
1062 1942 1200 1990 fastus
1219 1944 1238 1989 ?

107 2029 229 2094 Qis
249 2042 433 2077 tantum
461 2029 635 2092 eloquii
659 2028 881 2091 potuisset
905 2027 1023 2073 ferre
1041 2040 1305 2074 tumorem:

109 2113 306 2161 AEmula
330 2112 588 2173 Virgilium
611 2110 748 2157 tellus
772 2110 858 2155 nisi
881 2109 1037 2155 Tusca
1060 2109 1287 2156 dedisset?
1389 2123 1413 2172 5

106 2195 240 2242 Huic
265 2196 457 2259 genitor
475 2197 646 2260 figulus
668 2197 808 2242 Maro
830 2194 1048 2241 nomine:
1086 2194 1242 2241 cultor
1262 2195 1419 2258 agelli,

107 2273 181 2320 Ut
200 2275 404 2323 referunt
428 2278 524 2334 alii,
546 2278 675 2324 tenui
703 2276 919 2323 mercede
941 2277 1136 2324 locatus.

106 2356 196 2403 Sed
221 2358 378 2420 plures
403 2361 607 2424 figulum
631 2384 642 2415 ;
676 2361 780 2425 quis
804 2378 898 2407 non
922 2361 1150 2408 miracula
1172 2377 1332 2410 rerum

106 2439 234 2485 Haec
260 2440 472 2504 stupeat?
506 2443 636 2490 dives
672 2456 831 2506 partus
853 2444 914 2489 de
935 2458 1143 2506 paupere
1169 2460 1287 2491 vena

105 2521 320 2568 Enituit:
358 2524 492 2587 figuli
516 2523 697 2570 soboles
721 2540 842 2570 nova
865 2525 1077 2571 carmina
1102 2525 1258 2572 finxit.
1358 2543 1419 2576 10

109 2607 268 2654 Mater
293 2607 424 2654 Polla
448 2606 552 2664 fuit,
570 2608 725 2671 Magii
743 2622 837 2652 non
856 2607 1019 2654 infima
1039 2609 1212 2669 proles,

107 2687 268 2756 Qem
292 2691 505 2738 socerum
528 2692 737 2755 probitas
764 2691 878 2738 fecit
895 2692 998 2755 jam
1021 2692 1147 2738 clara
1174 2692 1383 2740 Maroni.

107 2772 234 2822 Haec
253 2791 366 2822 cum
390 2787 576 2822 maturo
598 2786 897 2838 premeretur
917 2775 1126 2838 pondere
1149 2774 1345 2832 ventris,

261 2900 299 2940 5.
317 2886 393 2927 vid.
414 2887 459 2925 ad
478 2887 603 2927 Vitam
622 2886 731 2939 Virg.
753 2898 785 2926 a.
807 2888 894 2938 684.
1003 2900 1039 2934 7.
1059 2886 1084 2924 1.
1102 2885 1210 2926 locati.

1345 2935 1419 2984 Ut
