1821 3381
349 266 851 330 BUCOLICA,
915 271 1289 322 EcL.V111.
1379 294 1468 342 147

154 403 480 471 Verbenasque
503 407 638 454 adole
662 407 856 470 pinguis
881 419 928 454 et
952 407 1158 455 mascula
1181 421 1311 457 tura:
1405 414 1433 459 6
1439 426 1462 474 5

154 500 384 564 Conjugis
408 513 460 547 ut
484 500 683 564 magicis
707 500 838 546 sanos
861 511 1070 550 avertere
1088 499 1225 548 sacris

150 591 381 654 Experiar
402 590 582 645 sensus;
617 591 736 638 nihil
758 591 836 638 hic
862 591 947 638 nifi
972 593 1183 639 carmina
1204 593 1386 641 desunt.

151 683 329 729 Ducite
372 682 431 727 ab
477 681 593 728 urbe
634 680 851 738 domum,
885 697 990 727 mea
1034 684 1259 742 carmina,
1304 685 1465 734 ducite

277 772 522 835 Daphnin.

150 863 373 910 Carmina
395 865 468 911 vel
492 864 619 910 coelo
638 862 826 926 possunt
847 863 1079 911 deducere
1104 864 1289 913 Lunam
1305 891 1319 922 ;

148 953 450 1001 Carminibus
476 955 614 1002 Circe
637 953 784 1000 socios
810 955 1011 1000 mutavit
1035 955 1170 1002 Ulixi
1188 979 1201 1010 ;

1398 974 1462 1021 70

188 1080 244 1112 66.
272 1082 398 1124 Cot-{jugis
416 1087 442 1111 et
455 1082 566 1122 magicis
583 1079 702 1111 Moreti
718 1079 851 1122 primus.
894 1087 1020 1110 avertere
1025 1082 1120 1121 ῥῖψα
1137 1083 1317 1123 Exp.st]crt‘r
1333 1083 1457 1124 Monet,

145 1138 248 1172 quart.
277 1139 309 1163 et
332 1131 476 1162 Parthas.
519 1133 622 1171 iffiznos
639 1137 746 1160 vertere
770 1130 894 1160 emend.
922 1133 973 1172 Jo.
995 1131 1156 1162 Schrader.
1248 1133 1299 1164 68.
1323 1136 1460 1176 Daphnin

144 1182 262 1223 ubique
277 1182 414 1225 reposui,
436 1192 494 1224 pro
520 1182 665 1223 Daphnim
678 1194 688 1210 :
712 1188 748 1212 ut
764 1181 916 1222 scriptura
936 1181 991 1211 fibi
1008 1182 1163 1212 constaret
1177 1194 1185 1212 :
1211 1183 1276 1214 vid.
1293 1185 1332 1215 ad
1349 1186 1388 1223 ΙΙ,
1405 1187 1463 1218 26.

232 1234 284 1275 69.
307 1233 443 1264 Versum
459 1232 626 1274 adoptavit
643 1233 772 1262 Petron.
790 1241 852 1271 134
868 1232 900 1262 in
918 1231 1010 1263 verss.
1038 1233 1075 1263 de
1100 1233 1172 1275 saga
1191 1242 1241 1273 13.
1291 1237 1424 1268 Carmina
1444 1252 1459 1269 e

144 1286 205 1314 caelo
225 1284 365 1327 Giphan.
389 1286 429 1315 ad
448 1286 576 1315 Lucret.
599 1295 646 1325 pr.
672 1284 734 1322 463
753 1294 769 1313 e
793 1283 924 1324 scriptis.
970 1290 995 1313 et
1018 1297 1031 1313 e
1053 1286 1112 1314 caelo
1128 1296 1165 1315 ex
1182 1285 1320 1327 antiquis
1335 1288 1457 1330 aliquot

143 1335 374 1377 exemplaribus
387 1336 494 1367 laudat
510 1334 643 1366 Pierius.
692 1336 824 1365 Carmina
842 1336 890 1364 vel
907 1331 1001 1364 limam
1016 1336 1075 1365 [celo
1086 1337 1211 1366 deducere
1226 1338 1333 1379 poſjimt
1349 1339 1458 1370 Schol-

144 1387 223 1418 Stat.
238 1387 346 1418 Theb.
367 1389 390 1424 Ι,
407 1396 477 1424 104.
569 1396 620 1426 70.
647 1388 729 1417 Ulixi
744 1386 854 1416 Heins.
873 1397 889 1416 e
903 1385 1024 1416 Medic.
1041 1392 1072 1416 et
1094 1387 1245 1425 Mentel„
1268 1399 1364 1429 quem
1385 1392 1456 1423 vide

145 1438 188 1469 ad
203 1438 235 1469 h.
254 1438 275 1469 l.
323 1440 390 1470 Nec
406 1447 515 1469 tamen
542 1438 664 1469 codices
689 1448 740 1468 me
766 1444 944 1475 moverent,
966 1436 1023 1467 nisi
1039 1444 1161 1468 veteres
1176 1440 1386 1472 Grammatici
1400 1442 1457 1473 ob-

143 1488 316 1527 servarent,
348 1489 410 1520 dici
440 1491 559 1520 Achillei
583 1497 614 1520 et
644 1491 747 1520 Ulixei.
803 1488 906 1518 Achilli
930 1496 962 1519 et
989 1490 1079 1519 Ulixi.
1106 1489 1146 1520 cf.
1183 1490 1222 1520 ad
1252 1492 1329 1522 AEn.
1361 1494 1400 1532 ΙΙ,
1423 1505 1454 1534 7.

143 1541 279 1580 Scilicet,
301 1548 456 1583 quantum
486 1539 602 1581 affequi
628 1540 713 1578 licet,
735 1538 876 1574 Ὀδυσσεϋς
904 1539 966 1571 fuit
991 1540 1236 1582 pronuntiatum
1264 1543 1378 1574 Ulixem
1387 1559 1397 1579 ;
1422 1553 1455 1576 et

142 1708 203 1751 lis,
229 1716 420 1745 coronatur
451 1719 525 1750 ara,
552 1704 705 1742 verbena
723 1703 763 1742 in

140 1773 200 1796 ara
219 1758 442 1799 accenditur,
461 1771 543 1794 cum
562 1766 652 1793 ture.
671 1763 765 1793 vitta

139 1810 242 1855 molli,
279 1809 364 1860 quia
398 1809 513 1846 lanea.
569 1809 603 1844 T
606 1807 759 1845 heocrit.

138 1862 250 1912 Idyll.
271 1862 324 1906 II,
345 1875 362 1898 z
383 1862 443 1898 οἷὸς
458 1864 567 1911 ἀώτῳ.
597 1863 659 1910 65.
680 1860 761 1895 Ver-

139 1914 225 1952 bena
260 1913 370 1951 modo
400 1912 445 1949 de
480 1912 581 1949 omni
608 1910 716 1947 herba
742 1924 763 1948 e

138 1965 237 2003 sacro
254 1966 336 2002 loco
352 1963 479 2015 petita,
498 1963 608 2000 modo
633 1963 679 1998 de
695 1975 756 2012 ge-

137 2029 220 2053 nere
236 2016 358 2066 aliquo
376 2014 452 2052 dici
466 2015 628 2058 videtur3
657 2023 695 2050 ut
714 2026 759 2050 ex

136 2068 274 2111 Plinio,
293 2067 416 2104 Servio
435 2066 598 2117 aliisque,
627 2065 759 2103 docent

135 2119 208 2157 viri
237 2118 335 2157 docti
368 2117 414 2155 ad
443 2118 480 2156 h.
508 2119 534 2155 l.
561 2127 597 2154 et
624 2117 757 2167 paffim.

136 2171 327 2222 Masculum
345 2181 396 2207 tus
424 2168 601 2207 vocabant
625 2177 759 2205 veteres

134 2224 314 2273 optimum
343 2234 384 2259 ac
414 2220 754 2272 praestantissimum:

135 2273 235 2311 idem
256 2276 430 2326 stagonias
461 2272 690 2322 appellatum,
719 2270 757 2308 in

133 2334 246 2376 guttae
279 2325 432 2375 speciem
468 2323 688 2365 rotundum3
718 2331 758 2359 ut

132 2389 178 2413 ex
215 2375 431 2414 Dioscoride
465 2388 506 2411 ac
539 2374 632 2412 Plin.
662 2373 755 2418 XII,

138 2442 185 2477 14
200 2428 354 2466 docuere
371 2426 442 2463 viri
471 2425 582 2463 docti.
610 2440 645 2462 v.
665 2425 755 2462 Cer-

131 2479 193 2517 da.
247 2478 309 2517 66.
316 2481 418 2528 sanos
432 2488 636 2515 avertere—
650 2481 752 2526 ensus.

134 2530 246 2567 Recte
264 2530 365 2566 Serv.
384 2542 404 2565 a
432 2528 580 2565 sanitate
598 2539 751 2573 mutare,

136 2591 359 2632 pervertere3
387 2583 623 2630 παξατξέπειν.
693 2579 752 2617 Est

130 2645 196 2684 pro
231 2632 398 2683 vulgari:
427 2631 466 2669 in
500 2631 632 2669 amoris
661 2630 752 2667 insa-

131 2684 231 2721 niam
262 2694 413 2728 vertere,
440 2682 602 2720 insanum
632 2694 751 2720 amore

129 2735 288 2772 reddere.
342 2734 472 2771 Puellae
499 2733 635 2771 mentio
651 2734 751 2770 nulla

127 2787 182 2829 fit,
207 2800 228 2823 a
241 2787 341 2836 cujus
358 2798 477 2824 amore
492 2799 574 2822 eum
591 2794 749 2824 avertere

126 2847 163 2876 et
179 2851 327 2876 avocare
342 2837 457 2889 poffit.
498 2837 610 2888 Apud
622 2836 745 2874 Theo-

1393 1595 1455 1626 alia

830 1703 963 1741 critum
980 1704 1042 1745 est,
1070 1702 1168 1741 sacro
1197 1704 1339 1755 magico
1357 1707 1453 1746 fauo

830 1756 1014 1792 incantare
1043 1754 1280 1793 καταθύεσὲακ
1309 1758 1335 1794 l.
1367 1758 1392 1794 l·
1413 1773 1450 1797 V.

830 1820 850 1855 3
870 1808 927 1843 τΩς
944 1808 996 1844 τόν
1014 1808 1084 1853 Enoc*
1108 1809 1210 1857 βαξῦν
1236 1811 1330 1846 εὖντα
1362 1812 1453 1858 φίλων

827 1857 1069 1905 κκταθύσομαι
1102 1860 1214 1909 ἄνδξκ.
1255 1864 1341 1909 sani
1366 1875 1451 1899 vero

827 1910 980 1947 ornandi
997 1911 1111 1948 caussa
1130 1912 1306 1960 adjectum
1324 1923 1332 1947 ε
1363 1914 1449 1962 quia

826 1962 872 1998 ad
892 1962 1066 1999 insaniam
1083 1974 1118 1999 et
1150 1975 1306 1999 amorem
1333 1975 1448 2002 verte-

823 2013 899 2050 bat.
954 2014 1087 2065 Conjux
1104 2014 1218 2064 simpl.
1237 2023 1387 2059 amator,
1409 2026 1448 2054 ut

823 2065 900 2114 sup.
940 2069 999 2107 18,
1032 2075 1068 2102 et
1099 2065 1144 2101 fic
1181 2064 1250 2102 Gr.
1282 2068 1373 2115 ἀνὴρ,
1405 2078 1446 2110 ut

824 2114 1016 2153 Theocrit.
1067 2123 1217 2154 carmina
1241 2118 1286 2154 de
1304 2118 1446 2169 magica

824 2167 980 2204 formula
999 2167 1135 2218 accipe.

875 2220 936 2268 69.
966 2219 1023 2256 De
1039 2219 1094 2255 his
1112 2219 1336 2270 teratologiis
1368 2235 1442 2258 ma-

820 2270 985 2320 gicarum
1003 2270 1135 2307 artium
1154 2271 1201 2306 ad
1227 2284 1349 2308 omnes
1365 2282 1444 2310 tan-

821 2331 899 2359 tum
927 2335 999 2359 non
1047 2323 1171 2373 po'e'tas
1201 2322 1372 2372 plurima,
1402 2334 1442 2361 ut

818 2373 930 2410 solent
948 2373 1020 2411 fere
1038 2373 1076 2409 in
1108 2373 1162 2410 his
1181 2374 1343 2411 munifici
1360 2375 1442 2420 effe,

817 2424 897 2461 loca
925 2425 1103 2475 collegere
1142 2424 1375 2475 interpretes;
1403 2440 1439 2464 v.

819 2476 866 2512 ad
897 2475 1030 2512 Horat.
1050 2475 1169 2526 Epod.
1197 2475 1235 2512 V
1252 2486 1288 2513 et
1305 2476 1435 2515 XVII.

818 2526 957 2565 Lucan.
989 2527 1061 2571 VI,
1087 2539 1164 2577 420
1193 2536 1264 2565 etc.
1295 2528 1438 2567 Tibull.

817 2578 851 2622 1,
887 2591 924 2622 2,
960 2591 1024 2627 32,
1047 2587 1083 2615 et
1110 2579 1145 2616 h.
1173 2579 1198 2615 l.
1218 2579 1339 2615 Cerda
1356 2579 1438 2616 alii-

817 2643 907 2679 que;
928 2629 1051 2680 itaque
1068 2629 1129 2666 hic
1143 2630 1357 2680 pauciffimis
1372 2630 1436 2668 de-

814 2680 924 2732 fungi
942 2680 1081 2718 licebit.
1134 2681 1275 2717 Interea
1304 2682 1347 2718 ad
1381 2682 1439 2718 su·-

813 2731 1060 2783 perstitionum
1090 2732 1221 2769 caussas
1254 2733 1437 2770 attendere

811 2783 920 2821 velim
956 2783 1131 2826 animum,
1166 2793 1205 2819 ut
1239 2782 1435 2833 intelligas,

807 2837 874 2874 effe
892 2835 966 2872 fere
983 2847 1040 2872 eas
1057 2845 1117 2872 aut
1137 2847 1158 2871 a
1169 2834 1272 2872 rebus
1282 2834 1437 2872 insolitis

858 2887 945 2924 Kz
1399 2893 1437 2923 et
