1987 3361
414 309 525 358 DE
597 309 1072 359 VIRGILIO.
1225 326 1439 364 ccxxvrr

112 449 178 497 Et
201 449 435 497 Rutulum
469 450 641 497 tonuit.
712 449 891 496 Biffena
915 448 1155 496 volumina
1178 448 1307 496 sacro
1347 463 1438 496 100

116 530 362 579 Formavit
385 532 560 578 donata
583 532 724 588 Duci‚
761 532 1000 579 trieteride
1019 542 1199 592 quarta.

113 612 204 660 Sed
228 616 346 672 loca,
380 630 489 677 quae
514 614 646 678 vulgi
669 614 954 661 memoravit
979 613 1151 661 tradita
1171 612 1295 663 fama

111 693 335 758 AEquoris
360 708 405 743 et
429 707 582 752 terrae,
603 682 777 741 'statuit
797 711 1070 758 percurrere
1094 706 1242 752 vates,

33 832 36 836 A
113 778 299 825 Cestius
323 790 376 825 ut
398 778 531 825 libris
550 778 689 824 oculo
711 778 918 826 dictante
942 792 1142 827 notaret.

109 856 356 923 Pei-gitur:
379 873 433 909 ut
459 861 684 909 Calabros
710 862 885 925 tetigit,
908 863 1059 909 livore
1082 862 1276 909 nocenti
1337 874 1418 925 105

107 934 376 999 Parcarum,
408 943 661 990 vehemens
685 943 867 990 luxavit
891 959 1090 1007 corpora
1113 943 1324 990 morbUS.

105 1015 208 1066 Hic
232 1020 315 1068 ubi
337 1021 605 1087 languoreS,
641 1034 686 1069 et
710 1021 804 1069 fata
827 1023 1058 1070 minantia
1081 1022 1250 1070 senfit:

487 1105 629 1144 Caetera
646 1107 783 1144 deerant
796 1112 831 1144 in
848 1107 1047 1158 exemplari·

719 1229 790 1281 II.

32 1343 36 1347 -
104 1308 178 1356 De
198 1309 388 1371 operibus
411 1308 662 1372 Virgiliam's
699 1311 851 1356 incerti
873 1315 1074 1360 amoris.
1111 1313 1214 1359 ibid.
1247 1314 1322 1362 lib.
1348 1315 1414 1364 II.

644 1391 735 1454 Ep.
766 1406 872 1454 173.

103 1474 373 1523 Maeonium
393 1474 603 1539 quisquis
628 1474 871 1521 Romanus
895 1475 1042 1524 nescit
1065 1477 1355 1541 Homerum,

164 1557 250 1605 Me
274 1558 416 1621 legat,
451 1569 496 1604 et
518 1557 693 1604 lectum
715 1558 877 1604 credat
899 1570 1155 1622 utrumque
1179 1562 1282 1611 fibi.

100 1637 234 1684 Illius
259 1639 515 1686 immensos
539 1639 737 1689 miratur
761 1638 951 1686 Graecia
974 1655 1201 1704 campos:

160 1719 247 1767 Ast
268 1719 426 1768 minor
441 1721 505 1767 est
529 1720 681 1776 nobis,
716 1719 794 1767 sed
815 1719 935 1766 bene
958 1721 1128 1780 cultus,
1159 1740 1286 1787 ager.

94 1802 209 1850 Non
230 1805 400 1867 pastor,
434 1804 586 1861 mileS,
621 1820 706 1851 nec
731 1819 904 1856 curvus
929 1805 1078 1852 deerit
1100 1819 1267 1854 arator.

158 1886 283 1934 Haec
308 1888 465 1936 Graiis
484 1888 697 1936 constant
720 1887 915 1952 fingula,
950 1889 1079 1957 trina.
1094 1891 1233 1939 mihi.

121 2059 455 2107 ALclNol
490 2059 593 2108 DE
627 1979 1011 2108 Vlllilolfflo.
1038 2063 1142 2109 ibid.
1168 2063 1257 2128 Ep.
1288 2070 1395 2128 178.

87 2139 162 2187 De
183 2159 380 2190 numero
402 2155 563 2190 vatum
586 2142 620 2189 fi
643 2142 748 2206 quis
773 2143 966 2206 seponat
991 2143 1282 2204 Homerum,

150 2223 398 2274 Proximus
420 2243 445 2273 a
466 2227 627 2290 primo
649 2239 754 2274 tum
779 2227 936 2284 Maro,
971 2227 1153 2290 primus
1178 2230 1283 2277 erit.

83 2303 148 2350 Et
171 2305 205 2352 fi
227 2308 331 2369 post
351 2308 564 2371 primum
586 2309 727 2356 Maro
750 2309 1001 2372 seponatur
1025 2309 1300 2358 Homerum
1315 2330 1330 2361 ;

151 2387 317 2453 Longe
340 2391 428 2440 erit
450 2408 477 2438 a
497 2393 669 2455 primo,
705 2393 900 2456 quisque
923 2393 1153 2441 secundus
1178 2393 1281 2441 erit.

82 2562 127 2608 C.
154 2563 339 2626 Sulpicii
357 2565 652 2629 Apollinaris(
660 2582 735 2629 ap.
760 2564 936 2612 Donat.
967 2564 1387 2629 Carthaginiensis)

142 2647 425 2694 Grammatici
442 2651 486 2695 in
507 2649 731 2696 AEneidem
753 2647 1044 2710 Virgilicmczm.
1063 2647 1166 2693 ibid.
1180 2646 1266 2709 Ep.
1285 2662 1300 2693 1
1313 2663 1389 2710 74,

121 2727 266 2788 supra
287 2730 331 2774 in
354 2729 522 2779 Donato
544 2733 582 2790 §.
609 2743 685 2793 57.

73 2808 270 2872 Jufl'erat
293 2812 395 2862 haec
420 2815 598 2879 rapidis
616 2815 795 2862 aboleri
822 2815 1034 2863 carmina
1059 2814 1266 2862 flammis

135 2893 376 2961 Virgilius,
411 2899 674 2964 Phrygium
695 2916 805 2964 quae
827 2901 1039 2947 cecinere
1062 2900 1251 2948 ducem.

427 2987 483 3033 ΙΙ,
511 3004 531 3043 ς
551 2992 664 3032 deerit.
718 2990 764 3029 al.
782 2989 872 3042 defit.
891 2989 1030 3031 melius.

656 3066 690 3114 p
727 3064 752 3098 2
1024 3099 1028 3102 f
1221 3042 1386 3091 Tucca
