1821 3381
351 248 880 311 GEORGICON‚
936 250 1218 300 LIB.111.

1370 258 1463 315 46ῐ

142 384 307 448 Qam
330 385 497 433 multae
510 386 755 449 pecudum
773 386 939 449 pestes.
979 386 1084 434 Nec
1109 386 1291 451 fingula
1307 387 1469 436 morbi-

144 478 354 540 Corpora
379 477 653 540 conripiunt
672 501 684 532 ;
720 477 798 525 sed
822 489 922 525 tota
945 478 1105 526 aestiva
1128 491 1336 543 repente,

139 566 381 630 Spemque
414 583 704 631 gregemque
743 567 897 627 fimul,
932 569 1247 633 cundtamque
1288 569 1350 616 ab
1374 571 1472 619 ori-
1499 569 1504 571 ’

340 657 453 720 gine
475 670 686 721 gentem.

142 747 274 796 Tum
296 747 425 805 sciat,
460 748 603 796 aerias
629 749 768 812 Alpis
793 760 839 796 et
859 748 1038 798 Norica
1061 750 1094 797 fi
1121 751 1230 814 quis

148 837 350 885 Castella
374 837 421 883 in
438 837 651 893 tumuliS‚
675 848 721 883 et
738 835 929 899 Iapydis
950 853 1060 884 arva
1096 837 1306 898 Timavi,

1373 853 1464 906 475

184 980 259 1012 471.
279 972 404 1012 pecodum
417 968 503 1000 Gud.
540 975 668 1011 pecorum
684 970 766 1000 Ven.
817 970 980 1012 Acfingula
1009 970 1106 1003 Goth.
1130 981 1342 1013 pr.—-—473.
1366 981 1473 1017 totaque

145 1023 181 1053 ab
196 1025 297 1065 origine
314 1021 493 1052 Zulichem.

583 1029 655 1059 474.
682 1020 759 1051 ‘Tunc
771 1021 894 1052 Medic.
937 1029 985 1052 aut
998 1023 1106 1054 Norica
1120 1023 1266 1055 Parrhas.
1311 1033 1337 1055 et
1350 1037 1470 1069 congrua

147 1073 229 1104 Ven.
280 1075 401 1102 Gnorica
419 1070 550 1102 Zulich.
595 1084 628 1101 ac
645 1073 753 1102 Norica
766 1072 867 1103 Goth.
880 1072 937 1104 sec.

1028 1082 1103 1112 475.
1130 1075 1244 1116 Iapydis
1259 1075 1472 1111 scribendum.

147 1125 217 1156 vid.
230 1124 394 1156 Drakenb.
413 1124 453 1154 ad
470 1123 543 1154 Liv.
557 1124 678 1160 XLIII,
692 1133 724 1162 5.
769 1123 891 1154 Graecis
904 1123 975 1155 sunt
985 1123 1118 1159 Ἰαὶποδες.
1165 1126 1213 1156 Ut
1227 1127 1311 1169 apud
1323 1128 1423 1161 strab.
1441 1134 1476 1161 et

154 1175 265 1217 steph.
296 1176 375 1216 Byz.
421 1176 537 1216 Iapygis
554 1175 692 1204 Roman.
708 1181 740 1205 et
757 1174 880 1206 Medic.
899 1175 1010 1215 Pierii,
1035 1175 1210 1208 Gudianus.
1256 1177 1348 1210 NIale
1364 1179 1475 1212 defen-

151 1227 248 1260 debat
263 1226 396 1258 Pierius.
411 1238 493 1257 arma
509 1225 621 1257 vitiose
637 1225 746 1268 vulgg.
765 1225 937 1258 nonnullae.

143 1338 296 1385 hiemem,
315 1341 503 1392 procellas,
518 1340 649 1379 imbres
662 1357 673 1387 3
700 1355 774 1380 non

145 1401 220 1428 tam
239 1393 365 1438 creber,
384 1392 527 1436 crebro,
546 1398 629 1436 ruit,
647 1393 685 1432 h.
700 1407 774 1431 non

145 1450 222 1480 tam
242 1444 360 1481 crebri
378 1457 420 1481 ac
438 1443 637 1494 frequentes
658 1445 774 1483 turbi-

146 1506 208 1533 nes
226 1494 263 1531 in
289 1496 379 1532 mari
406 1496 634 1535 exoriuntur.
677 1496 775 1534 conf.

150 1545 293 1596 Georg.
329 1547 402 1591 IV,
439 1551 500 1585 80.
539 1549 599 1585 81.
661 1551 777 1598 pestes,

145 1597 281 1636 morbi.
332 1601 471 1648 aestiva,
498 1607 539 1635 ut
561 1612 596 1636 v.
619 1599 670 1649 64
678 1612 777 1649 pecu-

146 1654 240 1694 aria,
260 1662 325 1699 pro
338 1650 520 1701 gregibus,
556 1663 647 1700 473.
667 1654 779 1701 Spem-

147 1708 660 1790 3355ng5³23ng

201 1816 290 1855 474.
317 1802 501 1854 Tumsciat
518 1803 665 1855 aliquiS‚
683 1816 780 1840 mor-

150 1853 207 1891 bis
225 1866 319 1892 totos
335 1869 461 1906 greges
475 1857 605 1907 abripi.
651 1855 779 1905 Sequi-

149 1916 210 1943 tur
237 1907 337 1944 locus
369 1907 416 1944 de
445 1908 539 1958 pesta
560 1906 779 1945 auelumnali

150 1969 398 1995 armentorum
429 1973 471 1996 ac
507 1972 658 2009 gregum
687 1960 778 1995 cele-

149 2008 341 2053 berrimus,
357 2010 587 2048 adumbratus
598 2023 618 2046 e
634 2010 780 2047 Lucret.

152 2059 224 2103 VI,
245 2063 341 2110 1136
359 2063 436 2112 sqq.
491 2062 587 2099 Cum
606 2074 679 2111 quo
693 2074 779 2098 con-

152 2111 308 2149 ferendae
322 2113 401 2150 sunt
430 2127 449 2150 a
475 2112 636 2150 studiosis
652 2113 777 2150 harum

151 2175 270 2200 rerum
309 2164 597 2202 adolescentibus
641 2164 781 2201 nobiles

149 2214 358 2264 pestilentiae
388 2217 648 2266 descriptiones
684 2215 780 2264 apud

151 2265 370 2317 Hippocrat.
403 2267 573 2318 Epidem.
598 2266 670 2310 ΙΙΙ,
697 2266 779 2304 sesi.

154 2329 192 2365 3,
210 2331 294 2368 pag.
320 2320 409 2356 1081
434 2319 510 2369 sqq.
530 2319 621 2357 edit.
637 2318 780 2357 GeneV.

155 2369 231 2415 (etsi
249 2369 325 2406 haec
343 2382 416 2407 non
435 2372 536 2420 pestis
548 2369 691 2421 proprie
701 2369 781 2406 (lic-

151 2428 203 2464 ta,
249 2420 308 2457 sed
341 2422 452 2470 lues).
524 2422 697 2469 Thueyd.
729 2421 781 2465 Π,

149 2484 200 2520 47
221 2469 316 2521 sqq.,
343 2482 418 2510 tum
437 2473 552 2511 Ovid.
577 2473 670 2510 Met.
692 2472 782 2518 VII,

154 2524 228 2572 518
265 2524 343 2572 sqq.
389 2524 523 2561 Silium
558 2523 671 2569 XIV,
708 2529 775 2576 581

154 2573 232 2622 sqq.
261 2573 398 2613 Lucan.
415 2575 485 2619 VI,
506 2580 553 2614 80
568 2575 645 2625 sqq.
673 2574 781 2613 Sene-

155 2636 236 2661 cam
257 2626 386 2676 OEdip.
408 2640 453 2677 35
475 2627 549 2676 sqq.
579 2627 640 2677 qui
659 2640 782 2664 omnes

156 2675 348 2713 Maronem
367 2679 522 2714 aemulati
548 2678 641 2720 sunt,
670 2678 780 2716 varie-

158 2736 231 2764 tate
245 2739 390 2765 ornatus
414 2728 572 2765 mirabili
624 2729 784 2780 Compa-

158 2779 308 2816 rationis
327 2780 430 2830 hujus
456 2781 595 2830 gustum
614 2781 697 2817 dare
722 2794 785 2832 po—

159 2830 224 2867 test
259 2829 419 2883 Scaliger
454 2831 518 2869 lib.
554 2831 589 2869 V
626 2831 788 2871 Poetices
856 2835 934 2876 vid.
965 2837 1014 2877 acl
1045 2838 1185 2878 'libuit
1221 2839 1292 2883 iV,
1327 2855 1338 2878 ι

840 1356 920 1394 cap.
945 1357 1004 1382 11.
1058 1343 1136 1382 Hic
1151 1344 1297 1396 quidem
1317 1346 1470 1389 mireris,

841 1395 931 1445 quid
968 1396 1110 1447 Intrpp.
1150 1397 1356 1444 adduxerit,
1416 1410 1473 1446 Ut.

843 1447 918 1497 post
934 1446 1115 1492 Servium,
1135 1448 1224 1486 hanc
1243 1451 1371 1499 pestem
1388 1464 1472 1490 ean-

843 1498 927 1535 dem
943 1511 1026 1535 cum
1044 1498 1122 1544 illa,
1149 1513 1227 1551 quae
1255 1501 1474 1554 Peloponne-

845 1548 894 1585 fio
908 1548 1004 1587 bello
1021 1549 1164 1588 ineunte
1182 1552 1345 1591 Atticam
1372 1555 1474 1592 inva-

845 1600 902 1644 fit,
927 1601 993 1638 effe
1006 1601 1276 1649 existimarent3
1304 1619 1383 1656 quae
1398 1607 1476 1658 ipsa

846 1664 900 1688 res
915 1663 952 1689 et
969 1653 1069 1690 alteri
1082 1655 1196 1691 errori
1214 1655 1335 1693 locum
1354 1659 1473 1704 dedit,

848 1713 888 1740 ut
920 1705 1042 1741 omnia
1066 1705 1210 1756 utrique
1237 1709 1364 1746 morbo
1381 1710 1475 1747 inter

846 1754 1009 1792 homines
1041 1765 1076 1793 et
1113 1757 1236 1795 bestias
1267 1763 1476 1799 communia

846 1806 913 1844 effe
946 1807 1089 1846 vellent.
1168 1809 1342 1860 Respexit
1377 1813 1474 1851 haud

847 1857 958 1894 dubie
987 1864 1097 1909 poeta
1133 1860 1282 1899 similem
1314 1864 1473 1915 aliquam

847 1909 1104 1956 calamitatem,
1131 1921 1208 1950 tum
1228 1914 1375 1962 quidem
1393 1917 1475 1955 satis

847 1972 987 2004 notam,
1013 1976 1093 2012 quae
1111 1975 1192 2001 ante
1217 1966 1366 2016 aliquod
1385 1978 1474 2006 tern-

847 2025 911 2061 pus
926 2013 1266 2054 maximeafflixerat
1278 2018 1475 2065 Noricum,

849 2065 886 2101 h.
906 2074 1031 2108 terras,
1061 2079 1145 2115 quas
1164 2081 1259 2106 nunc
1285 2070 1477 2123 Episcopa-

850 2125 907 2152 tus
933 2116 1203 2168 Salzburgicus‚
1233 2134 1362 2171 magna
1398 2125 1476 2161 Au-

849 2167 940 2204 striae
954 2181 1035 2218 pars
1062 2182 1144 2207 cum
1164 2172 1274 2208 Stiria
1291 2183 1325 2209 et
1345 2174 1475 2212 Carin-

851 2218 943 2262 thia,
961 2231 1126 2269 occupat.
1158 2225 1273 2261 abb-ias
1288 2225 1334 2260 A]
1340 2238 1398 2275 pes
1411 2240 1475 2263 vo-

849 2279 923 2314 cat,
949 2283 1121 2322 perpetuo
1137 2275 1319 2312 montium
1338 2277 1475 2328 epithe-

852 2330 902 2358 to.
954 2337 1043 2374 475.
1073 2325 1221 2374 castella
1249 2332 1366 2377 po'etae
1397 2329 1477 2366 sunt

852 2372 931 2410 loca
948 2374 1061 2418 edita,
1088 2383 1249 2427 adeoque
1281 2390 1316 2415 et
1339 2379 1476 2418 habita--

851 2424 967 2464 tiones
983 2425 1022 2463 in
1040 2427 1130 2464 locis
1144 2429 1268 2473 editis,
1296 2430 1385 2475 vici,
1411 2432 1477 2469 vila

851 2475 907 2514 lae.
962 2478 1019 2514 De
1048 2478 1138 2516 locis
1181 2480 1330 2518 munitis
1361 2484 1477 2535 accipi

851 2540 922 2564 non
941 2530 1054 2578 potest
1073 2531 1110 2566 in
1129 2531 1211 2567 loco
1229 2533 1292 2581 qui
1322 2534 1367 2570 de
1400 2535 1478 2585 pas-

853 2579 989 2616 toribus
1007 2580 1095 2631 agit.
1138 2583 1339 2628 Timavum,
1354 2585 1392 2621 in
1410 2586 1477 2623 Ve-

851 2641 1014 2668 netorum
1029 2632 1102 2669 oris
1120 2633 1285 2678 fluvium,
1313 2648 1332 2671 a
1351 2636 1480 2674 vicinis

847 2683 1042 2732 lagg-dibus,
1085 2683 1226 2734 Illyrici
1253 2688 1388 2736 populo
1418 2701 1480 2738 ap—

851 2734 1009 2782 pellavit.
1068 2733 1124 2771 De
1153 2750 1197 2773 eo
1226 2739 1310 2775 vide
1329 2740 1373 2776 ad
1393 2740 1477 2776 AEn.

852 2784 869 2820 Ι
898 2784 988 2823 Exc.
1010 2785 1100 2830 VH,
1128 2798 1163 2823 et
1198 2789 1244 2825 de
1279 2789 1476 2879 lapydillgtgs

1274 2893 1360 2941 456.
1381 2908 1483 2944 regna
