1987 3361
375 312 1038 362 EDITIONIBUS.
1237 327 1372 360 cxut

113 450 342 500 Georgicorum
358 447 440 486 libri
455 458 595 499 quatuor
609 458 639 483 et
657 447 764 495 Rofie.
794 445 948 494 Argent.
959 457 1003 481 ex
1017 442 1152 480 aedibus
1166 443 1375 480 Schureria-

61 508 118 545 nis
1201 506 1236 540 8.
1260 514 1372 552 1515.

114 567 232 604 AEnels
1199 573 1237 609 4.
1262 573 1325 611 151
1337 574 1373 611 5.

114 626 295 663 Maittair.
348 625 398 662 T.
414 624 466 668 ΙΙ,
493 638 530 674 p.
549 637 632 674 ²70·

673 713 685 736 1
696 699 782 749 516.

116 772 281 810 Bucolica.
317 771 468 822 repetita
495 770 584 808 edit.
639 767 799 806 Londin.
838 779 902 818 per
925 765 1160 816 Wynandum
1189 765 1235 802 de
1265 764 1374 802 Wor-

8 827 12 831 ’
62 830 122 869 de.
1199 839 1236 875 4.
1261 839 1273 862 1
1284 839 1302 876 5
1313 825 1372 862 16.

115 890 173 927 Ex
186 890 276 929 edit.
300 903 409 942 1512.
433 903 543 941 1514.

115 952 162 989 P.
184 952 218 987 V
214 976 225 987 0
244 951 302 988 M.
354 951 546 988 Mantuani
561 946 744 985 Bucolicum
762 946 865 982 decem
881 944 1088 996 aeglogarum
1105 954 1180 994 opus
1197 945 1314 992 teificm
1333 957 1374 981 ac

59 1021 210 1048 extrema
235 1020 332 1060 opera
355 1012 570 1060 castigatum:
599 1007 644 1044 ab
670 1008 788 1043 Herm.
821 1004 1014 1040 ‘Tor-remim
1019 1004 1252 1054 familiariter
1276 1013 1374 1052 expo-

46 1070 168 1117 situm,
221 1068 460 1105 Venundatur
501 1066 623 1116 Lypfi.
677 1064 772 1116 apud
809 1061 1053 1099 Melchiorem
1071 1062 1286 1099 Lottherum
1333 1061 1373 1097 in

63 1127 209 1178 regione
227 1127 317 1164 foeni
1198 1135 1237 1171 4.
1263 1122 1374 1173 1516.

110 1187 286 1225 Biblioth.
308 1188 424 1225 Acad.
446 1185 617 1236 Gotting.
636 1183 824 1234 repetitum
842 1195 886 1219 ex
905 1181 993 1218 edit.
1019 1194 1128 1233 1505.

113 1249 274 1299 Georgica
289 1264 361 1286 cum
379 1249 505 1284 Comm.
527 1247 576 1282 H.
602 1244 803 1282 Torrentini.
859 1242 1013 1291 Argent.
1199 1252 1238 1289 4.
1263 1242 1373 1291 1516.

114 1306 172 1343 Ex
191 1307 441 1358 Superioribus
459 1303 685 1354 Argentinis.
895 1328 898 1331 -

113 1360 157 1396 P.
181 1360 222 1396 V.
241 1360 297 1396 Μ.
350 1360 467 1396 AEneis
481 1373 551 1394 mm
568 1356 643 1392 aliis
657 1353 868 1392 carminIbus.
923 1349 1131 1390 Daventriae
1201 1364 1239 1395 4.
1262 1363 1274 1386 1
1285 1351 1373 1401 516.

116 1418 281 1455 Beroaldi
307 1417 454 1468 epistola
484 1415 640 1466 praefixa.
694 1412 772 1449 Effe
789 1423 907 1450 tamen
925 1411 1099 1448 AEneidos
1115 1409 1224 1446 libros
1242 1422 1286 1446 ex
1306 1409 1375 1445 Al-

59 1475 152 1516 d'ino
178 1477 373 1529 exemplari
405 1476 592 1526 castigatos
621 1483 656 1510 et
686 1473 907 1522 recognitos,
948 1469 1120 1508 Carmina
1156 1479 1273 1506 autem
1301 1468 1374 1505 mi-

63 1550 150 1574 nora
167 1550 211 1573 ex
241 1535 478 1586 antiquiffimo
504 1533 698 1583 exemplari
727 1532 924 1568 multorum
941 1530 1152 1567 saeculorum
1172 1527 1374 1578 recognita,

61 1592 137 1646 ipsa
157 1596 315 1646 praefatio
332 1595 439 1632 docet
458 1593 586 1630 inserta
606 1591 786 1628 Maittair.
825 1590 960 1627 Annal.
1014 1588 1064 1625 T.
1100 1588 1152 1630 II,
1173 1600 1255 1637 pag.
1285 1591 1373 1625 288.

62 1656 142 1703 jac.
165 1654 278 1692 Faber
308 1654 438 1704 aliquis
461 1650 706 1702 recognitioni
734 1650 860 1687 horum
884 1647 1087 1685 carminum
1105 1646 1280 1697 praefuisse
1299 1659 1373 1684 me-

64 1724 224 1753 moratur
238 1713 330 1751 ibid.
349 1713 388 1749 in
406 1712 562 1763 Epistola
579 1713 626 1749 ad
644 1708 909 1746 Murmellium.

662 1803 772 1841 1517.

115 1865 228 1913 Opera
259 1863 293 1898 V
290 1862 452 1914 irgiliana
480 1877 503 1897 a
521 1862 656 1902 Servio,
684 1860 829 1901 Donato,
856 1854 1061 1893 Mancinello
1087 1864 1118 1891 et
1145 1853 1276 1898 Pr0b0,-
1303 1868 1375 1892 cum

59 1926 210 1961 adnotat.
239 1922 409 1975 Beroaldi‚
435 1922 528 1973 Aug.
561 1919 688 1964 Dathi,
717 1918 908 1958 Calderini,
941 1917 1056 1952 Badis:
1111 1912 1279 1963 Opuscula
1295 1924 1376 1950 ante

61 1982 423 2031 AEneidem--Excrfit
450 1987 484 2018 in
513 1983 664 2028 qfficiana
673 1982 745 2028 fita
762 1978 929 2015 litteraria
945 1975 1025 2024 Jac.
1051 1973 1167 2010 Sacon
1179 1987 1190 2016 3
1217 1976 1377 2022 impeffas

60 2050 170 2078 autem
179 2040 319 2090 protulit
335 2039 591 2090 Bibliopolarum
608 2041 756 2089 optimus,
775 2037 807 2073 C
809 2041 928 2073 iriacus
942 2032 1128 2083 Hochperg.
1183 2029 1375 2080 Lugduni,

63 2113 85 2137 2
105 2098 207 2137 Voll.
1208 2089 1236 2127 f.
1262 2102 1375 2140 1517.

116 2157 270 2196 Duobus
310 2158 576 2196 Tomis—cum
611 2154 871 2208 expolitiffimis
904 2152 1027 2203 figuris
1057 2160 1094 2188 et
1126 2148 1372 2200 imaginibus:

61 2217 114 2255 ait
143 2218 322 2257 Maittair.
356 2219 406 2256 T.
425 2219 478 2263 ΙΙ,
497 2232 533 2268 p.
555 2230 643 2266 303,
671 2230 749 2267 quae
775 2215 882 2251 nullae
909 2212 989 2249 aliae
1012 2211 1092 2247 sunt
1121 2222 1228 2259 quam
1260 2222 1281 2244 a
1311 2208 1374 2244 Se-

61 2278 219 2317 bastiano
240 2281 348 2318 Brant
367 2279 532 2330 profeC'tae
550 2279 609 2316 ed.
648 2291 756 2330 ¹502·
812 2275 870 2312 Est
899 2283 1016 2310 autem
1046 2269 1215 2320 repetitio
1237 2269 1374 2306 Ascen-

60 2340 184 2384 ᾖπῶς
213 2340 252 2377 id
283 2339 381 2390 quod
407 2337 673 2389 comparatione
706 2335 798 2372 fasta
830 2332 992 2370 intellexi
1027 2328 1219 2378 (Biblioth.
1253 2328 1374 2365 Acad.

63 2399 267 2450 Gotting.).
321 2399 420 2436 Solet
438 2408 474 2436 et
489 2397 612 2434 AEneis
630 2394 818 2446 separatim
836 2390 1077 2430 circumferri.

116 2459 201 2496 Hoc
220 2472 313 2496 anno
337 2472 428 2510 15¹7
454 2458 610 2495 Venetam
627 2471 696 2494 cum
712 2455 960 2491 Commentariis
965 2451 1036 2503 sol.
1068 2446 1262 2486 memorari
1280 2445 1375 2489 vidi,

61 2517 121 2556 sed
138 2516 294 2568 suspecta
311 2517 394 2554 fide.

114 2578 332 2626 Diversarum
361 2588 511 2614 veterum
534 2575 708 2626 pok'tarum
742 2579 776 2610 in
803 2573 968 2620 Priapum
999 2567 1098 2619 lusus.
1151 2567 1196 2603 P.
1237 2566 1278 2602 V.
1315 2565 1374 2603 M.

62 2637 255 2674 Cataleli'a.
298 2637 402 2686 Copa.
443 2635 550 2686 Rqste.
591 2634 716 2671 Culex.
757 2632 872 2668 Dirae.
913 2629 1091 2666 Moretum.
1119 2626 1223 2662 Ciris.
1251 2625 1375 2662 AElna.

62 2697 181 2746 Elegia
200 2702 232 2732 in
250 2695 447 2733 Maecenatis
464 2695 582 2732 obitum
605 2705 636 2731 et
652 2693 724 2730 alia
741 2688 917 2732 nonnulla,
945 2685 1120 2739 quaefalso
1141 2684 1281 2735 Virgilii
1305 2699 1375 2722 cre-

60 2756 194 2791 duntur.
249 2756 459 2806 Argumenta
486 2757 523 2791 in
551 2752 650 2790 libros
670 2752 811 2804 Virgilii
837 2760 868 2787 et
885 2749 959 2786 alia
976 2748 1178 2795 diveifhrum
1196 2742 1374 2793 complura.

25 2855 27 2858 Ι
63 2811 228 2850 Venetiis
262 2812 301 2850 in
335 2813 442 2851 aedib.
486 2811 578 2849 Aldi
608 2821 645 2850 et
681 2811 839 2849 Andreae
876 2806 1001 2845 soceri.
1055 2804 1182 2843 Mense
1219 2801 1375 2838 Decem-

62 2869 118 2908 bri
1204 2862 1239 2898 8.
1264 2871 1374 2908 1517.

113 2930 230 2970 ΤοΜ.
253 2944 282 2971 1.
792 2930 817 2965 h
1282 2916 1375 2954 Haec
