1821 3381
378 323 473 388 396
563 321 616 369 P.
675 321 1049 369 VIRGILII
1118 321 1504 372 MARoNis

364 453 565 517 Propter
587 469 775 515 aquam,
809 452 952 499 tardis
978 453 1143 516 ingens
1167 454 1249 501 ubi
1281 455 1481 502 flexibus
1503 467 1622 502 errat

1618 563 1674 611 15

360 633 421 681 In
444 634 606 681 medio
630 634 749 680 mihi
779 635 935 681 Caesar
953 636 1055 691 erit,
1079 635 1412 698 templumque
1430 636 1628 684 tenebit.

363 545 577 592 Mincius
601 556 647 590 et
667 555 824 589 tenera
847 545 1066 605 praetexit
1089 543 1319 590 arundine
1342 545 1481 607 ripas.

359 724 439 771 Illi
464 724 613 771 vietor
645 741 749 787 ego,
772 737 818 771 et
844 725 994 786 Tyrio
1011 724 1284 786 conspeetus
1308 725 1357 770 in
1376 726 1519 780 ostro,

361 816 570 862 Centum
596 813 904 878 quadrijugos
930 813 1124 878 agitabo
1147 813 1204 860 ad
1229 815 1426 861 flumina
1450 831 1629 863 currus,

361 904 1398 968 Cundtamihi,Alpheumlinquenslueosque
1410 904 1674 956 Molorchi,

363 997 586 1044 Cursibus
611 1009 657 1043 et
680 997 832 1044 crudo
855 998 1077 1044 decernet
1100 997 1290 1044 Graecia
1313 999 1456 1046 cestu.
1623 1011 1687 1046 20

359 1089 484 1153 Ipse,
507 1101 650 1152 caput
672 1088 822 1135 tonsae
847 1089 973 1135 foliis
996 1101 1188 1136 ornatus
1214 1091 1377 1147 olivae,

405 1208 454 1237 17.
473 1198 533 1235 Illi,
549 1197 634 1238 quod
651 1197 769 1238 ubique
785 1197 903 1234 editur,
918 1204 1031 1228 tuetur
1046 1198 1167 1229 Medio
1188 1209 1259 1229 cum
1277 1199 1357 1235 aliis,
1379 1198 1409 1230 h.
1429 1199 1461 1229 in
1479 1198 1610 1230 Caefaris
1627 1197 1687 1230 ho.

358 1258 480 1280 norem.
528 1250 574 1279 At
591 1249 656 1280 Illic
673 1250 848 1285 Romanus,
867 1248 986 1278 Medic.
1005 1259 1079 1279 cum
1102 1249 1170 1280 aliis
1194 1249 1413 1290 antiquissimis
1430 1250 1536 1281 Pierii.
1583 1249 1632 1279 Sic
1650 1250 1683 1280 in

354 1302 464 1332 Franc.
482 1301 515 1330 in
543 1300 730 1341 Cantabrig.
761 1307 792 1330 et
809 1299 980 1336 Arundeh,
1006 1300 1036 1331 h.
1064 1311 1090 1331 e.
1115 1300 1157 1330 ad
1181 1301 1348 1342 templum.
1397 1302 1500 1331 Porro
1517 1310 1543 1331 et
1560 1300 1644 1331 abest
1661 1312 1680 1332 a

360 1351 470 1382 Franc.
562 1359 614 1381 ΖΟ.
639 1350 820 1391 duro—cestu
849 1351 1015 1380 Romanus
1032 1349 1138 1380 Pierii.
1186 1351 1246 1380 Sed
1277 1351 1360 1381 crudo
1387 1350 1510 1388 melius,
1541 1361 1557 1380 e
1586 1351 1686 1381 crudo

357 1402 456 1433 corio.
501 1401 577 1431 AEn.
595 1402 640 1438 V,
658 1401 708 1442 69.
754 1400 878 1431 decernet
888 1399 1029 1430 firmavit
1047 1400 1158 1430 Heins.
1175 1400 1384 1431 vetustiorum
1403 1400 1559 1431 librorum
1575 1401 1685 1432 auSto.
1724 1418 1726 1420 ·

360 1452 458 1484 ritate
474 1464 483 1490 3
499 1451 584 1482 inter
601 1462 681 1492 quos
698 1450 813 1492 fragm.
832 1450 935 1481 Vatic.
982 1450 1031 1480 Sic
1048 1461 1174 1491 quoque
1191 1461 1263 1492 pars
1281 1451 1502 1481 Pierianorum
1519 1462 1591 1481 cum
1608 1451 1679 1483 edd.

361 1504 435 1536 inde
452 1503 492 1534 ab
507 1502 605 1534 Aldd.
650 1503 695 1532 At
714 1501 836 1532 Medic.
853 1501 998 1543 Longob.
1017 1509 1048 1531 et
1064 1501 1118 1532 alii
1132 1502 1251 1532 decertet
1261 1516 1271 1537 ,·
1291 1502 1452 1543 quomodo
1469 1501 1613 1532 nonnulli
1630 1514 1679 1544 ap.

357 1554 638 1594 Heinfig-quatuor
655 1552 802 1589 Martini,
820 1552 918 1582 Goth.
938 1552 994 1583 sec.
1013 1552 1079 1582 Eri.
1099 1563 1171 1583 cum
1189 1559 1266 1584 vett.
1293 1553 1376 1590 edd.;
1403 1560 1434 1583 ct
1456 1552 1495 1583 fic
1516 1553 1637 1584 Medic.
1665 1564 1684 1586 a

358 1618 402 1641 m
420 1607 493 1646 seo,
510 1617 585 1637 nam
602 1605 708 1650 prima
725 1605 880 1648 scriptura
896 1604 929 1635 in
946 1616 984 1636 eo
1001 1612 1032 1636 et
1051 1605 1190 1637 Mentel.
1207 1617 1254 1648 pr.
1273 1616 1308 1636 ac
1326 1607 1434 1636 Franc.
1455 1613 1486 1637 et
1499 1606 1546 1637 ed.
1560 1606 1679 1637 Fabric.

413 1748 472 1787 16.
502 1747 652 1785 'Statua
689 1745 750 1784 dei
783 1746 821 1783 in
865 1745 987 1783 medio

356 1801 508 1851 templo,
529 1804 557 1839 ἐν
578 1805 622 1851 τῷ
640 1805 718 1849 ναῷ,
735 1798 910 1836 sacrario:
948 1807 988 1834 ut

357 1852 446 1902 saepe
464 1853 503 1889 in
523 1853 640 1889 numis
657 1852 792 1908 visitur:
921 1900 929 1907 ·
961 1899 968 1907 ·

413 1917 472 1955 17.
499 1911 610 1942 vic‘i‘or
625 1920 695 1954 ego,
727 1915 792 1958 qui
818 1913 989 1958 carminis

355 1956 510 2006 palmam
538 1969 578 1992 ac
611 1955 763 2005 gloriam
783 1966 820 1988 m
837 1963 988 2001 patriam

354 2008 565 2045 retulerim:
612 2006 652 2042 id
689 2004 787 2055 quod
819 2003 990 2039 absolutis

356 2058 553 2110 Georgicis
570 2071 649 2108 quae
673 2054 832 2106 Neapoli
857 2054 988 2091 scribe-

352 2110 433 2155 bat,
475 2111 637 2147 futurum
669 2116 759 2145 erat.
831 2107 990 2155 Purpura

352 2166 551 2212 cmqspicuum
579 2160 676 2198 dixit
708 2159 758 2202 se,
804 2168 988 2206 tamquam

353 2226 454 2259 eum,
482 2214 546 2264 qui
564 2213 668 2250 ludos
695 2211 831 2253 ederet,
859 2208 987 2259 magis-

352 2273 514 2303 tratuum
556 2264 735 2314 exemplo,
775 2261 839 2311 qui
883 2261 987 2297 ludos

353 2317 529 2354 curabant
557 2325 728 2367 praetexta
746 2311 880 2350 induti.
935 2313 987 2348 At

353 2367 653 2419 triumphantium
696 2376 818 2415 togam
855 2364 988 2414 pi&am

352 2420 438 2458 satis
468 2420 602 2457 constat
631 2429 845 2469 purpuream
889 2414 989 2452 fuiffe

355 2485 444 2510 auro
476 2470 693 2508 distinftam.
755 2466 989 2504 Sacerdotum

351 2536 545 2575 purpuram
558 2522 627 2560 huc
642 2519 816 2559 avocabat
832 2517 987 2557 Servius.

352 2575 408 2613 cf.
430 2575 522 2612 Plin.
561 2573 636 2618 IX,
675 2576 738 2621 35,
774 2570 800 2607 s.
831 2574 892 2608 60.
927 2572 985 2608 18.

353 2627 489 2679 agitabo
507 2641 635 2670 currus,
668 2637 742 2660 non
769 2621 872 2659 aliter
890 2622 986 2658 acci-

352 2679 542 2728 piendum,
571 2690 679 2728 quam
706 2676 849 2726 po'e‘tam
867 2674 986 2711 editu-

353 2744 433 2769 rum
452 2730 570 2773 ludos,
590 2728 630 2765 in
648 2727 777 2779 quibus
795 2725 984 2775 quadrigae

351 2782 557 2824 mittantur,
585 2779 776 2830 agitentur.
842 2777 984 2813 Centum

351 2844 470 2873 autem
480 2835 661 2886 quadrzgas
674 2840 855 2880 tamquam
874 2832 984 2878 po'eta

348 2886 455 2945 ponit
464 2902 478 2935 3
506 2894 542 2925 et
555 2886 650 2923 recte
664 2881 724 2920 hie
743 2892 916 2920 memores
929 2880 984 2919 lo-

1552 1657 1683 1690 decernit.

1054 1758 1138 1783 cum
1165 1744 1308 1782 Tibulli
1324 1746 1357 1789 Ι,
1389 1758 1426 1797 7,
1446 1756 1512 1796 49,
1530 1757 1595 1781 nec
1613 1757 1685 1781 non

1054 1796 1179 1833 Gratii
1196 1798 1374 1848 Cyneget.
1395 1810 1488 1848 5203
1508 1809 1591 1832 nam
1602 1796 1683 1832 sub-

1053 1849 1153 1886 tilius
1181 1863 1287 1898 quarn
1307 1848 1422 1885 verius
1438 1849 1503 1885 effe
1527 1847 1685 1892 videtur,

1053 1901 1150 1949 quod
1180 1902 1255 1949 jam
1283 1900 1425 1936 Servius
1453 1898 1610 1941 monuit,
1638 1900 1686 1936 ad.

1056 1951 1171 1988 XXV
1197 1952 1313 1988 missus
1336 1952 1503 1988 ludorum
1533 1950 1686 1988 Circen-

1055 2002 1142 2039 sium
1162 2004 1229 2039 hoc
1258 2002 1480 2040 referendum
1506 2003 1585 2040 effe.
1639 2004 1691 2040 ad

1039 2057 1205 2101 *flumina
1233 2054 1278 2090 ad
1304 2053 1501 2091 Mincium.
1557 2054 1687 2103 Nugas

1053 2106 1238 2142 Servianas
1255 2105 1380 2142 audire
1406 2118 1479 2142 non
1506 2105 1686 2142 debebant

1051 2157 1282 2208 Interpretes.

1108 2223 1165 2259 19.
1195 2209 1283 2246 Suos
1301 2208 1420 2252 ludos,
1446 2217 1590 2259 propter
1606 2221 1685 2244 ma-

1046 2260 1206 2310 jestatem
1255 2259 1427 2302 numinis,
1469 2260 1530 2297 cui
1581 2259 1684 2303 fiant,

1053 2311 1265 2349 Graecorum
1290 2310 1465 2362 Olympia
1480 2322 1514 2348 et
1533 2311 1685 2349 Nemaea

1053 2364 1258 2400 celebritate
1281 2362 1504 2413 superaturos
1533 2363 1599 2400 effe
1628 2361 1686 2398 di-

1053 2414 1115 2452 cit.
1168 2415 1333 2465 Alpheum
1352 2414 1566 2464 Olympiam
1592 2427 1683 2464 prse-

1054 2466 1183 2503 terlabi
1209 2477 1243 2503 et
1263 2466 1469 2503 Molorchum
1499 2465 1588 2512 (vid.
1610 2465 1683 2501 Ti-

1054 2517 1143 2556 bull.
1169 2518 1242 2562 IV,
1278 2532 1311 2561 1,
1335 2519 1394 2565 13)
1414 2516 1584 2567 excepisse
1600 2515 1684 2552 hos-

1052 2569 1148 2619 pitio
1195 2569 1407 2611 Herculem,
1450 2581 1534 2605 cum
1578 2567 1684 2604 leone

1053 2621 1206 2659 Nemaeo
1241 2621 1431 2657 interemto
1461 2619 1566 2656 ludos
1607 2620 1684 2656 Ne-

1053 2685 1157 2710 maeos
1170 2670 1468 2715 restitueret‚satis
1481 2682 1607 2708 notum
1617 2671 1679 2708 est:

1048 2739 1084 2762 v.
1113 2723 1288 2774 Apollod.
1306 2723 1360 2767 ΙΙ,
1391 2735 1427 2773 ς,
1457 2735 1491 2765 1,
1526 2730 1562 2758 et
1591 2721 1679 2758 Pro-

1047 2776 1113 2813 bus
1127 2776 1174 2812 ad
1191 2775 1227 2814 h.
1248 2775 1273 2814 1.
1285 2774 1531 2817 cruduscestus,
1546 2786 1566 2810 e
1578 2773 1680 2810 corio

1048 2826 1176 2866 crudo.

1099 2889 1245 2920 21022.
1298 2875 1397 2928 Jam,
1430 2873 1530 2928 quod
1561 2873 1609 2931 ,ad
1642 2875 1677 2913 se

1479 2934 1672 2978 pertineat,
