1821 3381
369 309 423 358 16
538 304 642 354 DE
689 304 1060 354 CARMINE
1106 305 1524 357 BUCOLICO.

362 457 469 491 ante
491 457 633 505 quam
665 439 880 486 AEneidis
919 450 1094 501 coeptae
1126 438 1282 501 aliqua
1320 439 1443 487 fama
1478 442 1671 490 exiiss'et.

363 524 488 571 Eam
511 537 622 568 vero
653 519 750 583 ejus
787 519 934 564 laudis
968 518 1260 576 sententiam,
1294 536 1582 584 quamquam
1611 524 1672 570 de

365 606 536 670 cajum
562 616 740 650 veteres
776 602 1007 648 dubitasse
1034 601 1264 660 videntur,
1302 603 1389 650 esse
1425 605 1672 666 probabile

364 689 433 742 sit,
469 700 519 732 ut
540 685 730 748 poetam
754 683 813 728 ab
837 683 1057 744 aequabili
1093 684 1246 745 aliqua
1271 683 1501 747 elegantia
1534 703 1671 734 com-

365 769 558 818 mendet
596 771 636 814 *.
707 766 769 813 Et
793 767 990 826 ⁸fizcclum
1025 767 1223 828 quidem
1261 767 1377 829 quid
1415 767 1484 826 sit,
1511 769 1615 834 jam
1645 787 1671 816 a

365 849 691 916 Qinstiliano
717 848 744 905 †
776 846 1039 909 expositum
1080 846 1159 903 est,
1193 847 1273 909 qui
1298 849 1454 895 decoris
1477 855 1609 914 magis
1631 863 1685 900 el.

363 935 539 981 cxcullae
572 930 782 995 ctgjlffdam
814 929 1034 990 elegantl'ae
1070 930 1391 991 appellationem
1426 943 1591 994 putat3
1627 946 1674 981 et

364 1015 565 1063 refertur
597 1013 791 1074 facetum
832 1010 1031 1056 omnino
1076 1011 1136 1058 ad
1174 1011 1237 1068 id,
1272 1012 1400 1075 quod
1440 1000 1674 1077 placet‘et

356 1095 628 1160 jucundum
674 1091 754 1148 est,
805 1080 1000 1153 propter
1043 1090 1328 1155 elegantiam
1372 1095 1584 1141 maxime
1625 1106 1674 1142 et

364 1179 599 1225 urbanum
636 1175 844 1237 aliquem
886 1173 1100 1235 leporem
1121 1197 1132 1228 ;
1170 1172 1249 1220 sed
1290 1176 1407 1222 molle
1444 1175 1510 1222 ita
1545 1176 1674 1223 acci-

362 1261 595 1326 piendum
624 1257 703 1313 est,
737 1268 787 1303 ut
818 1256 1097 1302 suavitatem
1132 1254 1381 1318 significet,
1414 1273 1522 1320 quae
1559 1276 1674 1308 cum

362 1342 587 1408 aequabili
611 1352 656 1387 et
690 1339 877 1386 remiffo
905 1355 1075 1402 genere
1111 1337 1364 1402 conjuneta
1386 1341 1481 1395 est;
1519 1358 1674 1406 oppo-

363 1426 490 1473 nitur
513 1422 641 1469 enim
665 1434 759 1483 epos
766 1421 889 1482 forte
913 1421 1038 1466 Varii
1069 1421 1197 1476 acris,
1233 1433 1279 1467 et
1319 1422 1446 1483 apud
1480 1421 1673 1469 Cicero-

362 1522 473 1553 nem
510 1503 641 1550 mollis
677 1512 724 1547 et
751 1501 911 1561 remlffa
950 1500 1101 1546 oratio
1141 1500 1482 1548 vehementiori
1514 1514 1560 1549 et
1597 1503 1676 1550 in-

361 1586 567 1642 tentiori‚
579 1601 671 1648 qua
687 1584 835 1630 animi
858 1584 1091 1632 tumultus
1107 1598 1160 1629 ac
1185 1595 1341 1630 motus
1360 1585 1637 1634 excitantur.

426 1671 585 1731 Atque
608 1666 679 1712 his
703 1664 840 1712 dietis
875 1665 956 1711 vix
992 1665 1252 1727 quicquam
1287 1665 1562 1713 addendum
1590 1668 1672 1726 est,

360 1767 413 1802 ut
458 1753 591 1799 illam
635 1748 856 1804 caussam,
905 1763 1012 1810 quae
1051 1759 1151 1794 tam
1188 1746 1380 1794 diverfis
1421 1747 1675 1796 hominum

359 1832 809 1897 doftorumjudiciis
827 1831 1086 1894 disceptata
1102 1816 1675 1894 est‚dijudieemUS‚utru7n

363 1921 568 1982 Viygilius
593 1917 810 1963 Theocrito
838 1917 1030 1977 praestet.
1099 1914 1211 1978 Qa
1245 1915 1294 1960 in
1318 1916 1676 1978 comparatione

360 2000 554 2049 difficile
592 1999 657 2046 est
691 1997 880 2060 affequi‚
912 1996 1029 2058 quid
1056 2011 1229 2058 magna
1265 2011 1430 2042 eorum
1461 2012 1567 2059 pars
1602 1995 1675 2042 se·-

361 2097 507 2148 quuta
550 2082 620 2138 fit,
667 2082 749 2145 qui
796 2079 1058 2141 Virgilium
1108 2078 1370 2125 Theocrito
1408 2079 1457 2126 in
1497 2081 1674 2143 ‘genere

361 2167 582 2213 bucolico
606 2181 750 2227 quam
773 2163 983 2209 maxime
1007 2161 1365 2208 anteferendum
1395 2161 1483 2208 effe
1513 2162 1676 2209 existi-

361 2260 579 2301 marunt;
615 2245 694 2293 sed
719 2243 1055 2291 consuetudine
1080 2243 1191 2301 fere,
1213 2243 1503 2300 auetoritate‚
1518 2258 1675 2290 caeco-

360 2349 452 2396 que
476 2331 636 2394 aliquo
662 2344 821 2377 amore
860 2339 908 2375 et
941 2327 1126 2392 impetu
1164 2345 1241 2376 eos
1281 2327 1388 2375 duci
1432 2326 1671 2389 videas‡;

410 2461 432 2480 ᾗ
460 2458 550 2497 Non
582 2459 674 2497 male
705 2457 889 2496 Boilavius
919 2470 981 2495 ex·
1096 2457 1119 2507 ἵε
1149 2457 1252 2495 Nolo
1277 2457 1451 2510 Scaligeri
1467 2457 1618 2496 criticen
1634 2456 1675 2498 in

357 2512 504 2562 preffiffe
525 2510 642 2548 videri
658 2511 771 2562 potest
784 2510 821 2548 in
836 2511 983 2562 vulgato
1047 2510 1186 2561 poetic.
1216 2510 1282 2548 lib.
1302 2510 1355 2553 V,
1381 2520 1416 2547 et
1445 2509 1507 2560 qui
1523 2523 1604 2547 eum
1622 2508 1673 2546 se-

359 2564 425 2601 illo
447 2575 456 2599 :
1047 2562 1152 2611 quuti
1171 2561 1266 2606 sunt,
1293 2561 1353 2598 hie
1371 2561 1540 2599 excitare.
1587 2561 1674 2604 Sed,

410 2615 542 2653 Sui-ve'z
554 2624 640 2664 pour
658 2613 695 2651 la
718 2624 858 2651 trouver
877 2612 983 2652 Theo-
1048 2626 1128 2662 quae
1158 2626 1300 2663 nuperae
1332 2612 1486 2663 Virgilii
1516 2611 1675 2649 editioni

563 2673 640 2703 crite
657 2677 689 2703 et
712 2665 852 2717 Virgile,
1051 2664 1226 2701 Romanae
1259 2664 1396 2713 adjee'ta
1442 2664 1504 2708 est,
1544 2665 1668 2700 Franc-

409 2715 485 2769 Qt}
510 2718 597 2755 leurs
619 2719 745 2754 tendres
773 2717 894 2760 Ecrits,
916 2727 987 2767 par
1050 2716 1229 2754 Schmeizii
1256 2715 1380 2753 similis
1409 2715 1605 2765 disputatio
1622 2714 1674 2751 ita

561 2768 606 2805 les
625 2769 748 2806 Graces
765 2770 879 2812 dzzee‘s,
1048 2777 1257 2817 comparata
1274 2768 1335 2812 est,
1362 2775 1401 2804 ut
1430 2766 1674 2803 adolescentu-

410 2822 463 2860 Ne
474 2826 610 2872 quittent
618 2826 709 2870 point
720 2835 779 2856 vos
794 2827 897 2857 mains
899 2822 985 2872 jour
1047 2821 1166 2856 lorum
1196 2819 1310 2856 vicem
1339 2819 1473 2860 doleas,
1501 2817 1564 2867 qui
1592 2817 1674 2853 tali-

565 2882 595 2908 et
615 2871 874 2921 rzzcitfhuillele's.
1045 2871 1111 2907 bus
1157 2870 1331 2920 magistris
1364 2869 1500 2918 judicii
1550 2867 1673 2905 critici'

406 2923 435 2972 {3
463 2921 578 2962 Instit.
597 2923 665 2961 Or.
687 2923 760 2968 VI,
782 2936 799 2972 3
800 2952 819 2969 2
841 2935 903 2963 20.
1046 2921 1282 2961 subtilitatem
1300 2930 1448 2959 acuunt.

1379 3003 1672 3059 quamquam
