1821 3381
354 304 444 362 172
529 290 582 344 P.

352 430 594 478 Florentes
620 430 786 476 ferulas
811 442 856 476 et
878 430 1074 492 grandia
1098 430 1196 477 lilia
1217 431 1444 494 quaffans.

642 297 1029 345 VIRGILII
1098 287 1497 350 MARoNI‘s

1601 434 1663 498 ἑὲ

349 520 448 567 Pan
473 520 586 565 deus
611 518 829 564 Arcadiae
857 518 1010 563 venit:
1046 534 1192 580 quem
1216 518 1422 565 vidimus
1448 517 1534 581 ipfi

350 608 628 671 Sanguineis
653 607 778 653 ebuli
801 606 956 653 baccis
982 607 1228 670 minioque
1252 607 1519 653 rubentem.

349 699 528 762 Ecquis
548 699 633 745 erit
648 698 846 745 modus?
872 699 1043 762 inquit.
1113 699 1267 746 Amor
1280 715 1374 746 non
1388 698 1500 745 talia
1517 709 1665 778 curat.-

348 791 454 837 Nec
478 791 685 837 lacrimis
709 791 908 838 crudelis
928 791 1096 847 Amor,
1131 807 1217 837 nec
1241 791 1457 854 gramina
1479 789 1609 846 rivis,

349 879 454 927 Nec
477 881 624 944 cytiso
646 881 905 929 saturantur
926 897 1054 944 apeS,
1078 896 1165 927 nec
1191 879 1355 928 fronde
1376 880 1587 943 capellae.
1604 882 1690 941 30'

393 1057 446 1087 25.
469 1049 558 1077 viola}
582 1058 641 1089 pro
655 1048 770 1088 siv-ulus
795 1034 896 1077 Goth.
924 1047 995 1085 sec„
1026 1040 1079 1078 sed
1104 1046 1170 1077 vid.
1200 1047 1277 1077 Not.

351 1099 434 1130 Cod.
453 1098 576 1129 Barthii
592 1099 623 1128 in
640 1098 775 1129 Advers.
795 1100 886 1135 XLI,
909 1097 963 1135 26,
987 1097 1078 1128 male.

700 1148 750 1179 28.
786 1150 888 1189 ,Ecquis
921 1148 1029 1179 Heins.
1062 1159 1078 1178 e
1103 1148 1219 1179 Medic.
1248 1155 1280 1178 et
1304 1147 1384 1179 aliis.

350 1153 452 1190 mioque
483 1149 603 1179 Medic.

1369 1045 1422 1078 26.
1444 1046 1572 1077 Arcadia
1599 1053 1666 1078 vet·

1178 1107 1228 1136 27.
1251 1099 1322 1128 bacis
1343 1105 1374 1128 et
1394 1097 1446 1128 hic
1470 1097 1576 1127 multi.
1619 1100 1650 1126 m'

1442 1149 1484 1178 Et
1514 1150 1574 1188 quis
1599 1147 1666 1180 alii,

352 1204 489 1234 Amorum
506 1202 576 1232 cod.
594 1201 737 1238 Barthii;
760 1201 846 1242 quod
859 1211 923 1231 non
940 1200 1047 1238 habet,
1059 1211 1115 1230 cur
1129 1201 1179 1230 vir
1195 1201 1308 1231 doetus
1318 1208 1486 1242 tantopere
1504 1211 1668 1231 commen-

351 1254 417 1285 det.
463 1267 506 1284 mcc
517 1255 586 1283 talia
604 1252 746 1284 Parrhas.

352 1312 385 1336 et
409 1304 488 1335 alius
512 1308 570 1346 pro
594 1313 661 1333 var.
678 1302 753 1333 lecit:

353 1466 412 1489 nm
429 1450 559 1493 honore,
584 1448 729 1486 ornatus
758 1447 851 1484 serto
876 1460 896 1484 e
921 1446 977 1484 fe-

353 1502 442 1539 rulis
460 1512 495 1537 et
513 1501 614 1538 liliis.
669 1500 723 1535 Ita
741 1498 879 1536 scilicet
904 1508 939 1535 et
957 1512 978 1534 a

353 1553 473 1604 poetis
489 1562 524 1588 et
541 1552 578 1588 in
598 1551 722 1602 priscis
738 1549 978 1587 monumentis

353 1605 518 1641 Silvanus
532 1603 735 1645 exhibetur,
754 1611 793 1637 ut
806 1614 979 1638 coronam

352 1667 398 1694 ex
409 1654 597 1692 frondibus
611 1653 781 1697 arboreis,
799 1664 859 1689 aut
871 1666 978 1702 gran-

351 1707 461 1745 dibus
490 1706 637 1743 floribus
671 1714 706 1742 et
743 1703 979 1740 arundinibus

352 1766 469 1810 gerat,
485 1768 591 1794 manu
612 1757 678 1808 (cf.
699 1755 841 1806 Georg,
860 1755 893 1798 Ι,
911 1757 976 1802 20)

351 1811 549 1861 cupressum
589 1819 649 1846 aut
685 1809 796 1845 alium
845 1806 981 1843 arboris

352 1873 521 1900 truncum
557 1869 688 1897 teneat.
743 1858 802 1896 Sic
844 1871 981 1895 corona

353 1915 458 1965 pinea
476 1923 642 1949 oneratur
660 1911 698 1948 in
718 1921 804 1947 noto
823 1923 979 1946 marmo-

354 1979 393 2003 re
411 1979 467 2017 ap.
499 1964 670 2000 Boiffard.
723 1963 773 2000 T.
793 1961 865 2005 IV,
893 1974 977 2012 pag.

357 2030 446 2067 134,
465 2026 500 2054 et
520 2015 668 2052 Gruter.
687 2029 722 2064 p.
746 2013 889 2055 LXIII,
907 2026 979 2062 quo

354 2078 472 2106 tamen
491 2068 618 2104 eodem
637 2066 761 2103 habitu
783 2066 855 2101 Pan
871 2064 978 2100 inter-

354 2120 444 2156 dum
463 2119 611 2170 infignis
628 2119 688 2155 est.
743 2117 804 2153 Sic
831 2118 979 2153 Lucret.

353 2171 430 2217 IV,
462 2185 548 2222 5912
576 2183 683 2220 quem
718 2169 907 2218 expressisse
942 2168 978 2204 h.

353 2225 381 2262 l.
402 2225 518 2261 noster
530 2222 690 2258 videtur:
714 2222 793 2257 Pan
806 2221 977 2267 Pineast-

354 2278 469 2325 miseri
490 2280 605 2323 capitis
622 2272 796 2309 ‘velamina
814 2274 979 2322 qucgfflms.

353 2327 441 2364 add.
469 2326 581 2362 Ovid.
593 2325 685 2361 Fast.
696 2323 729 2366 Ι,
739 2323 907 2371 412.1H‚
919 2326 980 2368 84.

354 2377 503 2415 Eximia
518 2390 600 2413 eum
616 2376 792 2412 venustate
801 2375 869 2411 hoc
884 2373 981 2410 idem

352 2428 530 2467 transtulit
546 2427 749 2465 Columella
765 2425 819 2470 X,
838 2440 885 2475 43
915 2425 980 2462 Sa-

354 2494 413 2519 tur
421 2482 641 2523 Afflummcs,
656 2480 881 2529 quqſjimsfizcz
901 2487 980 2513 tem-

350 2544 438 2583 pora
449 2538 565 2581 pomis,
591 2540 625 2567 et
655 2530 870 2579 Hymenaeus
889 2544 980 2565 mar·-

355 2595 458 2623 cem‘es
475 2589 562 2633 cupio
589 2585 736 2632 qmgffare
761 2595 894 2618 coronas
922 2592 981 2629 ap.

358 2636 555 2674 Claudiam.
575 2632 733 2675 XXXI,
747 2633 811 2681 96.
865 2631 982 2667 Caete—

356 2701 437 2726 rum
457 2688 495 2723 in
510 2685 566 2722 his
578 2684 731 2722 versibus
744 2684 844 2720 color
856 2683 983 2720 duclus

357 2740 424 2776 esse
453 2738 594 2775 videtur
627 2736 673 2773 ab
711 2734 838 2782 Odyff.
866 2754 905 2777 ω,
935 2736 980 2784 58

357 2791 437 2841 sqq.
491 2789 615 2826 Ferala
632 2797 750 2824 autem
770 2786 904 2831 frutex,
922 2786 982 2822 fo-

358 2842 418 2882 liis
453 2840 645 2886 foeniculo,
688 2837 806 2890 specie
841 2847 879 2879 et
918 2835 983 2876 usu

839 1262 892 1295 29.
915 1255 984 1294 ripis
1002 1252 1133 1283 Medic.
1150 1263 1168 1282 a
1185 1262 1229 1282 m.
1251 1262 1300 1295 pr.

1391 1261 1443 1291 30.
1468 1264 1528 1282 oves
1546 1254 1668 1285 Morct.

1042 1443 1296 1487 arundinibus,
1315 1444 1445 1494 quibus
1457 1455 1523 1492 pro
1533 1441 1671 1479 baculis

1042 1497 1195 1541 utimur,
1243 1495 1366 1532 fimilis
1387 1510 1396 1539 3
1453 1494 1688 1531 Graecorum·

1041 1548 1178 1598 νάξθηξ.
1194 1548 1243 1584 cf.
1260 1547 1414 1583 Martin.
1430 1545 1541 1583 Nihil
1552 1555 1672 1584 autem

1044 1600 1143 1644 novi,
1171 1611 1321 1636 coronas
1347 1611 1392 1635 ex
1418 1596 1669 1640 arundinibus.

1045 1651 1236 1688 frondibus
1254 1649 1425 1694 arboreis,
1451 1649 1517 1686 effe,
1547 1647 1670 1686 saetas.-

1047 1702 1262 1753 Comparari
1304 1714 1449 1751 quoque
1494 1713 1578 1737 cum
1613 1698 1670 1736 his

1045 1754 1185 1804 possunt
1240 1753 1306 1790 illa
1358 1751 1507 1789 Moschi
1554 1750 1668 1802 Idyll.⁴

1048 1805 1163 1850 XIV,
1184 1805 1231 1841 26
1248 1805 1325 1854 sqq.
1362 1805 1364 1808 ⁴

1099 1871 1160 1908 27.
1199 1856 1380 1901 rubentem,
1414 1854 1464 1892 cf.
1504 1853 1582 1904 sup.
1623 1853 1671 1891 ad

1046 1905 1118 1951 VI,
1141 1920 1203 1946 22.
1245 1907 1388 1945 Ebiclum
1405 1905 1528 1943 nostris
1542 1905 1671 1948 Attich,

1045 1960 1163 1997 herbae
1178 1973 1305 2009 genus,
1330 1959 1458 1996 baccas
1477 1957 1614 2000 rubras,
1632 1956 1672 1993 in

1045 2011 1318 2048 similitudinem
1333 2008 1510 2052 sambuci,
1528 2008 1675 2045 Hollun-

1046 2065 1117 2105 der,
1127 2062 1340 2113 producens.
1370 2074 1432 2112 29.
1449 2060 1517 2097 Nec
1526 2059 1671 2097 lacrimis

1045 2116 1137 2151 crud.
1156 2114 1270 2151 Amor.
1291 2113 1407 2149 Amor
1431 2112 1468 2149 h.
1487 2112 1515 2147 l.
1537 2110 1583 2147 de
1600 2110 1671 2146 deo

1046 2165 1313 2215 accipiendum,
1341 2164 1365 2200 fi
1384 2163 1505 2200 sanam
1532 2161 1672 2199 senten·

1046 2217 1136 2254 tiam
1155 2216 1328 2253 conficere
1344 2215 1521 2253 volumus.
1554 2214 1673 2249 Amor

1047 2271 1251 2320 χαιξέκακος
1268 2280 1341 2304 non
1371 2266 1482 2303 modo
1505 2263 1672 2302 dolorem*

1047 2331 1083 2358 et
1099 2319 1301 2358 cruciatum
1318 2316 1527 2355 miserorum
1550 2329 1674 2352 amana

1047 2372 1115 2409 tim
1134 2371 1187 2420 nil
1204 2379 1317 2414 curat,
1342 2369 1403 2406 sed
1427 2367 1536 2405 etiam
1563 2367 1673 2410 ridet,

1047 2425 1154 2473 οἵγξιοι
1167 2422 1316 2466 ’παίω-δῦ,
1327 2433 1367 2459 ut
1378 2419 1551 2457 Moschus
1561 2418 1673 2468 Idylh

1048 2475 1082 2520 I,
1105 2489 1117 2513 1
1133 2489 1166 2519 1,
1184 2475 1476 2523 voluptatemque
1492 2484 1537 2507 ex
1554 2483 1597 2506 eo
1614 2483 1676 2506 ca-

1047 2527 1126 2577 pit3
1173 2539 1240 2563 nec
1275 2524 1435 2562 lacrimis
1472 2521 1671 2560 amantium

1049 2577 1205 2615 crudelis
1234 2578 1308 2627 ejus
1336 2575 1474 2613 animus
1501 2585 1673 2622 umquam

1049 2629 1198 2667 satiatur
1214 2639 1319 2678 atque
1336 2627 1515 2677 expletur,
1541 2633 1603 2660 aut
1626 2624 1674 2660 ad

1050 2679 1316 2718 miserationem
1346 2677 1520 2720 vertitur3
1547 2675 1598 2712 cf.
1634 2688 1672 2712 v.;

1051 2735 1114 2771 60.
1135 2732 1178 2769 61
1197 2748 1207 2776 ;
1234 2731 1274 2768 id
1292 2730 1388 2781 quod
1407 2727 1539 2765 deinde
1559 2725 1672 2776 pasto-

1051 2783 1138 2821 ritia
1171 2796 1288 2822 rerum
1318 2778 1574 2821 assimulatione
1614 2789 1675 2814 ora-

1050 2844 1127 2874 nat.

1074 2899 1090 2927 1
1456 2893 1520 2939 3¹·
1545 2877 1675 2921 Tamen
