1987 3361
458 251 944 326 comclssus
1003 279 1146 329 MSS.
1323 300 1450 335 mx

141 413 256 459 iocis
280 411 529 470 salebrofis,
562 425 703 476 atque
734 413 850 460 adeo
873 413 935 461 fic
964 430 1153 478 quoque
1176 416 1448 465 humanita-

140 496 200 541 tis
225 506 269 541 et
291 496 459 558 gratiae
495 495 721 543 meritum
756 495 844 542 viri
880 495 1247 544 Praestantiffimi
1282 500 1331 546 in
1367 517 1447 547 me

136 576 227 624 effe
250 578 490 625 summum
510 578 752 640 profiteor.

204 659 497 706 Bibliotheca
516 661 755 707 Academia>
784 660 920 720 Juliae
941 662 1065 725 apud
1087 663 1446 711 Helmstadien-

138 742 204 790 ses
229 743 324 791 duo
347 743 492 789 servat
517 743 709 806 Virgilii
741 745 1026 807 exemplaria
1047 747 1232 794 calamo
1257 747 1445 811 scripta,

137 824 216 871 sed
239 836 285 870 et
307 825 410 871 haec
434 827 652 881 recentia,
687 841 772 871 nec
807 825 906 871 ullo
932 838 1011 871 aut
1040 828 1192 875 studio
1227 829 1445 876 librario-

135 923 241 954 rum
265 919 344 953 aut
363 908 576 954 doctrina
600 907 814 970 infignia.
887 906 1097 970 Liquido
1122 910 1223 956 haec
1247 912 1447 975 cognos-

135 1005 239 1037 cere
282 990 433 1048 licuit,
468 992 858 1054 quandoquidem
902 991 942 1038 Ι.
978 992 1033 1038 C.
1083 992 1443 1053 Wernfflorfius,

134 1071 365 1119 Profeffor
386 1073 444 1119 de
465 1089 517 1119 ea
539 1072 803 1120 Academia
825 1073 1052 1135 praeclare
1069 1075 1281 1133 meritus,
1306 1075 1442 1123 Prin-

133 1155 231 1217 cipi
256 1155 383 1201 Duci
417 1154 659 1201 Brunsvic.
694 1172 720 1201 a
746 1154 920 1203 Confil.
948 1157 1059 1213 aul.,
1093 1158 1336 1221 utriusque
1358 1175 1442 1206 co-

132 1236 251 1283 dicis
289 1250 558 1284 accuratam
584 1237 806 1284 notitiam
836 1252 949 1284 cum
972 1237 1232 1300 specimine
1264 1241 1442 1303 perhu-

133 1320 336 1365 maniter
358 1335 410 1365 ac
436 1319 664 1365 benevole
686 1319 744 1365 ad
766 1335 844 1365 me
865 1319 1007 1365 mifit.
1095 1320 1234 1367 Alter
1255 1322 1442 1369 charta-

130 1418 239 1451 ceus
263 1403 342 1459 est,
365 1403 563 1464 pulchre
585 1415 812 1459 exaratuS‚
844 1403 920 1449 sed
957 1420 1129 1466 parum
1165 1405 1320 1465 docte,
1345 1406 1441 1453 Bu-

130 1484 294 1541 colica,
330 1484 582 1546 Georgica,
616 1497 663 1530 ct
702 1483 960 1532 AEneidem
1000 1488 1294 1549 complexus,
1328 1489 1439 1536 sub-

121 1567 261 1632 jectis
287 1565 407 1613 inter
431 1567 608 1630 Georg.
635 1579 681 1613 et
704 1567 815 1615 AEn.
844 1569 981 1613 variis
1010 1568 1308 1630 poematibus
1342 1574 1437 1619 mi-

130 1651 319 1697 noribus
357 1664 401 1696 et
442 1648 690 1695 catalectis.
767 1650 863 1696 Sub
904 1649 1253 1714 Georgicorum
1289 1658 1437 1703 finem

128 1733 458 1780 subnotatum:
483 1735 575 1778 laus
594 1734 663 1778 deo
697 1734 908 1787 Henricus
926 1733 1058 1795 Hopf
1102 1751 1224 1799 1454
1256 1740 1313 1786 ad
1338 1742 1436 1787 cal..

127 1831 234 1862 cem
273 1814 515 1861 AEneidis:
560 1816 601 1860 h.
635 1817 678 1861 h.
714 1816 781 1861 ich
810 1827 926 1862 wart
959 1818 1035 1862 der
1063 1817 1160 1864 Zez't
1191 1833 1329 1882 1454,
1374 1824 1434 1871 ad

126 1902 271 1947 finem
288 1911 447 1945 autem
468 1898 814 1945 Cataleetorum
833 1913 970 1961 1450.
1040 1901 1178 1948 Alter
1195 1905 1436 1953 membra-

127 1998 293 2027 naceus
328 1981 392 2027 est
423 1981 471 2026 in
509 1979 662 2026 forma
687 1980 908 2043 oblonga,
956 1980 1210 2031 AEneidem
1244 1997 1433 2034 tantum

124 2064 386 2120 continens,
422 2063 572 2126 spatio
603 2063 723 2109 inter
751 2063 895 2109 lineas
919 2075 966 2109 et
991 2065 1203 2128 margine
1228 2065 1433 2126 scholiis,

123 2147 200 2194 sed
223 2146 496 2210 vulgaribus
520 2158 564 2191 et
581 2143 772 2209 jejunis,
806 2159 1054 2208 occupato.
1127 2148 1432 2198 Membranas

124 2233 277 2277 multo
312 2231 393 2277 usu
429 2231 610 2277 attritas
648 2230 734 2276 effe
772 2242 818 2276 et
858 2230 1065 2278 sordidas
1106 2234 1321 2280 narrabat
1358 2236 1431 2283 vir

123 2315 424 2371 doctiffimus,
459 2315 523 2360 ita
546 2326 596 2359 ut
615 2314 759 2359 etiam
782 2313 1105 2376 suspicaretur,
1128 2317 1228 2363 ludi
1254 2319 1430 2382 magis.

124 2398 184 2445 tri
220 2397 415 2462 alicujus
454 2398 610 2444 usibus
646 2399 693 2444 id
729 2399 972 2460 exemplar
996 2400 1263 2449 inserviisse.
1296 2403 1429 2450 Prae-

122 2481 255 2527 miffa
288 2481 351 2526 est
386 2479 751 2544 Pseudopindari
806 2481 1023 2528 Thebani
1054 2483 1279 2545 Epitome
1317 2485 1428 2532 Ho-

120 2564 256 2610 meri.

188 2646 441 2692 Pervenere
463 2647 522 2692 ab
546 2648 629 2695 illo
646 2648 757 2695 inde
780 2661 1010 2712 tempore,
1044 2651 1173 2713 quod
1198 2651 1246 2697 in
1268 2651 1426 2713 prima

121 2728 329 2774 editione
359 2730 564 2790 paranda
595 2731 958 2790 consumseram,
991 2732 1049 2779 ad
1074 2749 1153 2779 me
1175 2734 1426 2779 nonnullo-

119 2826 225 2859 rum
248 2811 472 2861 codicum
495 2814 694 2872 notitiae,
717 2816 927 2865 virorum
950 2817 1199 2867 doctorum
1220 2833 1291 2864 res
1315 2816 1424 2862 nos-

1329 2912 1421 2946 tras
