1821 3381
347 269 895 331 GEORGICON,
962 273 1119 323 LIB.
1168 274 1262 326 111.
1341 290 1433 343 425

127 399 344 466 Ingentis
368 403 535 451 tollent
556 403 754 463 animos,
772 407 1021 472 prenfique
1040 410 1282 475 negabunt

129 492 337 541 Verbera
360 496 484 542 lenta
503 495 602 558 pati
628 508 675 542 et
698 497 826 544 duris
848 515 1009 562 parere
1034 502 1224 565 lupatis,

195 586 286 632 Sed
308 603 402 632 non
425 587 519 634 ulla
542 588 694 651 magis
718 591 837 637 vires
862 591 1083 641 industria
1103 596 1279 655 firmat,

128 675 291 739 Qam
314 677 546 724 Venerem
567 690 613 725 et
635 681 753 727 caeci
776 682 988 729 stimulos
1012 696 1218 732 avertere
1250 689 1439 746 amoris,

125 763 237 810 Sive
259 764 420 821 boum,
439 765 532 811 five
555 765 618 811 est
635 767 713 812 cui
734 769 912 830 gratior
933 770 1038 817 usus
1063 788 1309 834 equorum.
1346 792 1396 824 21
1412 792 1432 822 1

125 852 287 915 Atque
311 853 417 899 ideo
442 866 594 901 tauros
615 856 781 918 procul
805 869 946 920 atque
969 859 1017 905 in
1042 859 1137 907 sola
1158 862 1371 924 relegant-

125 942 316 1005 Pascua,
338 946 442 1008 post
465 959 681 995 montem
711 949 999 1013 oppositum,
1020 963 1065 997 et
1090 963 1214 997 trans
1240 952 1436 1002 flumina.

323 1040 415 1088 lata
431 1065 444 1096 3

123 1126 224 1174 Aut
247 1128 372 1176 intus
397 1130 572 1178 clausos
598 1131 748 1179 satura
770 1131 827 1177 ad
851 1132 1082 1196 praesepia
1107 1133 1302 1182 servant.

126 1216 293 1280 Carpit
316 1219 444 1265 enim
467 1222 587 1268 vires
609 1223 861 1284 paullatim
883 1206 1072 1286 uritque
1098 1226 1303 1272 videndo
1341 1240 1430 1289 215

125 1307 348 1372 femina3
395 1327 482 1364 nec
521 1329 771 1361 nemorum
807 1314 984 1377 patitur
1023 1315 1302 1373 meminisse,
1345 1332 1433 1364 nec

321 1403 496 1450 herbae.

122 1466 355 1558 Dulcibus
380 1494 460 1540 illa
483 1494 676 1565 quidem
703 1496 952 1545 inlecebris
977 1511 1023 1546 et
1043 1499 1166 1564 saepe
1189 1501 1410 1566 superbos

166 1632 239 1663 207.
263 1625 362 1656 tollunt
386 1626 461 1665 duo,
493 1634 524 1657 et
548 1629 625 1658 Serv
647 1627 687 1659 ad
710 1638 739 1658 v.
767 1636 828 1667 174
845 1628 877 1659 in
900 1629 1061 1661 nonnullis
1087 1630 1155 1662 Mff.
1179 1634 1280 1663 animos
1296 1633 1433 1677 preffique

124 1674 470 1709 Zulichem.—208.
495 1677 619 1709 Verbera
636 1679 699 1710 dira
720 1678 834 1720 fragm.
861 1680 982 1711 Moret.
1004 1681 1077 1711 dura
1101 1682 1180 1722 Reg.
1272 1692 1341 1723 209.
1366 1696 1432 1715 non-

120 1728 200 1759 nulla
222 1727 337 1770 fragm.
361 1729 463 1760 Vatic.
488 1740 506 1759 a
527 1740 573 1770 pr.
591 1741 634 1761 m.
681 1731 925 1776 industriafirvas
947 1739 1024 1763 vett.
1051 1731 1171 1773 aliquot
1188 1733 1272 1774 apud
1289 1735 1431 1767 Pierium

122 1790 195 1811 cum
204 1781 260 1813 Ed.
271 1782 350 1812 Ven.
364 1793 372 1819 ;
389 1781 525 1812 alterum
535 1781 974 1823 magispo‘eticum.—-—211.
991 1783 1176 1826 qztoifragm.
1187 1785 1346 1820 Vatic.,ut
1358 1797 1386 1818 V.
1400 1786 1429 1819 6.

209 1841 280 1864 212.
304 1833 404 1875 Atque
423 1833 490 1864 adeo
506 1833 628 1864 Moret.
648 1841 766 1874 quart„
780 1834 832 1865 scd
848 1844 879 1864 v.
896 1834 1006 1865 Heius.
1048 1836 1148 1878 procul
1158 1845 1244 1879 atque
1265 1838 1358 1881 itgfusa
1384 1850 1429 1869 re-

109 1887 238 1931 surgunt
253 1885 335 1914 Ven.
349 1884 455 1926 relegat
472 1885 580 1914 Franc.
670 1893 740 1923 213.
766 1886 916 1928 appefitum
943 1886 1048 1923 Leid„
1073 1887 1159 1927 quod
1187 1887 1295 1919 Heins.
1315 1890 1430 1930 proba-

118 1932 193 1971 bat;
217 1934 301 1966 κᾶε
327 1934 436 1975 rejecit
462 1935 569 1966 Burm.
589 1935 628 1965 cf.
647 1936 722 1966 Not.
749 1945 817 1967 nata
844 1936 968 1969 Medic.
1002 1948 1019 1968 a
1045 1948 1089 1968 m.
1104 1948 1316 1980 pr.——214.
1331 1942 1430 1984 Atque

123 1983 413 2018 Zulich.-——216.
437 1997 523 2029 neque
538 1986 634 2019 herbae
652 1986 749 2018 Pierii
766 1986 944 2029 Oblongus.

1279 2101 1431 2141 Gratius

116 2093 260 2144 Georg.
278 2093 313 2139 Ῑ,
335 2096 380 2131 28
386 2108 405 2146 ς
438 2095 484 2131 Et
495 2099 622 2144 prensos
639 2095 740 2133 domi-

117 2155 193 2189 ζανε
210 2146 319 2182 boves.
371 2146 518 2183 verbera
535 2147 639 2191 lenter,
652 2148 741 2185 lenti

117 2195 263 2246 flagelli.
315 2196 480 2247 lupatuns,
498 2196 655 2241 frenum,
687 2200 740 2236 lu-

807 2096 946 2135 versum
1006 2098 1207 2149 sequentem

807 2148 949 2200 Cyneg.
980 2164 1049 2202 377
1081 2163 1175 2188 trans
1202 2153 1291 2190 altas
1316 2156 1431 2192 ducere

806 2200 920 2237 ‘valles
937 2203 1126 2248 Admwze0‚·
1156 2203 1322 2256 latumque
1331 2210 1430 2257 suga

118 2247 175 2299 pis
192 2248 250 2285 seu
266 2248 396 2285 aculeis
410 2248 532 2287 ferreis
546 2250 740 2299 munitum.
791 2252 997 2300 superabitis
1020 2270 1164 2291 amnem.
1208 2255 1324 2294 Ovid.
1345 2258 1429 2295 Art.

171 2311 258 2350 209.
300 2299 530 2350 Exspatiatur
555 2300 592 2337 in
619 2302 740 2338 locum

115 2351 323 2399 praeclarum
348 2351 393 2388 de
418 2363 655 2389 armentorum
683 2352 740 2389 fu-

116 2413 195 2451 rore
211 2414 256 2438 ex
272 2402 421 2440 Veneris
436 2403 597 2441 stimulis.
637 2403 741 2441 Parat

117 2461 236 2490 autem
299 2454 485 2490 transitum
548 2456 739 2494 commode

114 2505 459 2550 commemoratione
476 2505 607 2546 virium
626 2506 739 2542 nimia

118 2552 260 2593 Venere
326 2556 586 2594 exhaustarum.
661 2565 743 2595 caeci

116 2610 251 2650 amoris,
282 2619 370 2651 non,
387 2607 501 2644 oculis
519 2607 632 2658 capti,
663 2608 738 2652 sed,

115 2655 266 2705 Occulti,
291 2658 384 2696 clam
407 2671 470 2710 per
488 2672 592 2697 venas
607 2669 643 2697 et
669 2661 739 2697 offa

115 2707 304 2749 saevientiS.

169 2773 255 2799 212.
310 2760 454 2798 Habuit
498 2761 619 2799 locum
657 2771 739 2801 ante

114 2812 238 2852 oculos
255 2811 459 2866 Columella
475 2812 546 2858 VI,
567 2827 629 2865 27,
649 2816 686 2859 8,
703 2823 739 2852 et

806 2302 858 2346 II,
894 2306 963 2355 487
984 2308 1098 2354 spatio
1122 2317 1244 2343 remota
1271 2318 1334 2357 per
1360 2308 1431 2346 loca

804 2355 958 2392 dividuos
975 2372 1071 2393 amne
1097 2373 1187 2409 equos
1212 2358 1319 2396 dixit.
1341 2372 1428 2408 213.

807 2405 906 2442 Dum
923 2422 1008 2443 mons
1035 2408 1082 2444 est
1112 2412 1310 2459 interpcfitus
1337 2410 1430 2448 inter

804 2455 893 2500 duo,
924 2459 1068 2509 utrique
1093 2461 1139 2496 est
1167 2462 1334 2510 oppositus,
1362 2461 1428 2498 ob-

799 2508 924 2557 jeftus.
975 2509 1051 2547 lata
1077 2523 1150 2547 non
1178 2511 1332 2548 otiosum
1364 2513 1424 2552 cst.

806 2571 825 2594 2
837 2572 892 2608 14.
897 2562 1023 2607 satura
1035 2565 1198 2612 praescpia
1211 2562 1290 2599 sunt
1308 2564 1426 2613 plena,

804 2609 858 2646 uti
887 2611 918 2646 is
946 2611 1010 2661 qui
1035 2612 1206 2651 saturatus
1222 2614 1282 2651 est.
1339 2627 1425 2666 215.

803 2665 1090 2712 uritquevidendo,
1103 2664 1241 2713 paffive,
1258 2676 1426 2712 macerat,

804 2713 997 2756 consumit,
1016 2715 1103 2750 dum
1117 2715 1285 2753 cernitur.

854 2777 942 2815 ²17·
986 2765 1054 2802 Illa
1089 2766 1232 2816 quidem
1266 2767 1354 2818 saepe
1387 2782 1424 2804 a-

802 2827 937 2854 mantes
969 2818 1078 2855 etiam
1119 2831 1278 2869 pugnare
1325 2821 1427 2876 cogit

1335 2881 1428 2909 mter
