1821 3381
363 268 825 336 BUCOLICA‚
894 275 1074 325 ECL.
1131 274 1218 323 vl.
1361 286 1449 338 ως

141 410 341 471 Ludere,
368 421 471 464 tum
488 413 664 477 rigidas
688 424 867 458 motare
889 409 1136 457 cacumina
1159 421 1372 471 quercus.

137 505 242 553 Nec
268 517 450 553 tantum
474 506 660 553 Phoebo
686 503 859 568 gaudet
883 501 1095 549 Parnafia
1117 516 1285 563 rupes;
1392 514 1452 563 29

138 598 243 646 Nec
266 611 449 645 tantum
461 597 694 659 Rhodope
709 596 940 642 mirantur
956 606 1002 641 et
1022 594 1223 641 Ismarus
1239 591 1450 654 Orphea.

203 690 427 753 Namque
449 689 658 746 canebat,
682 690 752 736 uti
783 702 1010 751 magnum
1033 702 1114 749 per
1135 685 1271 732 inane
1293 681 1455 730 macla

138 781 328 828 Semina
351 793 672 843 terrarumque
695 781 962 843 animaeque
980 778 1212 840 marisque
1233 775 1435 831 fuiffent,

138 872 203 920 Et
224 874 392 936 liquidi
413 874 546 920 fimul
572 873 727 937 ignis;
755 886 806 921 ut
829 874 901 919 his
926 871 1117 918 exordia
1139 870 1309 935 primis

139 961 330 1020 Omnia,
347 975 392 1009 et
413 962 510 1026 ipse
532 974 663 1009 tener
681 962 848 1010 mundi
870 960 1162 1009 concreverit
1184 958 1313 1005 orbis
1327 979 1344 1012 ς

183 1095 237 1130 28.
261 1102 368 1126 mutare
382 1092 530 1136 Longob.
551 1094 661 1131 Pierii,
684 1095 771 1135 quod
786 1093 842 1125 ille
859 1094 1000 1136 exsotiit,
1014 1100 1049 1124 ut
1066 1099 1192 1124 mutent
1217 1089 1345 1123 arbores
1363 1101 1456 1122 mon-

136 1147 222 1180 tium
235 1146 410 1185 cacumina,
431 1145 590 1178 transeant
606 1146 644 1176 de
662 1152 772 1176 monte
789 1145 821 1176 in
838 1155 998 1177 montem.
1043 1152 1141 1175 nutare
1160 1143 1302 1175 Parthas.
1327 1143 1370 1174 cf.
1386 1142 1458 1174 Ecl.

138 1199 185 1237 V,
210 1209 242 1239 5.
332 1207 384 1239 30.
417 1197 556 1238 ymarum
584 1198 676 1228 urbem
703 1207 741 1228 ex
776 1199 919 1228 Homero
954 1196 1033 1228 bene
1066 1197 1233 1227 novimus:
1266 1205 1349 1225 nunc
1380 1207 1458 1225 monn

137 1257 190 1282 tem
206 1251 378 1282 memorari
398 1260 437 1281 ne
454 1249 598 1287 dubites;
622 1249 719 1280 etiam
737 1251 796 1279 Ge.
815 1250 853 1285 11,
873 1259 911 1290 37
924 1251 1014 1291 juvat
1030 1249 1141 1289 Ismara
1159 1247 1264 1278 Baccho
1292 1248 1453 1290 Constat&

138 1303 226 1345 quod
242 1303 326 1334 unde
342 1304 436 1345 po'e'ta
449 1301 616 1343 acceperit,
637 1311 701 1332 non
719 1300 851 1331 constat.
900 1301 971 1335 Fuit
997 1301 1095 1331 etiam
1121 1300 1249 1331 Ismaria
1271 1298 1371 1340 palus,
1387 1299 1456 1329 He-

137 1357 254 1388 rodoto
269 1362 448 1385 memorata
460 1354 499 1384 ad
516 1356 705 1384 Maroneam
722 1355 793 1391 VII,
813 1364 882 1395 119.
929 1356 1069 1383 mirantur
1089 1363 1106 1383 e
1129 1353 1223 1384 Rom.
1242 1351 1371 1392 aliisque
1388 1360 1457 1381 me-

140 1406 273 1439 lioribus
299 1406 412 1438 Heins.
459 1405 570 1447 Vulgo
597 1407 732 1436 miratur.
777 1413 852 1435 tanto
877 1405 971 1437 Leid.
1018 1403 1090 1435 Post
1118 1403 1202 1434 hunc
1234 1403 1266 1434 in
1294 1402 1456 1434 nonnullis

138 1457 215 1491 libb.
232 1467 262 1490 et
288 1459 361 1490 edd.
382 1457 607 1500 supposititius,
628 1465 659 1488 et
682 1457 749 1498 jam
765 1468 783 1487 a
801 1457 974 1488 Bcnedidlo
993 1456 1174 1494 damnatus,
1194 1455 1324 1486 versus:
1351 1456 1459 1499 Qan-

137 1517 195 1542 tum
211 1513 293 1541 onmis
309 1511 421 1540 mundus
430 1510 531 1551 gaudet
544 1516 669 1539 cantante
684 1510 791 1547 Silc’1103
814 1509 910 1540 habet
926 1509 1022 1539 etiam
1041 1508 1139 1539 Goth.
1154 1516 1300 1549 uterque,
1322 1505 1401 1538 alter
1416 1505 1457 1538 ab

138 1561 202 1593 alia
217 1572 326 1598 manu,
347 1571 418 1603 quae
434 1568 576 1591 metrum
594 1559 745 1602 vapulare
762 1560 902 1598 nolebat,
926 1561 1120 1602 adscriptum
1137 1559 1233 1590 habet
1260 1558 1358 1589 alium
1383 1568 1457 1589 ver—

137 1610 209 1645 sum
222 1623 231 1645 :
257 1615 404 1658 Qantum
419 1612 594 1653 Sileno-filvae
608 1613 738 1642 laetantur
750 1619 858 1643 ovante.
906 1611 1053 1642 Priorem
1070 1611 1196 1641 versum
1213 1621 1250 1641 ex
1269 1609 1369 1640 Servii
1385 1619 1458 1640 ver-

139 1664 188 1696 bis
202 1664 455 1696 consarcinatum
470 1662 530 1694 effe
555 1662 637 1694 vidit
663 1664 714 1705 Jo.
742 1662 905 1694 Schrader.
935 1663 968 1693 in
994 1662 1114 1693 schedis
1140 1660 1211 1692 mff.
1257 1662 1331 1692 Non
1347 1669 1457 1692 autem

138 1716 263 1758 semper
278 1718 318 1756 τῷ
335 1723 464 1757 quantum
482 1714 646 1756 subjicitur
661 1722 777 1746 tuntum.
819 1715 936 1746 Similis
951 1715 1033 1745 ratio
1050 1722 1115 1745 erat
1130 1713 1198 1743 Ecl.
1216 1715 1258 1750 V,
1270 1712 1310 1744 82
1326 1712 1457 1753 sq.---

139 1777 195 1809 32.
219 1775 371 1804 terrarum,
385 1769 533 1807 am'maeque
554 1766 637 1796 Veri.
654 1774 686 1797 et
713 1767 762 1799 ed.
787 1768 872 1799 Ven.
917 1768 1053 1807 marisque
1075 1773 1211 1807 quatuor
1234 1775 1307 1795 cum
1331 1762 1457 1801 Goth.;

138 1826 171 1850 et
198 1818 238 1849 fic
263 1818 296 1849 in
313 1817 400 1855 edd.‚
423 1817 519 1858 usque
547 1817 587 1847 ad
613 1818 685 1848 edd.
716 1818 898 1857 Pulmann„
919 1818 952 1849 in
979 1829 1056 1860 quas
1081 1830 1115 1847 ve
1142 1825 1262 1847 ‘temere
1288 1814 1457 1846 indusium

139 1870 242 1902 miror
258 1868 296 1900 ab
314 1868 451 1899 Heinfio
469 1875 500 1899 et
519 1868 632 1898 Burm.
651 1868 709 1899 effe
726 1869 895 1901 servatum.
942 1869 1015 1900 Post
1031 1879 1062 1898 v.
1079 1877 1119 1907 32
1137 1867 1235 1898 Goth.
1253 1866 1313 1897 sec.
1329 1865 1459 1906 subjun-

1232 1927 1283 1958 33.
1298 1920 1326 1948 in
1340 1918 1382 1947 his
1395 1924 1460 1947 tren

136 1921 184 1964 git
199 1921 343 1952 versum:
364 1921 441 1951 Hinc
455 1921 589 1950 hominum
602 1922 729 1960 quondum
740 1934 824 1962 gemes
840 1929 865 1952 et
874 1922 1030 1964 prImordicz
1042 1932 1142 1950 rerum.

137 1973 247 2015 scripti
272 1984 346 2006 eum
369 1973 418 2004 ed.
447 1973 478 2003 V
481 1982 675 2012 en··-—-·—34.
699 1980 871 2004 concreverat
894 1972 1035 2004 Mentel.
1059 1978 1203 2013 uterque.
1242 1971 1357 2001 mundus
1376 1969 1462 2001 Rot-

134 2025 227 2058 tend.

139 2137 287 2186 παίζειν.
352 2135 496 2175 Mirum
538 2145 659 2174 tamen
701 2135 763 2181 est,
828 2148 903 2185 433
939 2135 991 2185 sq.
1030 2147 1119 2186 447.
1157 2136 1246 2185 456-
1323 2134 1458 2171 Semina

139 2192 239 2240 quod
259 2190 385 2226 Faunis
401 2189 610 2238 saltantibus
635 2189 765 2237 adjun-

139 2240 197 2292 git
197 2246 300 2292 feras
301 2240 483 2289 saltantes,
502 2243 669 2291 quodque
685 2239 765 2276 sub-

137 2293 221 2342 jicit
239 2304 390 2343 quercus
409 2303 588 2329 moventes
607 2292 766 2329 cacumi-

141 2357 201 2381 na.

142 2408 256 2484 1213&
275 2393 546 2488 Usszfflass
568 2392 767 2482 {35²ssssssss

141 2497 313 2548 malisque
324 2496 501 2548 permixta
513 2512 523 2540 3
538 2508 672 2546 partem
684 2497 769 2534 inde

140 2562 321 2587 mutuatus
338 2549 384 2586 est
409 2548 529 2597 Julius
565 2548 648 2586 Sab.
683 2561 767 2586 curn

139 2601 253 2639 locoe
268 2600 375 2638 Varr.
429 2600 473 2636 de
490 2598 569 2636 LL.
589 2599 663 2644 IV,
681 2614 764 2650 pag.

146 2665 205 2704 17.
260 2652 317 2689 Ex
348 2651 539 2702 Apollonii
559 2651 765 2702 Argon-aur.

138 2702 602 2804 ἶὲοῒὲῗωῖξὲιιῗάἓιωῗζίἷ
607 2702 767 2792 “3213‘ssss

141 2805 306 2844 Urfinus.
345 2806 516 2844 Macrob.
553 2805 626 2850 VI,
656 2818 693 2850 2,
728 2819 765 2856 p.

141 2859 219 2908 586
249 2858 375 2896 laudat
406 2858 490 2897 loca
517 2856 683 2896 Lucretii
714 2857 768 2902 V,

829 2187 911 2224 sunt
928 2189 1118 2231 elementa,
1137 2200 1210 2223 non
1236 2185 1348 2222 atomi
1367 2184 1457 2234 Epi-

830 2238 945 2283 curei,
987 2240 1034 2275 ad
1076 2251 1166 2288 quos
1204 2250 1245 2274 ea
1288 2244 1460 2273 revocant

831 2289 1076 2341 grammatici,
1108 2288 1246 2326 indufti
1279 2301 1341 2338 per
1373 2299 1459 2325 voc.

832 2349 957 2386 imme,·
992 2340 1050 2378 sed
1074 2340 1153 2378 sunt
1187 2341 1361 2378 elementa
1394 2351 1458 2390 per

832 2394 938 2430 chaos
956 2391 1068 2442 sparsa
1085 2409 1093 2437 3
1114 2392 1234 2442 itaque
1259 2397 1371 2428 consta
1399 2390 1457 2427 di-

831 2444 886 2481 xit
905 2444 1052 2486 semma,
1071 2457 1149 2493 quae
1176 2444 1293 2493 paffini
1314 2455 1376 2492 per
1394 2455 1456 2479 va-

831 2509 939 2533 cuum
955 2496 1176 2539 serebantur,
1195 2508 1288 2532 nunc
1304 2495 1349 2531 acl
1367 2505 1455 2543 qua·

830 2557 915 2584 tuor
965 2560 1082 2584 rerum
1126 2559 1257 2596 genera
1299 2545 1455 2582 redafia.

832 2614 988 2650 magnum
1029 2605 1143 2641 inane,
1187 2609 1222 2634 et
1250 2605 1363 2634 anima
1390 2608 1457 2646 pro

830 2656 929 2693 aere,
955 2660 991 2687 et
1016 2650 1156 2701 liquidus
1183 2648 1295 2699 ignis,
1324 2648 1458 2684 Lucre-

830 2701 929 2739 tiana
956 2703 1087 2739 oratio.
1139 2712 1230 2738 tener
1239 2700 1338 2743 orbis,
1353 2709 1391 2735 ut
1408 2710 1456 2735 te·

831 2769 922 2790 nerae
950 2769 998 2790 res
1017 2753 1089 2790 Ge.
1122 2752 1176 2797 11,
1205 2765 1292 2801 343.
1345 2750 1456 2787 Chaos

831 2811 962 2843 enixum
979 2815 1087 2842 terras
1114 2804 1210 2841 dixit
1237 2801 1371 2839 Manil.
1402 2799 1456 2843 II,

837 2869 880 2905 13
904 2855 1161 2908 Orbemquestcb
1176 2854 1232 2894 illo
1255 2857 1456 2904 susannem,-

885 2908 926 2946 H
956 2921 977 2945 2
1308 2910 1456 2954 ⁴mimum
