1821 3381
315 293 848 352 GEORGICON,
904 293 1057 341 LIB.
1105 294 1146 340 I.

1298 298 1385 343 281

87 437 287 496 Ordine,
311 437 555 500 respiCIes:
585 449 846 496 numquam
870 445 916 480 te
939 433 1136 480 crastina
1158 429 1284 478 fallet
1298 443 1356 489 42
1365 441 1387 492 5

90 528 243 585 Hora,
267 543 418 590 neque
439 525 616 571 insidiis
642 524 792 570 noctis
817 523 1002 585 capiere
1025 521 1214 569 serenae.

93 619 242 674 Luna,
266 628 546 663 revertentes
569 631 718 677 quum
740 614 953 675 primurn
977 612 1179 676 conligit
1202 611 1344 675 ignis,

88 710 138 756 Si
163 710 354 773 nigrum
376 706 573 754 obscuro
596 704 927 767 conprenderit
944 703 1215 752 ae‘racornu
1234 722 1245 750 z

23 797 31 802 “
91 799 353 846 Maxumus
374 796 591 861 agricolis
614 795 874 858 pelagoque
897 793 1137 856 parabitur
1159 793 1329 841 imber.

90 889 173 946 At,
195 889 229 935 fi
253 889 520 952 virgineum
544 886 790 933 suffuderit
812 901 892 931 ore
915 885 1136 931 ruborem
1156 904 1167 932 ε

1300 900 1396 948 430

93 977 272 1024 Ventus
298 978 388 1023 erit
406 1000 418 1031 ;
455 988 596 1023 vento
620 974 800 1039 semper
822 975 958 1022 rubet
977 992 1111 1022 aurea
1133 975 1331 1023 Phoebe.

92 1066 174 1112 Sin
197 1078 302 1112 ortu
326 1078 509 1127 quarto,
532 1083 736 1129 namque
759 1066 796 1113 is
822 1066 1097 1114 certissimus
1121 1069 1295 1126 auctor,

92 1155 228 1212 Pura,
253 1170 404 1217 neque
425 1154 598 1201 obtufis
622 1170 710 1216 per
734 1155 914 1201 coelum
938 1157 1159 1203 cornibus
1184 1157 1300 1204 ibit:

137 1296 212 1327 425.
234 1289 359 1329 respicias
375 1288 509 1329 Nsenag.
533 1298 581 1329 pr.
605 1294 636 1318 et
663 1288 779 1319 Seneca
798 1288 898 1330 Epist.
924 1272 976 1321 88.
1014 1291 1158 1333 prospicies
1182 1292 1290 1323 Franc.
1329 1301 1401 1336 pro-

78 1341 191 1382 spicias
217 1339 362 1370 Parthas.

450 1348 525 1378 427.
546 1341 647 1381 colliget
678 1340 777 1371 Goth.
809 1341 865 1371 see.

956 1342 1030 1379 428.
1054 1342 1167 1386 obscura
1195 1345 1329 1385 Medic„
1358 1347 1400 1378 sc.

94 1392 210 1429 Lunae,
233 1391 319 1433 quod
333 1391 431 1422 etiam
455 1391 630 1432 elegantius
647 1391 757 1422 haberi
777 1391 877 1433 possit.
921 1397 1119 1435 comprenditur
1134 1395 1217 1426 Ven.
1261 1400 1331 1428 ab‘ra
1346 1408 1402 1429 ve-

95 1441 259 1472 tustiffima
290 1441 481 1483 exemplaria
512 1441 643 1480 habent,
683 1441 778 1483 idque
810 1442 948 1484 reposuit
976 1445 1117 1486 Nauger.
1149 1445 1227 1477 Ald.
1259 1453 1347 1485 tert„
1367 1455 1402 1480 at

94 1492 217 1534 priores
230 1495 305 1530 ab're,
313 1492 399 1533 quod
415 1492 537 1522 Pierius
551 1499 583 1522 et
595 1494 738 1523 Catroeus
753 1493 983 1534 praeferebant3
999 1503 1034 1526 ut
1050 1496 1093 1527 est
1109 1496 1142 1527 in
1154 1498 1222 1529 cod.
1237 1499 1404 1539 Rottend.‚

95 1543 201 1574 minus
218 1543 309 1574 bene.
326 1543 391 1573 vid.
410 1544 522 1573 Burm.
539 1551 570 1573 et
587 1544 889 1585 Martin.-—429.
913 1548 1036 1587 agricolae
1051 1547 1100 1578 ed.
1119 1548 1232 1579 Cerdae
1247 1560 1255 1580 :
1278 1558 1311 1581 et
1326 1561 1404 1583 mox

96 1597 230 1636 virgineo,
252 1593 315 1624 fine
331 1594 425 1632 libro,
440 1602 476 1625 ut
491 1593 630 1632 videtur,
644 1595 769 1636 scripto.

856 1605 932 1635 430.
954 1599 1059 1640 Autst
1074 1599 1190 1630 Medic.
1212 1611 1229 1631 a
1245 1611 1288 1632 m.
1304 1613 1352 1644 pr.
1371 1612 1403 1636 et

96 1648 228 1687 Nlenag.
251 1658 299 1675 ora
315 1644 430 1687 fragm.
450 1645 574 1676 Moreti
589 1656 596 1675 :
615 1646 698 1676 unde
715 1646 795 1687 conj.
807 1647 917 1679 Heius.
931 1651 1053 1690 virgineo
1057 1652 1206 1691 fifftderit
1219 1665 1269 1683 ora
1286 1655 1380 1685 rubore
1389 1669 1404 1692 ,-

97 1698 183 1739 quod
204 1696 346 1728 usitatius
371 1696 482 1737 poetis,
506 1697 559 1728 sed
583 1696 642 1727 hac
666 1697 730 1738 ipsa
746 1697 784 1728 de
801 1698 901 1729 cauffa
917 1699 1113 1741 suspesstunu
1137 1715 1181 1732 ore
1196 1703 1266 1742 erit,
1287 1705 1320 1735 in
1337 1717 1405 1740 ore.

98 1748 217 1779 Saltem
226 1758 300 1778 cum
310 1747 417 1778 Vossio
429 1749 469 1777 V.
484 1748 522 1778 C.
534 1747 593 1778 erit
608 1747 842 1789 praefcrendum
854 1762 861 1780 ε
879 1753 1068 1792 virgineums
1079 1766 1128 1783 ora
1142 1756 1270 1791 ruborem,
1281 1756 1408 1788 minore

97 1799 195 1830 etiam
211 1798 398 1829 mutatione.

489 1807 564 1836 432.
588 1805 648 1827 ortu
668 1801 696 1828 in
712 1811 739 1839 q.
757 1799 880 1830 editum
895 1800 988 1832 video
1012 1803 1108 1843 usque
1133 1804 1173 1834 ad
1189 1805 1404 1839 Pulmannum

98 1850 301 1888 constanter3
324 1850 463 1880 retinent
479 1857 585 1880 tamen
603 1857 634 1880 et
661 1850 728 1891 post
745 1850 835 1881 illum
852 1852 954 1889 Ruaei,
979 1855 1098 1885 Catroei
1114 1856 1195 1893 edd„
1217 1864 1248 1887 et
1273 1869 1289 1888 e
1310 1859 1404 1891 codd,

101 1901 244 1933 Parrhas.
264 1901 386 1931 Bodlei.
413 1900 492 1931 alter
515 1901 673 1931 Arundel.
696 1901 795 1932 Goth.
826 1913 889 1943 pr„
913 1911 944 1934 et
960 1904 999 1935 fic
1016 1906 1099 1946 apud
1115 1908 1265 1939 Senecam
1281 1910 1403 1941 suasor,

103 1966 218 1994 namque
240 1954 282 1983 his
313 1952 412 1983 Goth.
445 1963 492 1993 pr.
518 1951 604 1982 Voff.
635 1963 682 1993 pr.
711 1952 781 1983 edd.
813 1954 902 1994 Junt.
931 1962 962 1986 et
990 1956 1063 1986 Ald.
1079 1968 1126 1997 pr.
1169 1960 1212 1989 hic
1230 1960 1316 1991 Voss'.

99 2014 175 2044 433.
199 2005 284 2034 Plena
314 2016 358 2034 nec
387 2004 479 2045 obnyis
506 2004 621 2034 Seneca
648 2004 769 2034 Suasor.
815 2005 850 2034 In
875 2005 1006 2038 Einonis
1030 2007 1189 2040 Chronico
1219 2011 1350 2054 vulgato
1373 2014 1407 2045 in

101 2132 229 2168 caelum
262 2131 369 2170 facile
410 2132 572 2183 praedisci
616 2135 723 2184 poffe,

103 2182 239 2219 etiarnfi
285 2184 397 2221 nostis
432 2184 595 2221 serenitas
626 2185 724 2222 aliud

103 2233 310 2284 promittere
347 2235 522 2273 videatur.
590 2236 632 2272 In
670 2237 726 2273 his

104 2284 271 2322 omnibus
287 2297 367 2322 ante
384 2287 507 2324 oculos
533 2286 604 2323 fuit
632 2287 724 2324 Ara-

105 2345 175 2380 tus,
203 2335 266 2385 qui
301 2336 463 2386 copiosus
498 2338 544 2374 est
587 2338 625 2375 in
655 2339 725 2376 hoc

103 2387 412 2437 prognosticorum
442 2401 581 2439 genere.
635 2391 723 2440 426.

106 2438 166 2474 Sic
182 2439 268 2475 AEn.
302 2439 354 2481 V,
385 2442 404 2475 8
412 2454 452 2490 5¹
474 2439 551 2476 caelt'
566 2447 654 2478 toties
670 2444 725 2478 de-

105 2500 210 2538 ceptus
223 2493 355 2539 fraude
369 2494 491 2539 sereni.
550 2491 641 2528 Rem
673 2492 728 2542 ip-

106 2540 180 2577 sam
193 2540 471 2579 subministravit
485 2542 618 2580 Aratus
636 2543 729 2581 Dio-

106 2591 191 2628 sem.
211 2591 261 2635 46
281 2591 331 2642 sq.

159 2655 377 2694 427—437.
415 2642 518 2701 Luna
554 2644 732 2682 renascens

110 2693 135 2730 fi
171 2693 320 2730 obscura
355 2694 481 2738 fuerit,
523 2696 570 2732 est
605 2696 728 2745 praesa-

109 2744 211 2794 gium
256 2745 408 2795 pluviae3
449 2746 473 2783 fi
516 2746 729 2791 rubicunda,

110 2795 220 2833 venti.
275 2796 413 2847 Qarta
457 2796 533 2834 dies
573 2811 594 2834 a
637 2811 731 2835 nova

110 2846 196 2884 luna
238 2846 262 2883 fi
305 2861 396 2898 puro
429 2848 546 2887 nitore
579 2849 731 2896 fulserit,

1258 2064 1408 2098 Analetffk.

790 2135 1013 2175 serenitatem
1031 2151 1093 2189 per
1111 2149 1224 2179 totum
1252 2145 1407 2184 mensem

787 2188 980 2237 portendit.
1036 2190 1112 2227 Res
1131 2192 1196 2229 icit
1210 2194 1245 2232 h.
1266 2196 1290 2233 l.
1314 2196 1406 2236 Plin.

790 2238 943 2282 XVIII,
970 2254 1032 2292 79.
1086 2205 1141 2279 Pii(
1169 2246 1304 2290 multis,
1331 2263 1411 2298 quae

789 2290 835 2326 de
868 2291 953 2327 luna
986 2292 1098 2330 tradit
1131 2296 1278 2342 Aratus,
1318 2299 1409 2338 Dio·

789 2341 889 2399 sem&
910 2356 1074 2395 51—55.
1140 2347 1308 2398 69—72,
1335 2351 1411 2390 haec

788 2392 908 2443 seligit
946 2399 1075 2444 poeta3
1117 2400 1289 2437 nonnulla
1323 2416 1414 2452 quo-

791 2456 860 2493 que
874 2458 910 2481 v.
946 2458 1145 2498 432—435
1167 2449 1271 2488 aliter
1287 2453 1333 2489 est
1355 2453 1412 2491 in-

790 2504 1014 2545 terpretatus.
1055 2498 1255 2549 Virgilium
1273 2506 1414 2554 expres-

793 2546 833 2583 fit
867 2545 1042 2598 Vegetius
1060 2550 1105 2586 de
1133 2551 1188 2588 Re
1213 2553 1323 2591 milit.
1361 2556 1413 2602 V,

799 2609 858 2635 11.
912 2612 1002 2649 429.
1038 2602 1189 2652 agricolis
1221 2604 1414 2658 pelagoque,

795 2661 861 2698 pro
903 2650 1034 2688 nautis.
1088 2653 1148 2690 Ne
1180 2654 1324 2700 haereas,
1351 2673 1416 2697 cur

792 2699 921 2750 pelago
952 2700 1069 2740 imber
1103 2703 1271 2744 minetur.
1325 2723 1413 2759 431·

792 2763 892 2789 vento
907 2752 944 2790 h.
974 2753 999 2790 l.
1033 2767 1115 2792 cum
1134 2767 1258 2794 ventus
1274 2758 1417 2801 futurus

793 2802 852 2838 est.
906 2816 995 2852 432.
1028 2813 1156 2851 nostor,
1184 2808 1247 2858 qui
1266 2812 1416 2859 pollice-

793 2861 868 2898 tur,
896 2855 1126 2903 vaticinatur,
1159 2858 1194 2898 h.
1229 2860 1257 2898 l.
1290 2863 1417 2913 praesa-

1345 2915 1416 2967 git.
