1821 3381
379 280 928 340 GEORGICON,
983 280 1137 330 LIB.
1195 281 1289 338 ΙΙΙ,

1389 301 1484 349 407

167 418 296 465 Stare
316 417 423 464 loco
450 417 596 464 nescit
606 440 619 472 ;
656 416 805 464 micat
827 417 1034 475 auribus,
1068 430 1117 466 et
1139 420 1303 466 tremit
1325 431 1482 476 artus;

167 509 543 573 Conlectumque
593 525 815 580 premens
854 511 1007 558 volvit
1046 510 1132 558 sub
1172 513 1364 562 naribus
1407 515 1485 578 ig..

363 617 491 654 nem,

163 689 320 737 Densa
326 689 462 754 juba,
487 701 534 736 et
547 689 715 737 dextro
719 690 896 754 jastata
912 693 1154 741 recumbit
1171 694 1218 740 in
1240 711 1390 742 armo.
1422 696 1479 744 86

162 782 230 832 At
253 781 431 845 duplex
451 781 607 845 agitur
627 797 715 851 per
739 783 928 832 lumbos
950 782 1080 846 spina
1094 808 1108 839 ;
1144 798 1373 848 cavatque

205 923 257 963 84.
281 928 372 956 tremit
403 924 542 957 Mentel.
575 924 768 966 pr.-—,-—85.
793 927 922 966 fremens
952 926 1070 958 Medic.
1100 937 1173 959 cum
1199 929 1340 972 quinque
1367 930 1479 962 Heins.

159 976 348 1019 Cantabrig.
366 976 431 1007 Erf.
451 977 531 1008 Edd.
551 977 634 1007 Ven.
651 984 682 1008 et
699 977 839 1008 Mediol.
853 985 885 1009 et
902 978 1018 1009 Medic.
1035 979 1133 1011 Pierii
1147 991 1166 1011 a
1182 991 1226 1018 m.
1237 982 1296 1013 sec.
1334 983 1387 1014 Est
1406 984 1478 1014 sane

158 1027 336 1068 expeditius
365 1036 397 1058 ct
421 1027 562 1065 facilius3
586 1038 626 1058 an
653 1038 730 1058 vero
753 1028 851 1060 etiam
877 1029 1009 1060 verius?
1052 1038 1165 1062 tremens
1183 1034 1291 1065 Franc.
1322 1045 1339 1064 a
1367 1046 1408 1067 m.
1429 1047 1477 1077 pr.

157 1082 206 1112 At
225 1086 350 1121 premens

158 1132 202 1163 A.-
220 1129 284 1163 Erf.

155 1241 194 1279 bi
213 1242 459 1280 commendat:
481 1242 566 1279 AEn.
588 1241 683 1287 XII,
715 1245 778 1294 84,

153 1293 333 1331 diversum
368 1306 502 1346 ponere
544 1293 678 1344 potuit,
716 1294 778 1331 etfi

153 1344 240 1383 alias
255 1356 446 1397 utrumque
465 1359 596 1383 nomen
621 1345 774 1397 promis-

152 1409 219 1434 cue
227 1397 399 1441 adhibere
413 1397 522 1435 soleat
536 1413 546 1443 3
564 1397 661 1448 quod
673 1396 776 1437 Mar-

152 1448 250 1486 tinus
280 1449 411 1486 docere
439 1449 595 1487 volebat.
660 1448 775 1486 Potest

152 1509 271 1538 tamen
287 1509 323 1538 et
353 1501 416 1538 illa
432 1500 524 1539 ratio
543 1499 705 1552 probari,
732 1510 773 1538 ut

150 1553 273 1591 candor
306 1552 343 1589 in
377 1551 481 1603 equis
510 1552 658 1603 quidem
692 1552 774 1589 aliis

149 1603 290 1642 laudari
308 1604 482 1654 potuerit,
509 1615 545 1640 at
569 1603 607 1641 in
639 1603 770 1642 admis-

150 1654 259 1698 sario,
288 1656 335 1694 de
354 1668 427 1706 quo
458 1654 518 1692 hic
546 1655 682 1706 agitur,
702 1654 771 1693 im-

147 1706 305 1758 probari.
360 1707 486 1745 Gilvus
500 1708 645 1744 tandem
659 1706 772 1747 flavus

147 1759 250 1795 color
264 1759 294 1796 is
310 1759 375 1796 effe
386 1758 541 1801 videtur,
551 1758 613 1808 qui
626 1758 670 1794 ad
684 1759 771 1796 mel-

146 1811 191 1847 lis
202 1812 360 1849 colorem
375 1810 541 1861 proxime
559 1809 720 1847 accedat.
734 1824 769 1848 v.

145 1862 292 1903 Salmas.
313 1863 357 1900 ad
378 1862 493 1899 Solin.
512 1876 550 1912 p.
571 1865 657 1900 181.
699 1862 769 1899 Pro

145 1914 317 1952 cineritio
329 1913 452 1950 haberi
468 1914 573 1950 video
587 1913 631 1950 ab
649 1913 770 1951 austo-

143 1965 241 2003 ribus
261 1965 434 2003 Pifturar.
451 1964 651 2002 Herculan.
669 1966 719 2004 T.
735 1966 769 2013 I,

142 2030 226 2068 pag.
251 2031 336 2066 131,
355 2018 457 2055 Nota
478 2031 497 2055 2
517 2025 552 2053 et
583 2019 667 2065 138.
711 2018 768 2055 De

142 2069 324 2115 coloribus
341 2082 518 2119 equorum
546 2068 696 2105 omnino
727 2083 764 2117 v,

143 2121 313 2158 Bochart.
336 2120 487 2157 Hieroz.
507 2119 560 2161 ΙΙ,
591 2133 630 2170 7,
650 2119 761 2171 inpri-

141 2172 280 2222 misque
296 2172 342 2209 de
365 2171 447 2209 albo
472 2186 509 2223 p.
536 2184 607 2219 ¹04
623 2170 692 2222 sq„
719 2171 766 2212 de

141 2224 243 2275 gilvo
259 2237 295 2275 p.
321 2237 404 2274 ¹09·

195 2277 358 2326 83—85.
387 2274 509 2325 Equus
531 2272 710 2321 animosus
727 2283 764 2312 et

138 2327 324 2379 pugnandi
334 2327 441 2363 ardor
452 2324 629 2362 incensus.
649 2324 762 2362 Com-

137 2388 239 2431 parat
257 2391 340 2416 curn
364 2378 402 2415 h.
430 2377 455 2415 l.
483 2376 693 2426 AEschylum
721 2375 761 2414 S.

136 2432 182 2468 ad
203 2430 280 2468 Th.
299 2442 373 2480 394
390 2429 439 2480 sq.
461 2427 651 2464 Schutzius
666 2428 712 2464 ad
726 2441 759 2466 e.

133 2484 161 2528 l.
193 2492 229 2519 et
259 2482 413 2519 Statium
441 2479 562 2516 Theb.
582 2478 654 2522 VI,
686 2481 761 2531 389

134 2535 188 2584 sq.
208 2533 319 2575 VIII,
349 2535 418 2582 382
444 2531 497 2581 sq.
551 2536 649 2567 micat
665 2538 758 2567 auri-

136 2587 210 2630 bus,
239 2585 277 2622 in
308 2583 423 2621 soluta
451 2581 627 2626 oratione,
655 2594 756 2619 aures

134 2637 271 2685 micant
289 2635 326 2673 in
345 2634 476 2686 capite,
502 2632 664 2671 celeriter
681 2646 756 2670 mo-

133 2699 276 2730 ventur,
302 2687 522 2737 arriguntur.
574 2684 678 2738 agiles
693 2700 754 2722 au-

133 2756 182 2780 res
202 2739 406 2776 Nemesian.
434 2737 575 2787 Cyneg.
596 2739 688 2787 '2452
706 2735 755 2773 Et

132 2804 214 2844 pm,
241 2790 364 2829 tremit
382 2789 542 2833 artubus,
570 2786 630 2825 seu
660 2795 756 2826 artus

379 1079 477 1112 etiam
499 1081 617 1111 Seneca
633 1079 722 1122 epist.
741 1089 791 1123 95.

884 1080 934 1120 87.
959 1083 1022 1113 Aut
1038 1090 1102 1115 tres
1118 1085 1230 1115 Burm.
1267 1087 1310 1116 Et
1331 1087 1478 1121 Pan-has.

847 1250 1023 1287 tremunt,
1037 1244 1151 1295 magis
1166 1245 1313 1296 poetice
1323 1246 1475 1294 dicium,

845 1302 955 1332 tremit
969 1307 1077 1334 artus.
1121 1299 1182 1347 85.
1203 1298 1334 1348 premit
1347 1309 1383 1335 et
1399 1301 1474 1337 vol-

844 1345 899 1383 vit
917 1346 1062 1384 naribus
1079 1354 1200 1399 gravem,
1236 1351 1397 1388 ardentes
1414 1365 1477 1388 an-

845 1396 996 1442 helitu33
1032 1400 1152 1452 Ignem
1179 1400 1226 1438 fic
1250 1400 1420 1439 dixerunt
1437 1413 1474 1440 et

844 1448 909 1487 alii
950 1454 1082 1501 po'etae.
1171 1451 1271 1489 Loca
1322 1454 1474 1505 collegit

845 1500 979 1545 Cerda,
1050 1501 1154 1539 Hinc
1189 1503 1359 1541 Diomedis
1391 1510 1469 1556 equi

828 1555 1001 1601 spirantes
1016 1553 1155 1596 naribus
1171 1561 1280 1607 Ignem
1308 1569 1367 1606 ap.
1397 1556 1471 1595 Lu-

843 1613 931 1651 ¹eret.
953 1603 1005 1649 V,
1027 1617 1087 1654 29.
1142 1605 1290 1644 Fu'mant
1305 1607 1473 1646 humentes

839 1655 955 1693 calida
972 1657 1011 1705 ase
1037 1672 1120 1694 nare
1150 1668 1294 1706 vapores
1321 1658 1468 1698 Nemes.

841 1706 986 1758 Cyneg.
1005 1709 1092 1757 248.
1120 1708 1219 1746 conf.
1235 1709 1325 1747 Stat.
1345 1711 1468 1761 Theb,

841 1757 914 1802 VI,
942 1773 1031 1811 471.
1052 1772 1142 1809 472.
1198 1760 1322 1797 Multo
1349 1763 1468 1814 magis

840 1822 894 1847 res
941 1810 981 1848 in
1029 1810 1170 1849 Graecis
1217 1811 1348 1857 obvia:
1402 1821 1469 1867 πῦρ

840 1878 1007 1910 ’πνειοντεςς

895 1917 956 1966 87.
984 1913 1123 1963 Duplex
1137 1916 1242 1964 spina
1272 1915 1318 1953 ab
1344 1919 1464 1956 omni-

838 1963 906 2006 bus
940 1965 1118 2008 veteribus
1156 1966 1194 2004 in
1237 1966 1333 2005 bono
1366 1981 1463 2021 equo

839 2016 1018 2054 laudatur.
1046 2016 1122 2055 vid.
1145 2016 1265 2055 Varro
1287 2019 1339 2064 ΙΙ,
1365 2033 1404 2071 7,
1424 2037 1462 2073 5.

837 2067 986 2106 Colum.
1007 2067 1078 2111 VI,
1101 2081 1163 2118 29,
1193 2082 1228 2106 2.
1285 2070 1460 2123 Geopon.

837 2118 951 2162 XVI,
984 2133 1016 2157 1.
1045 2133 1079 2157 v.
1099 2120 1188 2157 alios
1205 2134 1262 2173 ap.
1287 2122 1462 2163 Cerdam.

833 2169 988 2207 Innuere
1002 2170 1172 2221 videntur
1182 2171 1319 2221 spinam
1332 2174 1459 2222 latam,

832 2221 995 2270 crassam,
1042 2232 1082 2259 ut
1134 2223 1290 2261 maxime
1341 2227 1460 2266 versus

836 2273 956 2311 clunes
973 2282 1154 2324 tamquam
1173 2288 1302 2313 cavum
1321 2273 1459 2316 sulcum

833 2323 961 2370 faciat,
1001 2338 1067 2362 nec
1097 2335 1214 2363 tamen
1248 2326 1324 2378 ipsa
1358 2329 1459 2380 spina

832 2385 1011 2427 appareat.
1062 2376 1272 2415 Nemesian.
1312 2374 1456 2432 Cyneg.

832 2440 905 2477 243
931 2427 1009 2465 Illis
1028 2428 1143 2480 ampla
1151 2432 1244 2478 setis
1269 2430 1362 2468 laevi
1371 2434 1457 2480 sunt

829 2494 962 2530 aequora
985 2481 1086 2531 dorso.
1147 2479 1251 2518 Idem
1277 2481 1455 2533 Calpurn.

829 2529 959 2581 Eelog.
977 2529 1050 2576 VI,
1070 2543 1120 2583 54
1144 2532 1323 2582 expreffit,
1339 2535 1455 2585 Terga

813 2583 959 2631 sedent,·
1001 2592 1036 2620 et
1071 2583 1164 2620 forte
1204 2582 1290 2621 hinc
1324 2583 1454 2624 Ovidii

826 2633 922 2670 Met.
943 2633 1040 2678 XII,
1059 2648 1128 2684 401
1157 2634 1211 2670 Sic
1240 2644 1370 2686 tergum
1380 2631 1452 2686 fist

813 2685 895 2734 sile,
910 2685 965 2734 fic
969 2688 1068 2735 stant
1085 2687 1226 2723 Pefflora
1252 2688 1335 2736 celsa
1361 2694 1452 2726 toris.

823 2735 1058 2776 Contrarium
1074 2736 1343 2778 vitium‚extam
1353 2737 1453 2788 spina

822 2787 918 2840 apud
926 2787 1143 2842 Vargonenb
1150 2797 1185 2825 et
1194 2787 1451 2841 Grat.Cyneg.

1375 2841 1453 2892 525
