1821 3381
341 333 431 381 150
520 317 572 363 P.
632 312 1008 363 VIRGILII
1078 310 1464 358 MARONIS

338 455 466 502 Talis
488 469 620 500 amor
635 450 880 514 Daphnin,
902 449 1068 512 qualiS‚
1092 463 1241 509 quum
1266 445 1646 510 feffajuvencum

336 545 425 592 Per
447 559 638 592 nemora
660 554 798 604 atque
821 542 938 588 altos
963 537 1218 602 quaerendo
1239 537 1409 584 bucula
1433 536 1561 582 lucos
1589 535 1646 582 86

339 633 540 696 Propter
562 647 698 694 aquae
723 631 879 677 rivum
904 629 1043 676 viridi
1071 625 1348 692 procumbit
1372 625 1419 671 in
1443 625 1565 680 ulva,

339 725 529 772 Perdita
553 740 636 770 nec
664 723 774 770 serae
798 721 1020 769 meminit
1041 719 1264 767 decedere
1288 717 1428 774 nocti,

339 813 468 859 Talis
494 828 625 859 amor
649 824 820 870 teneat,
844 827 929 858 nec
956 809 1013 856 fit
1036 808 1155 856 mihi
1178 823 1290 854 cura
1314 805 1510 853 mederi.

338 904 515 951 Ducite
558 905 617 950 ab
655 905 770 951 urbe
810 905 1028 958 domurn,
1074 916 1179 946 mea
1222 898 1448 954 carmina,
1492 895 1653 942 ducite
1685 880 1691 883 ⁷

472 995 716 1057 Daphnin.
1589 1001 1653 1050 90,

340 1087 443 1133 Has
464 1085 581 1131 olim
606 1084 794 1130 exuvias
819 1082 939 1130 mihi
961 1082 1167 1146 perfidus
1189 1079 1269 1126 ille
1291 1078 1496 1140 reliquit,

341 1179 547 1241 Pignora
571 1191 677 1221 cara
701 1173 767 1220 sui
787 1192 797 1220 ε
833 1190 943 1237 quae
965 1188 1087 1219 nunc
1113 1187 1202 1234 ego
1226 1169 1392 1216 limine
1412 1168 1459 1214 in
1484 1167 1600 1230 ipso,

341 1270 501 1324 Terra,
525 1266 611 1313 tibi
634 1263 835 1317 mando3
858 1260 1032 1308 debent
1056 1261 1159 1306 haec
1185 1259 1385 1321 pignora
1407 1254 1651 1317 Daphnin.

339 1361 517 1408 Ducite
561 1359 620 1405 ab
663 1354 780 1404 urbe
824 1355 1040 1408 domum,
1084 1365 1187 1396 mea
1231 1347 1452 1402 carmina,
1494 1345 1655 1392 ducite

477 1451 724 1514 Daphnin.

385 1612 436 1644 86.
475 1614 533 1643 alta
549 1614 631 1643 Ven.
724 1610 776 1651 87.
805 1611 949 1641 concumbit
965 1608 1049 1640 Gud.
1069 1610 1097 1639 in
1112 1610 1180 1639 ulva
1206 1607 1315 1638 Heius.
1339 1618 1357 1638 e
1383 1604 1569 1637 melioribus
1584 1603 1652 1635 mss.

340 1664 479 1706 reposuit
495 1664 624 1702 iterum,
639 1673 711 1694 cum
725 1663 791 1705 jam
814 1673 831 1693 a
857 1662 1020 1703 NaugerIO
1045 1660 1078 1691 in
1099 1659 1181 1691 Ald.
1199 1666 1274 1690 tert.
1298 1665 1330 1689 et
1354 1657 1428 1688 hinc
1446 1658 1478 1688 in
1505 1657 1581 1688 alias
1607 1656 1654 1686 in-

342 1715 476 1746 ducstum
493 1714 608 1746 fuiffet.
655 1714 805 1755 Vulgatae
823 1724 860 1744 ex
877 1713 951 1744 Ald.
974 1723 1039 1754 pr.‚
1054 1711 1086 1742 in
1103 1710 1152 1741 his
1167 1710 1289 1751 Steph.,
1306 1712 1333 1738 in
1348 1709 1440 1738 herba.
1457 1707 1495 1738 cf.
1516 1707 1652 1744 Martiu.

342 1770 371 1798 in
387 1768 481 1796 umbi-11
498 1766 546 1796 ed.
562 1767 643 1796 Ven.
661 1776 734 1796 cum
756 1765 856 1796 Goth.
876 1765 936 1795 sec.
961 1774 989 1794 a.
1011 1773 1055 1793 m.
1080 1773 1127 1804 pr.
1173 1764 1281 1802 cmfi’dit
1295 1763 1323 1790 iu
1338 1760 1420 1790 herba
1437 1769 1517 1790 unus
1532 1759 1656 1796 Heins.,

341 1819 496 1850 sollennes
515 1817 626 1859 utique
644 1817 845 1848 variationes.
938 1815 988 1846 88.
1005 1817 1075 1855 sera
1099 1827 1136 1844 m.
1161 1816 1188 1843 d.
1247 1817 1320 1842 nocie
1339 1804 1469 1853 quartus
1482 1810 1599 1842 Mox-eti
1622 1817 1655 1852 et

343 1869 423 1900 alius
437 1868 569 1899 Heinfii.
614 1871 697 1898 not‘i‘is
710 1868 825 1909 fragm.
841 1866 979 1903 Moreti3
1002 1865 1085 1896 unde
1103 1867 1213 1896 Burm.
1231 1863 1383 1905 conj.saro
1397 1866 1490 1902 noblis.
1532 1864 1657 1904 discedere

346 1922 480 1964 NIenag.
508 1930 538 1952 et
569 1920 721 1950 Rottend.
747 1920 806 1950 sec.
831 1930 861 1949 v.
887 1918 956 1960 sup.
981 1917 1047 1947 Ecl.
1072 1917 1112 1954 11,
1134 1915 1327 1957 67.-——92.
1349 1916 1473 1957 Pignera
1489 1913 1563 1944 duo.
1589 1913 1653 1944 vid.

345 1973 456 2004 Burin.
500 1974 585 2003 limite
602 1970 700 2001 Goth.
716 1970 774 2001 sec.
1236 1971 1241 1981 “

345 2123 450 2160 quern
470 2109 632 2146 effeetum
660 2107 789 2145 habere
819 2106 970 2144 stultitia

347 2161 535 2198 hominum
555 2159 723 2198 credidit.

404 2216 463 2263 87.
493 2214 633 2261 Propter
649 2226 747 2262 aquae
764 2215 903 2254 rivum,·
932 2208 972 2245 in

348 2264 450 2315 prosa
467 2277 474 2300 ζ
492 2267 603 2314 juxta
631 2277 753 2313 aquam
783 2264 867 2297 rivi.
921 2260 970 2297 cf.

351 2316 431 2353 Ecl.
447 2316 500 2359 V,
514 2328 578 2364 47,
594 2314 639 2350 ad
654 2312 795 2349 Tibull.
809 2311 842 2355 I,
862 2325 896 2354 1,
910 2316 971 2350 28.

352 2370 412 2405 88.
428 2365 774 2414 nei-strae—decedere
789 2369 886 2407 ποθί,
900 2363 970 2400 ele-

348 2418 493 2470 gantius
510 2418 555 2453 ad
572 2416 755 2467 poeticam
781 2413 971 2456 rationem,

351 2483 458 2520 quam
478 2470 645 2518 adseram
664 2472 798 2509 milam,
826 2466 972 2513 velsera

352 2529 466 2565 meve,-
496 2521 592 2570 quod
626 2518 706 2556 aliis
738 2516 856 2554 verbis
874 2516 972 2554 dixit

353 2572 486 2609 Statius
517 2570 635 2608 Theb.
668 2570 740 2613 VI,
776 2581 838 2618 191
875 2570 972 2607 Tunc

346 2631 438 2676 piget
451 2628 497 2660 ire
514 2624 653 2665 domum,
680 2623 846 2671 maestoque
863 2623 973 2668 novis-

341 2678 434 2726 fima
452 2684 561 2724 campo
589 2675 672 2711 Exit
689 2685 719 2710 et
746 2672 897 2722 oppofitas
915 2677 975 2707 im-

346 2729 447 2777 pqsta
478 2731 650 2762 avertitur
675 2723 804 2761 herbas.
858 2722 977 2759 Locus

354 2777 505 2813 omnino
535 2775 816 2827 pulcherrimus3
845 2773 884 2810 in
902 2786 974 2823 quo

355 2827 509 2866 Varium
549 2827 710 2879 expreffit
740 2827 869 2871 noster,
908 2826 974 2862 do-

1034 2113 1136 2142 cente
1166 2103 1338 2141 Macrob.
1360 2102 1434 2140 Sat.
1455 2101 1526 2144 VI,
1562 2113 1596 2137 c.
1619 2114 1653 2139 2.

1035 2156 1188 2193 Dixerat
1202 2155 1263 2192 ille
1272 2155 1317 2191 de
1327 2167 1415 2191 cane
1429 2166 1541 2190 cervae
1553 2153 1655 2189 vesti-

1035 2206 1106 2257 giis
1137 2206 1334 2243 infistente:
1370 2207 1445 2243 Non
1474 2219 1584 2241 amnes
1614 2204 1657 2240 il-

1036 2259 1105 2296 lam
1154 2260 1264 2302 medii,
1317 2273 1380 2295 non
1423 2257 1534 2296 ardua
1582 2265 1656 2293 tar·-

1036 2312 1134 2352 dant‚
1163 2311 1303 2346 Perdita
1329 2324 1386 2346 nec
1398 2315 1490 2360 serae
1514 2313 1659 2344 meminit

1034 2363 1179 2399 decedere
1224 2366 1319 2398 motii.
1386 2362 1445 2400 Est
1480 2357 1656 2395 Homeri-

1035 2427 1118 2450 cum
1135 2411 1331 2459 πειθώμεθα
1352 2416 1455 2460 νυκτὶ,
1473 2419 1512 2448 ut
1531 2409 1656 2460 Odyff.

1034 2484 1077 2512 μ,
1106 2478 1193 2515 291.

1088 2530 1149 2568 93.
1191 2514 1305 2553 debent
1330 2513 1402 2551 haec
1428 2516 1571 2562 ngnora
1604 2513 1655 2551 D.

1035 2568 1198 2618 expeRat
1216 2567 1284 2603 hoc
1315 2578 1336 2602 a
1354 2563 1491 2602 defossis
1522 2563 1586 2600 sub
1613 2563 1658 2601 li-

1039 2620 1135 2656 mine
1154 2618 1319 2661 vestibus,
1337 2626 1377 2653 ut
1395 2615 1440 2651 ad
1457 2629 1514 2653 eas
1533 2614 1658 2664 Daph-

1040 2671 1094 2708 nis
1113 2671 1167 2707 vel
1186 2670 1320 2707 invitus
1337 2668 1535 2704 retrahatur
1549 2676 1585 2703 et
1603 2679 1657 2704 re-

1039 2723 1117 2759 dire
1136 2731 1299 2772 cogatur.
1349 2718 1516 2756 Variavit
1535 2717 1658 2755 Theo·

1040 2774 1187 2811 criteam
1205 2771 1380 2810 rationem
1399 2770 1426 2807 l.
1456 2771 1481 2807 l.
1513 2782 1574 2820 53.
1596 2782 1657 2820 54..

1043 2839 1102 2877 59.
1123 2826 1185 2863 60.
1237 2825 1379 2862 Liminis
1395 2831 1514 2859 autem
1530 2821 1658 2858 sollen-

1606 2883 1662 2908 ms
