1821 3381
379 380 935 439 GEORGICON,
1002 377 1152 428 LIB.
1189 380 1255 429 II.
1363 396 1454 447 353

146 513 368 564 Inluxiffe
390 506 502 570 dies,
535 514 741 561 aliumve
760 512 965 560 habuiffe
990 523 1203 560 tenorem

148 605 470 653 Crediderim:
506 621 588 651 ver
609 605 727 651 illud
752 616 872 658 erat;
910 620 990 651 ver
1013 620 1213 668 magnus
1238 602 1406 668 agebat

144 695 305 752 Orbis,
337 708 383 742 et
408 695 615 742 hibernis
637 695 894 757 parcebant
916 695 1105 741 flatibus
1134 695 1251 742 Euri
1273 715 1285 742 :

143 785 310 851 Qum
325 787 496 850 primae
510 785 665 832 lucem
676 786 881 848 pecudes
891 785 1094 842 hausere,
1107 786 1356 850 virumque
1365 803 1461 850 340

143 877 311 926 Ferrea
333 879 586 942 progenies
609 877 735 924 duris
752 888 895 939 caput
917 876 1088 922 extulit
1111 880 1251 937 arvis,

144 966 450 1032 Inmiffaeque
472 968 584 1015 ferae
608 967 750 1023 filviS,
784 978 829 1012 et
852 953 1000 1013 sidera
1023 967 1168 1014 coelo.

142 1058 248 1106 Nec
272 1074 342 1106 res
364 1060 491 1106 hunc
514 1070 689 1106 tenerae
712 1056 893 1122 poffent
915 1059 1124 1121 perferre
1146 1059 1375 1119 laborem,

187 1205 261 1245 339.
282 1203 388 1235 hiberni
403 1204 478 1235 Euri
494 1202 631 1240 Medic„
652 1203 758 1234 minus
773 1202 904 1245 poetice.
1000 1211 1075 1243 340.
1083 1203 1149 1234 Cum
1160 1205 1261 1246 [πίθηκε
1280 1203 1387 1234 Heius.
1407 1213 1455 1233 re·-

143 1254 238 1296 ccpst,
259 1265 297 1286 ex
314 1255 436 1286 Medic.
453 1262 484 1286 et
499 1254 680 1297 permultis,
703 1254 801 1285 etiarn
816 1255 965 1286 Romano
981 1266 1016 1286 ac
1034 1255 1184 1286 Mediceo
1200 1256 1283 1297 apud
1302 1256 1458 1286 Pierium.

145 1305 343 1349 Cumpri'mum
355 1306 464 1348 vulgo.
515 1305 588 1336 ‘Tum
607 1308 732 1348 primum
757 1306 916 1337 Arundel.
946 1306 996 1337 ed.
1023 1307 1107 1338 Ven.
1143 1316 1239 1346 1472,
1269 1307 1341 1337 Par.
1363 1315 1458 1346 1494.

144 1356 212 1386 Cam
215 1360 340 1399 primam
357 1356 558 1398 Cantabrig.‚
572 1357 657 1398 quod
670 1364 701 1388 et
713 1356 816 1398 ipsum
832 1356 908 1388 ferri
920 1356 1031 1399 posset.
1079 1358 1146 1387 Cum
1160 1359 1241 1387 lucem
1248 1359 1372 1399 primum
1391 1358 1460 1388 Zu-

141 1405 215 1439 lich.
304 1418 378 1448 341.
414 1408 519 1440 Terrea
538 1411 684 1451 progenies
717 1409 802 1450 apud
832 1408 1041 1439 Ladiantium
1072 1409 1143 1440 Inst.
1172 1411 1213 1448 ΙΙ,
1237 1417 1278 1440 10
1305 1409 1367 1451 legi
1393 1409 1459 1451 jam

143 1459 266 1492 Pierius
290 1460 427 1492 notavit.
476 1460 525 1491 Sic
553 1460 676 1491 Medic.
706 1471 734 1490 a.
766 1470 810 1490 m.
843 1460 902 1491 sec·
947 1460 1129 1491 Probarunt
1153 1460 1186 1491 id
1213 1461 1274 1491 viri
1299 1461 1385 1492 durfti
1406 1471 1459 1502 ap.

142 1509 269 1549 Burni„
290 1518 321 1542 et
338 1512 421 1542 inter
437 1511 496 1541 hos
511 1510 647 1541 Bentlei.
673 1510 712 1540 ad
730 1510 847 1541 Horat.
863 1510 1020 1551 Epod.11‚
1037 1509 1097 1548 Ῑ8;
1133 1518 1297 1553 receptum
1321 1512 1400 1542 adeo
1416 1510 1462 1541 est,

143 1559 176 1590 in
193 1562 269 1593 edit.
286 1562 503 1604 Cuningham.
520 1562 722 1592 Burmannus
747 1571 818 1592 eam
844 1560 1017 1592 le&ionem
1043 1562 1223 1604 impugnat,
1248 1562 1331 1593 forte
1350 1571 1458 1594 tamen

142 1613 340 1655 argumentis
355 1624 469 1656 parum
485 1613 618 1645 idoneis.
662 1612 787 1643 Scilicet
814 1613 901 1654 quod
926 1613 960 1644 in
981 1613 1124 1655 vulgata,
1145 1615 1262 1651 Ferrea,
1284 1615 1457 1657 reprehen-

142 1665 216 1696 dere
231 1664 333 1707 possis,
354 1666 398 1696 est
414 1666 486 1703 hoc,
508 1665 593 1706 quod
610 1663 648 1694 ab
664 1664 697 1694 h»
715 1663 750 1701 l.‚
772 1663 826 1694 ubi
854 1664 893 1695 de
918 1664 1023 1706 prima
1048 1663 1219 1696 hominum
1235 1665 1342 1708 stirpe,
1365 1666 1461 1697 adeo-

141 1727 204 1757 que
231 1716 270 1747 de
297 1727 393 1747 aurea
418 1724 512 1748 aetate
529 1716 646 1757 agitur,
668 1714 771 1745 aliena
797 1714 852 1753 est,
873 1723 905 1746 et
928 1716 968 1746 ad
984 1723 1113 1747 aetatcm
1136 1717 1298 1754 seriorem,
1319 1717 1458 1748 ferream

142 1766 273 1805 dicstam,
302 1768 421 1810 spenstat
440 1781 506 1810 gens
520 1770 635 1808 ferrea,
659 1766 778 1809 σιδνῖςεων
804 1767 877 1806 ’γένος
905 1766 1050 1805 Hesiodi,
1073 1778 1174 1809 genus
1200 1767 1369 1799 homiuum
1396 1768 1459 1799 fer-

141 1826 255 1849 reum:
280 1819 319 1850 ad
337 1820 424 1861 cujus
446 1818 660 1849 imitationem
677 1817 799 1848 di6h1m
819 1817 861 1848 est
878 1817 916 1848 de
941 1818 1060 1859 Spartis
1075 1818 1107 1848 in
1125 1819 1246 1849 Boeotia
1264 1827 1317 1850 aut
1335 1819 1366 1849 in
1384 1820 1460 1852 Col-

141 1868 245 1908 chide,
268 1871 321 1911 qui
339 1881 412 1902 cum
429 1870 525 1901 armis
541 1881 578 1901 ex
601 1876 686 1900 terra
703 1869 765 1899 orti
781 1869 867 1907 sunt3
889 1870 1017 1910 proprie
1034 1870 1168 1908 diceres,
1188 1869 1278 1901 fuiffe
1304 1881 1373 1901 eam
1390 1874 1460 1912 fir-

141 1933 217 1951 ream
226 1923 392 1963 progeniem.
440 1921 543 1962 Igitur
559 1930 642 1950 nunc
658 1919 698 1950 ad
715 1929 789 1950 eum
799 1918 922 1949 sensum
940 1919 1180 1956 recurrendum,
1200 1926 1236 1949 ut
1242 1921 1371 1960 ferreum
1389 1930 1460 1950 om—

142 1973 220 2003 nino
234 1972 270 2004 fit
287 1973 415 2004 durum.
458 1972 614 2003 Defendit
630 1971 798 2013 vulgatam
812 1970 911 2001 etiam
928 1971 1038 2002 Burm.
1053 1970 1213 2001 Secundus
1229 1971 1268 2001 ad
1279 1970 1459 2013 Antholog.

141 2025 216 2055 Lat.
244 2035 279 2066 p.
310 2023 383 2055 166.
428 2024 542 2054 Fateor
556 2030 665 2054 tamen
689 2022 741 2052 vel
761 2021 800 2052 sic
816 2032 868 2052 me
884 2021 1093 2063 praelaturum
1109 2021 1199 2052 fuisse
1219 2021 1337 2059 ‘Ter-rea,
1360 2023 1457 2053 modo

141 2076 182 2106 dc
197 2075 260 2107 usu*
273 2076 359 2106 vocis
374 2075 454 2105 mihi
477 2074 594 2106 melius
619 2073 797 2111 constaret3
831 2083 918 2111 nam,
942 2073 1029 2114 quod
1048 2072 1214 2115 Terrigenas
1230 2073 1382 2104 Lucretio
1399 2074 1461 2104 dici

141 2129 198 2166 ais,
219 2129 363 2159 nondum
390 2126 550 2164 satisfacit,
573 2133 609 2157 ut
634 2133 666 2157 et
689 2132 781 2156 terrem
799 2128 940 2167 progenies
965 2125 1101 2157 dicatur.
1148 2126 1248 2155 Porro
1263 2126 1361 2154 durum
1378 2132 1459 2167 capvt

143 2181 266 2211 Mox-et.
284 2190 340 2221 qn.
358 2177 456 2209 Goth.
476 2189 524 2220 pr.
540 2190 549 2216 ;
572 2185 602 2209 et
620 2174 660 2208 fic
677 2184 757 2207 vett.
783 2176 855 2207 edd.
870 2187 920 2218 ap.
940 2176 1077 2207 Martin.
1123 2179 1199 2218 agris
1216 2177 1325 2206 Franc.
1373 2180 1459 2207 armis

141 2231 428 2269 BOdlei-r--343-
439 2231 562 2272 fiffirre
579 2228 705 2260 Medic.
720 2239 750 2259 a.
764 2238 808 2259 m.
826 2238 897 2271 pr.;
917 2227 1002 2270 quod
1019 2227 1221 2259 commendat
1239 2226 1349 2258 Heius.
1387 2235 1458 2270 pro-

129 2285 218 2326 ferre
233 2282 387 2313 Rottend.
401 2281 461 2313 sec.

140 2394 284 2447 vulgari
308 2394 498 2432 nascentis.
566 2408 652 2453 3347.
681 2405 767 2432 teno—
833 2394 934 2445 tiqua
970 2393 1106 2431 scilicet
1139 2392 1256 2444 po'elfi:
1300 2391 1396 2429 unde
1422 2404 1463 2436 et

137 2463 208 2486 rem
225 2459 290 2498 pro
314 2447 515 2497 tempestate
538 2445 649 2490 dixit,
683 2459 766 2483 cum

139 2499 300 2551 proprie,
318 2498 342 2534 s1
358 2498 402 2534 ad
421 2508 560 2546 tempus
579 2497 768 2540 referatur,

140 2551 185 2588 fit
216 2548 443 2587 continuatio
477 2549 599 2598 aliqua-
629 2559 766 2598 tempo-

141 2603 207 2646 ris,
249 2613 360 2651 eaque
395 2599 595 2650 aequabilis.
675 2599 766 2636 Non

141 2653 250 2692 aliam
261 2665 377 2689 rerum
388 2650 652 2694 conditionem,
666 2651 766 2689 aliud

140 2714 219 2742 tum
236 2702 322 2741 anni
340 2713 493 2753 tempus,
510 2702 612 2739 fuiffe
629 2713 765 2753 putem,

141 2769 225 2793 cum
243 2755 398 2792 mundus
426 2753 623 2792 creabatur.
679 2757 765 2803 338.

143 2807 247 2845 Orbis
263 2805 388 2858 agebat
414 2820 495 2849 ver,
526 2815 565 2842 ut
590 2821 689 2856 agere
693 2809 768 2856 fes-

138 2868 222 2897 tum.
273 2858 426 2908 Magnus
442 2867 527 2892 vero
551 2857 650 2900 orbis,
676 2874 768 2894 mun-

140 2911 215 2954 dus,
232 2924 358 2962 magna
376 2919 483 2951 terra,
501 2917 672 2958 perpetua
688 2908 769 2946 sunt

142 2959 260 3049 pogiis
276 2958 400 3011 graecis
416 2968 451 2997 et
469 2959 590 2999 latinis
603 2974 615 3006 ;
643 2971 688 2999 ex
707 2972 769 2998 an-

233 3016 306 3050 ΘΜ.
330 3022 359 3050 1.

833 2458 965 2483 nomen
1000 2447 1149 2498 fisagnae
1181 2451 1299 2482 matris
1339 2443 1465 2480 fluxit..

833 2510 920 2546 341.
951 2498 997 2534 Et
1024 2511 1107 2534 cum
1126 2496 1288 2533 homines
1314 2495 1462 2545 primic

831 2560 924 2585 terra
946 2551 1021 2586 nati
1045 2550 1136 2585 sunt.
1190 2546 1336 2597 Qanta
1355 2559 1459 2583 orna-

830 2609 886 2637 tus
923 2599 1075 2637 varietas
1119 2599 1188 2636 hoc
1223 2608 1259 2633 et
1294 2597 1461 2647 sequente

831 2651 961 2688 versu!
1003 2651 1085 2689 duri
1119 2649 1281 2688 homines
1315 2662 1335 2685 e
1369 2648 1461 2684 dura

832 2713 924 2740 terra
942 2705 1031 2741 nati.

886 2768 972 2803 343.
1003 2771 1051 2792 res
1083 2764 1218 2797 lenem,
1246 2764 1339 2789 nova
1370 2749 1459 2795 sata,

831 2804 1002 2848 frondes,
1040 2817 1205 2857 gemmae,
1233 2808 1300 2840 Sec.
1366 2801 1460 2838 labo-

833 2873 914 2902 rem,
942 2858 1019 2895 scil.
1049 2870 1093 2893 ex
1125 2856 1260 2905 frigore
1278 2867 1319 2890 ac
1340 2854 1461 2890 calore

832 2918 1014 2960 tamquam
1067 2906 1280 2949 molestiam,
1357 2907 1460 2944 πόνον.

832 2970 932 2998 tanta
951 2967 1052 3012 quies,
1079 2960 1124 2997 de
1155 2955 1349 3008 tranquilla
1375 2964 1460 3013 anni

888 3011 924 3050 Z
1274 3017 1463 3059 temperre,
