1821 3381
294 275 795 343 Buc'oLch,
857 285 1048 339 ECL.
1101 285 1185 334 lv.
1329 301 1389 350 77

79 429 223 478 poetam
240 424 286 461 ad
305 435 472 474 magnam
491 421 590 459 istam
617 433 740 462 aeram,
765 432 845 470 quae
869 429 935 469 pro
963 418 1162 456 revolutione
1179 424 1297 471 magni
1309 426 1396 457 anmi

79 503 117 532 et
144 494 356 534 ἅποκαςάσει
382 490 544 528 omniurn
562 502 678 526 rerum
697 487 907 532 habebatur,
934 487 1116 538 respexifl'e
1143 487 1209 531 (cf.
1241 490 1293 525 des
1311 489 1395 540 Vzg.

80 563 166 602 noles
183 563 396 614 Chronologie
409 563 448 598 de
461 560 577 611 l’Hfi.
594 560 710 597 Sainte
725 558 837 596 Tom.
856 558 909 601 II,
927 572 964 609 p.
986 571 1074 609 710.
1093 571 1136 609 71
1151 561 1184 606 1)
1203 557 1242 595 in
1260 570 1398 595 annum

82 642 202 668 tamen
230 639 465 668 memoratum
485 641 559 680 730
577 626 678 679 rejici
710 626 786 677 ipsa
811 628 940 677 ecloga
968 640 1041 663 non
1069 627 1195 677 potest,
1223 627 1287 664 nifi
1314 638 1395 678 per-

81 712 192 749 quam
217 708 383 737 contorte
411 708 448 738 et
477 697 622 736 adversa
652 710 769 736 rerum
787 699 1049 749 verborumque
1066 698 1166 735 omni
1185 708 1327 744 natura,
1355 707 1396 737 ut

83 769 238 820 probare
265 769 300 807 se
328 783 406 808 eam
434 781 508 807 rem
534 770 739 807 Burmanno
757 768 905 819 potuisse
922 769 1044 807 mirer.
1100 769 1191 807 Non
1208 769 1395 806 oraculum

27 842 30 846 '
86 839 232 889 Sibyllae
262 839 321 878 sed
354 839 507 878 Hesiodi
532 839 590 877 IV
618 849 736 878 aetates
765 853 787 876 a
815 839 970 878 Marone
1000 839 1128 891 respici
1157 840 1398 878 contendebat

87 905 231 946 Fabric.
249 909 287 946 in
305 909 400 948 Bibl.
421 910 491 948 Gr.
511 909 621 948 Tom.
642 910 674 954 I,
695 922 758 958 31,
782 923 840 961 19.

140 979 440 1017 Communicavit
456 993 597 1017 mecum
614 979 671 1017 vir
688 978 922 1030 sagacissimus
934 977 1103 1017 Cornelius
1121 980 1160 1016 de
1171 980 1304 1025 Pauw,
1324 979 1398 1018 Ca-

87 1044 238 1083 nonicus
271 1045 399 1083 eccles.
428 1045 605 1083 Cathedr.
637 1045 843 1089 Xantenfis‚
880 1059 1012 1082 novam
1038 1047 1292 1091 correfiuram,
1328 1060 1400 1097 qua

86 1111 235 1161 putabat
252 1111 314 1150 ille
330 1122 472 1163 poetam
492 1111 664 1163 respicere
681 1122 818 1162 tempus
841 1112 972 1161 justum
988 1111 1155 1150 ludorum
1174 1112 1398 1151 saecularium

87 1181 364 1225 edicendorum,
383 1180 480 1231 quod
499 1190 584 1218 tunc
603 1180 753 1218 instabat
764 1197 774 1227 3
803 1181 906 1218 fuiffe
923 1190 1040 1219 autem
1060 1181 1272 1232 opinionem
1289 1183 1397 1220 astro-

87 1251 273 1302 logorum,
299 1261 454 1302 quatuor
481 1251 615 1289 saeculis
645 1250 831 1301 Sibyllinis
861 1251 1012 1302 expletis
1043 1251 1089 1288 ad
1117 1265 1251 1288 novum
1281 1263 1400 1290 rerum

88 1320 253 1358 ordinem
271 1321 337 1358 effe
354 1320 510 1358 reditura
533 1321 670 1366 omnia,
694 1320 995 1372 succeffuramque
1013 1321 1143 1359 iterum
1170 1331 1308 1359 aetatem
1337 1334 1402 1357 au-

91 1400 203 1432 ream,
230 1402 275 1426 ex
305 1402 375 1439 qua
399 1399 568 1440 argentea
593 1398 629 1426 et
656 1389 800 1439 reliquae
815 1389 923 1427 essent
939 1399 1028 1440 aptae
1043 1399 1078 1426 et
1095 1402 1207 1427 nexae.
1262 1389 1354 1426 Sane
1380 1401 1402 1425 a

91 1455 189 1494 ludis
201 1455 439 1501 saecularibus,
453 1467 568 1509 quarto
584 1456 717 1494 habitis
735 1457 818 1494 loco
837 1470 868 1495 a.
889 1457 961 1509 605
975 1467 1037 1494 aut
1054 1458 1128 1495 608
1138 1458 1189 1496 U.
1201 1458 1248 1495 C.
1271 1456 1402 1506 (incer-

94 1531 131 1560 ta
155 1524 254 1562 enirn
284 1522 380 1562 fama
408 1525 571 1563 tenebat:
602 1524 793 1563 censorin.
825 1539 884 1577 17.
902 1540 938 1565 v.
958 1527 1004 1564 ad
1034 1525 1173 1564 Zofim.
1201 1527 1261 1564 ed.
1281 1525 1406 1563 Reite·

95 1593 218 1631 meier.
237 1608 273 1644 p.
296 1598 384 1646 542)
404 1594 642 1632 annumeratis
656 1594 759 1632 annis
775 1594 865 1632 CX‘
893 1609 988 1633 anno
1003 1610 1093 1649 715.
1136 1596 1299 1633 Pollione
1316 1596 1405 1635 Cos.

95 1660 172 1698 fieri
189 1661 323 1711 potuit,
340 1672 379 1699 ut
405 1670 480 1699 tum
504 1662 583 1699 ludi
601 1662 779 1699 saeculares
796 1663 1086 1712 expedimentum
1115 1664 1243 1700 vellem
1271 1673 1405 1707 tamen,

96 1740 137 1767 ut
155 1731 224 1768 five
240 1743 286 1767 ex
306 1730 469 1782 Virgilio
489 1730 582 1781 ipso,
613 1731 666 1778 (in
685 1731 784 1780 cujus
802 1730 920 1767 verbis
939 1730 1031 1767 nihil
1049 1731 1223 1776 occurrit,
1242 1733 1337 1782 quod
1358 1733 1406 1770 ad

95 1798 202 1836 ludos
219 1798 398 1837 saeculares
415 1798 562 1849 spefiet)
583 1798 653 1836 five
680 1811 725 1835 ex
751 1798 824 1835 alio
842 1798 1013 1849 scriptore
1039 1801 1316 1838 commemorari
1341 1801 1408 1838 ali-

98 1868 188 1919 quid
205 1868 330 1918 poffet,
349 1868 444 1906 unde
461 1868 507 1905 de
524 1867 621 1905 ludis
636 1854 862 1905 saecularibus
885 1868 1048 1905 homines
1065 1877 1142 1906 tum
1160 1869 1330 1920 cogitasse
1347 1884 1410 1921 ap-

100 1946 259 1986 pareret:
280 1946 320 1974 ut
338 1949 382 1973 ne
399 1935 588 1973 inferretur
606 1935 644 1972 in
661 1945 804 1986 poetam
824 1936 962 1987 aliquid
979 1931 1139 1983 aliunde,
1158 1940 1259 1989 cujus
1276 1938 1315 1976 in
1333 1939 1413 1991 ipso

100 2014 204 2055 poeta
220 2005 360 2042 nullum
378 2004 566 2056 vestigium
592 2005 754 2044 habetur.
808 2005 931 2045 Multo
951 2008 1064 2058 magis
1081 2009 1330 2047 auctoritatem
1348 2011 1413 2049 de·-

101 2071 216 2108 fidero
233 2071 449 2111 narrationis
464 2074 642 2123 desaeeulis
659 2076 683 2111 S
687 2074 832 2125 ispvllinss
848 2088 1000 2127 quatuor,
1026 2086 1062 2114 et
1078 2079 1117 2114 de
1120 2081 1183 2128 spe
1200 2084 1284 2115 novi
1305 2093 1412 2117 rerunt

96 2144 224 2180 ·ord1'n1's
239 2143 305 2191 sub
329 2150 442 2195 quarti
442 2145 564 2193 saeculi
577 2145 740 2195 decmficm
757 2158 788 2184 et
811 2147 899 2185 ludos
912 2147 1094 2196 saeczclares
1110 2153 1217 2199 quinto
1235 2147 1412 2185 habendos.

105 2210 187 2249 XII
213 2212 349 2251 Saecula
366 2214 523 2252 Romam
549 2216 615 2253 effe
641 2217 848 2255 duraturam
866 2217 1080 2255 vaticinium
1108 2218 1259 2269 aliquod
1289 2216 1418 2255 extitit

106 2294 149 2318 ex
175 2282 327 2333 augurio
355 2282 434 2321 XII
455 2285 697 2323 vulturiorum
726 2286 875 2324 Romuli
898 2297 1044 2337 captum
1069 2287 1180 2338 (apud
1221 2287 1416 2328 Censorin.

106 2361 142 2385 c.
168 2361 226 2400 ¹7·
253 2363 273 2386 e
286 2349 452 2389 Varrone
472 2352 601 2404 Antiq.
620 2353 685 2392 lib.
706 2353 859 2393 XVIII.
886 2354 949 2392 ubi
969 2355 1097 2392 verba:
1127 2361 1275 2406 quoniam
1294 2357 1414 2396 CXX.

106 2433 209 2455 annos
238 2419 400 2457 incolumis
423 2426 631 2473 praeteriffit
653 2423 789 2474 populus
815 2425 995 2469 Romanus,
1022 2428 1073 2463 ad
1095 2425 1183 2463 mille
1209 2437 1241 2462 et
1270 2428 1417 2464 ducentos*

103 2495 342 2534 perventurum
354 2502 367 2525 .·
406 2502 479 2527 non
505 2490 626 2541 capio.
672 2491 855 2543 Scriptum
872 2494 966 2532 forte
997 2494 1088 2532 fuit:
1128 2503 1277 2546 quoniam
1296 2495 1416 2535 DCC.

108 2569 210 2591 annos
240 2555 402 2594 incolumis
426 2563 633 2611 praeteriff’t
650 2571 725 2611 pop.
746 2563 868 2611 Rom.)
920 2563 1057 2601 Verum
1077 2563 1122 2600 de
1140 2574 1293 2613 quatuor
1310 2564 1419 2602 saecu·

111 2623 155 2661 lis
172 2624 227 2662 seu
248 2627 410 2666 aetatibus
429 2643 545 2668 rerum
575 2632 759 2669 durationi
787 2633 986 2671 constitutis
1004 2633 1095 2672 nihil
1121 2635 1213 2672 mihi
1232 2648 1419 2672 occurrere

113 2695 275 2735 memini,
330 2698 424 2736 Filio
443 2714 551 2751 porro
577 2715 621 2739 ex
651 2702 813 2742 Pollione
831 2704 870 2742 in
889 2705 957 2742 hoc
976 2705 1054 2756 ipso
1071 2718 1165 2743 anno
1183 2716 1267 2743 nato
1297 2715 1419 2757 gratu-

113 2763 180 2801 lari
197 2766 362 2816 potuiffet
380 2779 485 2819 poeta
503 2772 634 2811 natales
652 2782 725 2811 tam
743 2773 846 2813 fausti
863 2775 997 2813 ominis
1007 2791 1020 2823 5
1049 2789 1123 2814 non
1150 2789 1236 2814 vero
1263 2777 1313 2813 ad
1333 2790 1419 2818 eum,

1259 2857 1423 2896 tanquam
