1821 3381
314 289 420 338 DE
469 273 838 362 'CARMINE
883 287 1301 336 BUCOLICO.
1403 305 1461 354 23

154 422 367 470 materiae
392 421 450 469 ad
485 438 682 469 manum
719 420 792 467 fit.
863 420 1078 467 Catroeus
1118 434 1293 479 autem,
1327 421 1462 485 cujus

152 504 411 552 vanitatem
434 516 486 552 ut
511 504 641 561 feras,
675 519 848 566 magna
872 503 1023 549 animi
1047 503 1273 564 aequitate
1305 515 1351 550 et
1375 520 1463 566 pa..

153 587 319 635 tientia
352 603 472 650 opus
509 586 588 644 est,
623 597 871 649 tamquam
909 583 944 630 fi
978 583 1027 629 in
1073 583 1358 631 Romanenfi
1392 586 1463 632 fa-

151 668 263 716 bula
285 669 556 726 versaretur,
589 668 706 715 adeo
741 667 893 714 multa
930 678 1050 715 'nova
1082 677 1131 713 et
1170 678 1271 714 tam
1309 668 1464 715 confi-

150 749 316 797 denter
334 751 559 798 mentitus
592 750 745 814 magis
768 766 913 812 quam
952 762 1255 797 commentus
1295 749 1374 806 est,
1409 762 1462 797 ut

149 831 406 887 interdum,
439 830 662 895 quorsum
691 830 878 878 evasura
902 847 971 878 res
997 831 1067 888 fit,
1102 831 1241 893 plane
1265 830 1460 876 haereas.

150 911 329 959 Verum
360 929 417 959 ex
440 912 634 974 reliquis
670 912 814 958 etiam
847 912 1207 975 Interpretibus,
1241 910 1323 973 qui
1359 926 1464 956 ma-

141 993 246 1061 jore
286 1011 400 1043 cum
445 995 643 1058 pudore,
680 994 858 1059 judicii
903 995 1124 1041 acumine
1166 1007 1212 1039 et
1249 992 1463 1048 veritate,

146 1076 352 1140 Eclogas
377 1089 661 1134 enarrarunt,
695 1077 776 1122 vix
799 1076 1051 1139 quisquam
1076 1075 1158 1132 est,
1191 1074 1275 1137 qui
1311 1074 1370 1120 ab
1405 1090 1461 1119 eo

147 1160 318 1206 morbo
343 1160 541 1207 intadtus
576 1159 817 1206 manserit.
887 1158 1032 1221 Qod
1063 1157 1097 1204 fi
1135 1158 1184 1203 in
1226 1157 1462 1213 nonnuliS,

144 1253 198 1288 ut
221 1241 270 1286 in
294 1241 332 1287 Ι.
361 1241 452 1288 ΙΧ.
480 1241 543 1299 X,
577 1241 817 1305 allegoriae
843 1241 973 1287 loeus
1005 1239 1342 1302 relinquendus
1379 1237 1461 1293 est,

144 1319 246 1385 ejus
269 1333 427 1369 tamen
449 1335 612 1369 natura
650 1322 883 1386 ejusmodi
908 1322 988 1379 est,
1021 1333 1075 1367 ut
1097 1319 1239 1383 poeta
1270 1320 1463 1367 univer*

145 1401 243 1449 sam
266 1419 365 1450 rem
391 1404 549 1450 fabula
571 1404 775 1451 arcessita
810 1402 1071 1459 involuisse,
1105 1402 1309 1466 fingulas
1346 1416 1460 1448 vero

143 1497 300 1549 partes
339 1487 534 1550 proprie
576 1484 784 1532 traetaffe
815 1484 1001 1546 suisque
1039 1482 1329 1529 ornamentis
1371 1481 1461 1527 ho-

143 1567 334 1616 nestasse
371 1567 521 1614 videri
566 1567 750 1614 debeat.
818 1566 957 1613 Nihil
994 1566 1153 1627 itaque
1195 1580 1281 1611 nec
1318 1564 1460 1610 odio-

143 1653 249 1710 fius,
283 1668 369 1699 nec
405 1669 430 1698 a
466 1652 533 1698 rei
556 1651 737 1698 ratione
761 1650 911 1712 magis
937 1648 1161 1704 alienum,
1195 1663 1339 1712 quam
1364 1646 1459 1692 fin-

141 1736 275 1800 gulas
292 1736 539 1783 sententias
560 1734 618 1781 ad
642 1734 882 1796 allegoriae
904 1732 1214 1778 subtilitatem
1238 1745 1457 1777 revocare

141 1820 262 1866 velle
287 1821 326 1865 ³¹⁶.
397 1817 579 1864 Sufficit
618 1832 662 1862 v.
701 1832 743 1863 c.
781 1816 829 1861 in
866 1814 1023 1877 prima
1049 1812 1242 1876 Virgilii
1275 1811 1456 1874 ecloga,

140 1912 312 1957 tenere,
338 1913 650 1946 communem
687 1885 907 1943 omnium
943 1908 1227 1958 temporum
1265 1893 1457 1956 opinio-

139 1999 252 2030 nem
276 1980 378 2037 effe,
414 1979 674 2043 Virgilium
707 1980 888 2041 partim
923 1978 982 2024 ad
1018 1978 1148 2026 suam
1183 1978 1362 2040 partim
1395 1975 1455 2022 ad

141 2062 514 2109 Mantuanorum
561 2059 801 2107 fortunam
846 2060 1110 2123 respexisse,
1154 2072 1201 2105 et
1237 2058 1455 2122 Augusto

137 2159 226 2207 pro
250 2142 447 2189 redditis
469 2142 594 2206 agris
621 2141 793 2204 gratias
830 2158 968 2204 agere
992 2141 1201 2189 voluisse.
1270 2139 1362 2186 Sed
1385 2155 1454 2194 ea,

138 2244 247 2292 quae
271 2229 328 2275 de
360 2227 530 2288 Tityro
566 2238 904 2281 memorantur,
945 2226 1126 2290 singula
1162 2223 1301 2270 anxie
1338 2237 1453 2268 cum

140 2310 331 2374 Virgilii
355 2309 554 2372 persona
576 2324 869 2372 comparare,
886 2308 934 2354 id
965 2324 1110 2372 quam
1132 2296 1355 2370 putidum
1381 2301 1455 2360 fit,

137 2394 243 2460 quis
287 2410 380 2440 non
417 2392 617 2440 sentiat?
666 2393 891 2461 Appellat
940 2392 1095 2458 ipsum
1141 2390 1187 2438 se
1224 2388 1451 2450 Tityrum

189 2543 212 2565 ’κ’
241 2543 367 2587 Κεξὶε,
413 2542 571 2593 quisquis
609 2542 670 2580 ille
712 2541 759 2578 est
827 2540 940 2578 vianis
959 2540 1001 2577 ad
1024 2539 1103 2578 Ecl.
1122 2537 1195 2582 ΙΙΙ,
1216 2549 1264 2573 20
1283 2535 1453 2584 Refutane·

137 2595 423 2638 Grammaticus,
451 2595 489 2631 in
503 2594 647 2631 attextis
664 2593 762 2630 Vitae
827 2595 975 2641 dasstmt
993 2591 1163 2643 allegorice
1181 2596 1214 2626 in
1230 2586 1364 2625 bucolico
1374 2600 1452 2622 car-

103 2645 117 2657 ⁸
139 2647 276 2698 Virgil.
303 2647 319 2697 ᾗ
338 2659 386 2697 99
415 2646 512 2683 Illud
524 2648 692 2683 tenendum
704 2648 761 2695 effi
826 2651 925 2688 mine,
945 2645 1006 2693 nfi
1023 2659 1106 2685 cum,
1126 2653 1161 2678 ul
1173 2644 1282 2689 fizpra
1310 2639 1453 2674 diximus

131 2702 354 2751 praedicimus,
382 2705 416 2734 jn
441 2697 596 2735 Bucolicis
627 2695 767 2748 Virgilii
833 2696 897 2747 (ad
916 2695 995 2732 Ecl.
1014 2694 1048 2739 I,
1072 2693 1131 2742 1),
1156 2708 1198 2729 ex
1215 2690 1330 2740 aliqua
1352 2702 1452 2737 agra-

137 2767 236 2803 neque
255 2753 411 2801 nusquam
435 2764 533 2800 neque
550 2748 667 2800 ubique
696 2747 763 2784 ali·
824 2763 898 2785 rum
910 2744 1110 2798 perditorum
1127 2742 1303 2792 neceffitme
1325 2741 1451 2790 dffcen-

136 2805 373 2858 qaidfigurate
397 2802 463 2842 dici
478 2810 549 2840 etc.
568 2809 603 2839 et
623 2799 663 2839 in
682 2799 763 2840 Ser.-
825 2801 921 2845 dunt,

1338 2876 1449 2935 Ecl,
