1987 3361
237 269 402 318 VITA
434 267 494 315 P.
530 265 821 317 VIRGILII
857 265 1178 316 MARONIS
1244 281 1395 314 chxr

82 406 225 446 Deinde
267 404 498 447 catalecton,
537 409 574 438 et
608 399 814 444 Moretum,
851 410 888 436 et
918 399 1100 450 Priapeia,
1138 410 1174 438 et
1206 400 1399 452 Epigram-

81 476 194 510 mata,
227 473 265 503 et
301 463 423 506 Diras,
451 472 486 499 et
511 459 699 504 Culicem,
733 472 817 497 cum
847 460 929 496 effet
965 472 1142 498 annorum
1173 460 1400 510 quindecim.

80 526 196 576 Cujus
228 522 379 565 materia
411 520 494 558 talis
519 519 587 557 est:
627 517 749 556 Pastor
794 516 966 570 fatigatus
984 519 1065 556 aestu
1083 531 1170 556 cum
1196 519 1259 557 sub
1289 519 1396 556 arbo-
1423 530 1474 568 29

79 598 118 623 re
162 581 412 625 obdormiffet,
447 589 483 618 et
527 579 667 630 serpens
710 577 756 615 ad
799 577 907 616 illurn
946 588 1167 630 proreperet,
1210 592 1231 616 e
1271 580 1402 630 palude

78 646 185 685 culex
229 639 450 693 provolavit,
491 647 600 689 atque
644 637 738 675 inter
782 638 858 675 duo
901 648 1063 689 tempora
1107 639 1273 676 aculeum
1318 640 1401 678 fixit

77 701 223 758 pastori.

76 849 233 892 judicium
248 848 391 880 nostrum
405 848 489 879 ferre
511 847 552 879 ad
575 857 612 877 ea
625 854 710 884 tern-

78 904 158 936 pora
179 893 427 935 supersedemus,
449 901 522 921 cum
538 890 709 932 aliquando

80 936 205 967 minora
232 935 363 972 Virgilii
385 934 526 965 carmina
551 941 582 965 et
614 934 710 966 cata÷

79 980 162 1012 leeta
178 972 391 1011 nostrae⁸forte
418 977 550 1019 Virgilii
576 976 711 1008 editioni

79 1023 268 1064 subjungere
298 1022 436 1057 dabitur.
491 1022 616 1051 Interea
642 1020 710 1050 haec

80 1077 210 1098 monere
237 1064 386 1096 sufficiat:
411 1063 512 1095 Fuisse
541 1064 712 1105 aliquando

80 1109 224 1141 Culicem
254 1108 441 1149 inscriptum
479 1118 607 1138 carmen
638 1107 715 1139 Vir-

79 1153 150 1195 gilii
172 1151 281 1193 passim
307 1151 453 1182 habitum
479 1152 570 1181 docet
595 1150 716 1180 Marti-

80 1196 137 1227 alis
152 1196 246 1234 XIV,
267 1194 304 1226 18
306 1204 324 1233 5
340 1196 446 1239 Accipe
447 1194 574 1237 facundi
585 1195 716 1231 Culicem,

69 1239 197 1285 studiose,
215 1239 346 1270 Maronis
357 1251 368 1269 .·
392 1245 424 1268 et
441 1239 528 1274 VIII,
540 1236 716 1278 Epigr.56‚

83 1294 132 1325 19.
165 1292 207 1315 20
239 1284 373 1313 Protinus
403 1281 517 1312 Italiam
542 1282 659 1323 concepit
688 1290 715 1311 et

80 1339 160 1359 arma
173 1328 337 1368 virumque,
358 1326 422 1369 Qi
437 1325 510 1355 modo
525 1326 582 1355 vix
602 1324 714 1354 culicem

70 1369 204 1413 fleverat
233 1381 277 1400 ore
300 1367 376 1398 rudi.
420 1369 554 1398 Sueton.
585 1367 618 1397 in
635 1367 715 1397 Vita

80 1413 224 1443 Lucani:
263 1410 388 1455 ut—sua
411 1423 471 1442 cum
502 1411 623 1453 Virgilio
644 1422 714 1442 com-

76 1465 197 1499 parans,
212 1455 294 1499 ausus
307 1456 350 1496 Jit
364 1455 454 1485 dic-:re
467 1467 478 1486 .-
501 1461 533 1484 et
556 1460 713 1495 quantum

80 1499 161 1530 'mihi
190 1499 285 1529 restat
315 1497 355 1528 ad
386 1495 553 1528 Culicem?
597 1497 715 1527 Statius

81 1543 158 1573 Silv.
188 1544 226 1578 II,
259 1552 291 1580 7,
315 1551 358 1580 74
381 1541 420 1571 de
446 1542 600 1571 Lucano:
640 1542 715 1573 Haec

75 1589 167 1630 primo
169 1585 287 1625 juvenis
304 1596 381 1615 canes
389 1584 444 1627 sub
457 1596 522 1615 aevo
537 1585 616 1614 Ante
631 1595 714 1614 annos

81 1630 182 1661 Culicis
198 1629 365 1660 Maroniani
377 1641 387 1658 .-
412 1635 443 1657 et
460 1626 550 1668 praef.
568 1627 644 1657 Silv.
660 1626 715 1657 lib.

80 1672 172 1710 1,ubi
188 1679 315 1702 veretur
333 1671 371 1701 de
388 1670 551 1701 Thebaide
568 1670 687 1700 edenda
705 1681 712 1700 :

71 1716 126 1761 sed
140 1725 165 1746 et
182 1716 300 1746 Culicem
314 1715 426 1756 legimus
449 1723 476 1744 et
495 1715 715 1755 Batrachomyo-

80 1761 217 1791 melchiam
242 1760 324 1788 etiam
349 1756 513 1801 agnoscimus
525 1771 536 1791 ;
569 1769 616 1787 nec
641 1758 715 1801 quilss

80 1814 165 1847 quam
181 1802 216 1844 est
244 1801 388 1844 illustrium
404 1802 561 1842 po‘c'tarum,
590 1802 639 1842 qui
665 1813 715 1831 nen

79 1846 192 1887 aliquid
207 1846 330 1887 operibus
338 1843 398 1888 suis
409 1844 475 1886 stilo
490 1843 715 1888 remgffio'reprae-

79 1888 182 1932 luserit.
245 1887 419 1917 Enimvero
444 1893 498 1916 aut
526 1886 627 1916 Culex
659 1886 713 1916 ille

81 1931 213 1973 Virgilii
225 1930 397 1966 intercidit,
412 1937 441 1960 et
456 1930 490 1965 is,
507 1940 603 1970 quem
616 1929 712 1959 habe-

82 1985 164 2012 mus,
183 1986 202 2005 a
218 1974 438 2005 Grammatico
456 1972 631 2014 suppositus
647 1972 714 2013 ejus

82 2018 205 2050 nomini
230 2017 286 2054 est,
310 2025 365 2047 aut
381 2017 492 2047 misere
510 2016 645 2047 foedatus
660 2016 714 2047 ille

82 2061 138 2099 est,
152 2061 273 2092 laciniis
287 2060 460 2102 pannisque
478 2060 641 2092 variorum
664 2059 714 2089 in-

83 2105 314 2146 terpolatorum
325 2102 442 2133 assutis.
478 2103 631 2134 Alterum
647 2113 715 2133 car-

82 2158 170 2186 men,
184 2158 241 2178 nee
258 2147 363 2178 minus
377 2147 461 2177 foede
474 2146 715 2188 interpolatum,

82 2193 158 2229 Cirin
189 2190 341 2222 Cornelio
382 2189 477 2223 Gallo
518 2190 716 2220 vindicatum

81 2235 141 2265 ivit
157 2234 233 2276 Just.
246 2233 441 2264 fontaninus
452 2233 522 2264 hist.
535 2233 602 2264 litt.v
614 2233 717 2275 Aqui-

80 2277 133 2319 lei.
148 2277 203 2309 lib.
218 2279 242 2315 I,
265 2288 295 2308 c.
322 2286 353 2315 2,
376 2287 408 2317 p.
432 2285 474 2315 32
497 2277 576 2317 sqq„
602 2287 718 2318 repuge·

81 2329 178 2360 nante
194 2322 243 2363 J0.
261 2320 434 2351 Schradero
453 2328 484 2351 et
498 2320 586 2351 aliis:
610 2319 662 2351 sed
678 2321 717 2351 de

83 2363 144 2394 hoc
167 2375 199 2394 v.
219 2365 358 2394 Prooem.
370 2363 403 2393 in
421 2364 522 2394 Cirin.
566 2364 665 2406 Qod
677 2364 717 2394 ad

83 2409 313 2451 Epigrammata,
341 2406 488 2448 inprimis
509 2409 538 2438 in
564 2409 717 2450 Priapum,

83 2451 211 2487 attinet,
241 2448 340 2480 lufiffe
370 2451 499 2491 po'e'tam
533 2449 716 2491 hujusmodi

83 2494 230 2534 quaedam
245 2493 389 2524 dubitare
409 2503 466 2524 nos
480 2503 542 2524 non
562 2492 634 2524 sinit
651 2493 717 2527 Pli÷

83 2538 155 2568 nius
184 2538 245 2579 Ep.
277 2537 321 2574 V,
356 2545 385 2575 3.
433 2537 518 2567 Nam
546 2537 586 2567 ad
614 2538 718 2579 majus

82 2579 204 2622 aliquid
246 2590 344 2622 quam
387 2579 571 2621 eclogarum
613 2580 716 2612 lusum

84 2622 230 2664 ¹speclass‘e
260 2623 397 2659 videtur,
432 2623 510 2654 dum
540 2623 717 2665 Virgilium

85 2665 166 2697 inter
182 2677 236 2697 eos
250 2674 420 2704 memorat,
436 2666 490 2707 qui
506 2666 613 2708 paullo
628 2667 718 2698 lasci-

84 2709 174 2740 viora
199 2710 339 2743 carmina
358 2710 580 2740 condiderint:
606 2720 717 2751 quam-

83 2762 182 2799 quam
215 2750 358 2788 alteram,
385 2753 576 2793 sententiam
608 2753 718 2788 ovidii

291 700 345 742 At
375 699 439 737 ille
470 697 646 740 continuo
694 696 852 741 culicem
893 697 1082 742 contrivit,
1119 707 1156 735 et
1182 697 1301 741 visum
1330 699 1400 738 ser-

776 847 883 878 verbis
895 849 976 879 tueri
989 847 1080 891 posiis
1090 849 1186 880 Trist.
1198 850 1238 888 11,
1251 858 1329 889 537,
1343 849 1411 892 qui,

777 890 856 922 dum
865 892 995 933 Virgilii
1011 892 1156 933 exemplo
1170 893 1200 923 se
1216 901 1409 930 tuetur‚non

778 934 834 965 nisi
847 935 993 966 Bucolica
1017 936 1163 966 nominat
1177 947 1184 967 :
1202 937 1347 979 Phyllidis
1364 938 1410 968 hic

778 979 847 1009 idem
863 980 1011 1024 tenerisque
1032 980 1219 1021 Amaryllidis
1245 983 1319 1022 ignes
1345 982 1409 1011 Bu·

777 1023 864 1053 calicis
873 1022 992 1063 juvenis
1008 1023 1111 1067 luserat
1125 1032 1190 1054 ante
1202 1026 1296 1055 modis.
1333 1026 1412 1055 AEt·

778 1078 841 1096 nam
861 1066 1002 1096 Cornelii
1024 1067 1132 1097 Severi
1152 1066 1251 1108 vulgo
1267 1066 1411 1097 habitam

777 1108 904 1140 Lucilio
946 1110 1067 1150 juniori
1127 1120 1228 1151 nuper
1283 1109 1410 1140 asseruit

778 1151 977 1183 Vl'ernsdorf.
1004 1154 1046 1183 V.
1069 1153 1109 1185 C.
1130 1155 1220 1184 Poe't.
1243 1155 1318 1184 Lat.
1331 1154 1413 1185 min.

777 1195 820 1226 T.
840 1196 896 1225 IV.
943 1197 1034 1230 Diras
1053 1196 1174 1226 Valerii
1192 1197 1325 1227 Catonis
1341 1196 1414 1235 effe,

779 1249 796 1268 a
813 1239 939 1269 nemine
955 1239 1046 1269 facile
1063 1250 1145 1270 nunc
1163 1240 1335 1273 dubitatur.
1361 1241 1413 1273 De

778 1283 891 1313 Mat-eto
905 1282 969 1320 vid,
986 1293 1118 1323 prooem.
1145 1285 1245 1326 Copam
1258 1295 1331 1314 cum
1344 1283 1415 1315 aliis

775 1326 814 1356 ad
831 1325 1068 1356 aliosauetores
1090 1325 1209 1357 referre
1235 1338 1300 1357 non
1322 1338 1415 1358 vere·

776 1379 859 1399 mur.
906 1370 984 1400 Mos
999 1370 1086 1400 enim
1108 1369 1160 1399 ille
1183 1370 1415 1412 vulgatiffimus

776 1412 839 1443 five
863 1413 1157 1443 Grammaticorum
1181 1413 1242 1444 sive
1268 1413 1415 1445 librario-

779 1466 853 1486 rum
866 1455 939 1493 fuit,
962 1464 998 1486 ut
1015 1456 1076 1486 slve
1093 1455 1238 1487 &bimam
1261 1456 1324 1488 five
1350 1457 1415 1488 mi-

781 1510 859 1529 nora
878 1499 993 1540 scripta
1008 1498 1173 1530 clarissimo
1191 1501 1302 1542 cuique
1318 1500 1415 1542 scrip-³

779 1543 843 1574 tori
877 1542 1101 1580 adscriberent,
1129 1543 1210 1585 saepe
1242 1544 1340 1574 etiam
1378 1545 1414 1574 in

780 1586 863 1616 calce
887 1587 994 1616 vacuis
1019 1586 1136 1617 chartis
1166 1587 1247 1618 illita
1273 1587 1415 1619 carmina

780 1630 820 1659 ad
837 1629 966 1670 majoris
982 1629 1130 1660 carminis
1154 1631 1319 1661 amstorem
1340 1641 1399 1661 con

780 1671 916 1703 fidenter
933 1673 1098 1704 referrent.
1136 1675 1181 1704 Ex
1194 1675 1323 1717 Epistolis
1338 1675 1416 1707 Vir.-

781 1716 852 1757 gilii
868 1716 907 1746 ad
924 1716 1102 1757 Augustum
1121 1718 1184 1748 duo
1208 1717 1276 1748 loca
1292 1728 1415 1748 memo-

781 1767 830 1789 rat
848 1760 995 1791 Macrob.
1014 1762 1077 1792 Sat.
1106 1761 1129 1797 I,
1148 1769 1204 1798 24,
1220 1771 1417 1802 quamquam

780 1803 933 1845 Wrgilium
959 1803 1008 1833 illa
1023 1803 1152 1846 felicitas
1175 1807 1275 1846 ingenii
1299 1807 1326 1835 in
1351 1817 1415 1835 ora-

779 1845 938 1890 tionesoluta
947 1847 1069 1889 reliquit,
1077 1850 1201 1877 Senecae
1211 1847 1330 1888 judicio
1338 1849 1414 1879 Exc.

780 1889 935 1920 Controv.
956 1889 1010 1919 lib.
1028 1891 1079 1919 111.
1111 1891 1248 1931 Augusti
1272 1890 1417 1931 epistolas

779 1933 818 1963 ad
836 1932 1012 1974 Virgilium
1028 1933 1135 1964 laudat
1159 1934 1269 1965 'ducier
1285 1934 1418 1975 Dialogi

779 1976 819 2006 de
830 1976 965 2006 Oratore
979 1987 1005 2006 c.
1021 1986 1057 2014 13
1069 1984 1098 2006 et
1111 1977 1304 2008 Claudianus
1316 1978 1415 2019 Epist.

780 2019 821 2049 ad
838 2018 940 2059 Olybr
979 2021 1026 2059 (n.
1046 2021 1135 2063 XLI)
1149 2031 1180 2050 v.
1202 2031 1240 2059 23
1264 2024 1416 2064 Dignatus

780 2065 857 2093 tenui
873 2062 968 2106 Ca’fhr
981 2063 1115 2108 scripfiſjk
1137 2065 1265 2096 Maroni.
1311 2066 1417 2096 Caete-

782 2116 855 2136 rum
872 2116 935 2136 non
947 2106 1072 2147 pigebit
1090 2108 1196 2138 locum
1212 2119 1249 2138 ex
1262 2107 1415 2147 Vincent,

783 2149 942 2179 Bellovac.
959 2151 1046 2191 Spec.
1066 2151 1137 2181 hist.
1155 2152 1227 2187 VII,
1246 2152 1285 2182 62
1303 2152 1418 2182 adscri-

783 2192 870 2230 bere,
895 2193 962 2231 ubi,
991 2194 1157 2235 postquam
1186 2205 1223 2225 ex
1254 2205 1303 2232 eo,
1329 2195 1419 2236 quod

778 2235 897 2281 pascua,
918 2249 1001 2273 rura,
1022 2237 1103 2269 duces
1127 2245 1254 2269 tantum
1275 2238 1419 2270 ceciniss‘e

782 2289 980 2310 memoratur
995 2280 1164 2322 Virgilius,
1177 2281 1299 2321 colligit
1316 2292 1323 2312 :
1349 2291 1418 2326 pro-

781 2323 843 2353 inde
860 2324 997 2365 Virgilius
1017 2324 1051 2354 de
1074 2326 1176 2362 Culice,
1191 2334 1217 2355 et
1233 2326 1371 2368 Wrgilius
1382 2327 1419 2358 de

783 2368 893 2403 AEma,
915 2379 981 2410 quos
1007 2368 1217 2412 Aureliane-nst*
1239 2369 1281 2400 ad
1302 2370 1419 2411 ‹stenta-

780 2412 877 2441 tionem
893 2419 918 2440 et
926 2409 1099 2451 jammam
1115 2413 1325 2455 circumftrunt,
1347 2415 1420 2444 inter

781 2457 905 2484 auam-es
920 2457 1088 2497 apociyphos
1097 2455 1327 2498 siparandifint.

827 2508 887 2527 cum
917 2499 978 2542 cffit
1019 2511 1152 2530 annorum
1188 2501 1273 2532 XV;
1315 2500 1419 2530 immo

784 2539 897 2578 XXV,
912 2541 1025 2581 etjam
1047 2542 1230 2573 emendavit
1251 2543 1372 2575 Oudiu.
1394 2543 1419 2580 1,

784 2593 811 2622 ς,
829 2593 901 2625 pag.
922 2593 995 2626 309.

827 2626 853 2667 ξ.
891 2635 943 2669 29.
983 2627 1071 2669 Cujus
1109 2631 1226 2662 materia
1263 2630 1329 2662 talis
1372 2632 1419 2673 est.

783 2669 877 2708 Haec,
898 2678 930 2701 et
968 2681 1039 2712 quae
1078 2672 1262 2713 sequuntur,
1299 2674 1420 2705 emble-

782 2723 837 2744 ma
875 2724 890 2747 e
927 2715 1073 2760 margine
1099 2715 1172 2759 esse,
1215 2717 1420 2752 manifestum

784 2756 838 2795 est,

1325 2803 1342 2846 S
1366 2813 1419 2845 32,
