1821 3381
345 308 409 358 94
540 286 594 338 Ρ.
651 286 1024 337 VIRGILII
1092 284 1485 338 MARONIS

344 424 525 466 nonnullis
540 422 729 461 Theocriti
746 420 913 472 inprimis
928 419 1041 470 Idyll.
1061 420 1079 457 I
1093 430 1129 458 et
1144 419 1237 467 VII,
1251 421 1344 459 locis
1362 432 1522 474 apparet.
1578 422 1663 463 Fuit

343 488 408 535 ille
425 496 463 535 in
488 495 608 533 herois
626 494 709 533 loco
735 494 830 531 inter
847 493 999 543 pastores
1016 491 1180 538 habitus;
1208 502 1315 530 cantu
1335 493 1395 531 ille
1422 494 1555 533 nobilis
1581 506 1618 534 et
1642 508 1664 534 a

343 564 522 618 Nympha
538 576 695 610 amatus3
724 565 834 616 hique
852 565 927 614 ejus
948 577 1098 608 amoreS,
1117 562 1191 600 fata
1207 573 1243 601 et
1263 577 1355 601 mors
1378 565 1569 615 pastoritiis
1585 579 1664 606 car·

343 633 501 672 minibus
518 632 695 670 celebrata
720 642 756 670 et
774 631 898 670 multis
923 627 1040 669 modis
1066 629 1215 669 variata.
1235 626 1311 670 vid.
1331 632 1376 669 de
1391 645 1435 669 eo
1457 632 1600 673 Servius
1617 625 1665 672 ad

342 700 425 739 Ecl.
446 700 558 743 VIII,
578 701 642 739 68.
696 699 853 738 Diodor.
867 699 946 765 ¹IV,
968 702 1031 749 84,
1057 707 1093 735 et
1110 697 1246 737 AElian.
1264 698 1312 737 V.
1327 699 1380 738 H.
1394 700 1446 744 X,
1464 703 1522 739 18.
1548 710 1584 739 et
1610 697 1664 741 ibi

338 771 462 822 Intpp.
483 770 604 807 Schol.
622 769 785 807 Theocr.
804 769 862 807 Id.
885 768 996 813 VIII,
1014 768 1040 806 f.
1059 767 1107 806 cf.
1128 766 1237 805 Silius
1254 766 1337 805 Ital.
1358 767 1473 813 XIV,
1487 769 1569 819 '466
1586 768 1664 821 sqq.

338 836 458 874 Ovid.
476 835 535 874 IV
549 835 645 874 Met.
666 836 883 888 276—278,
900 843 935 872 et
953 834 1006 872 ibi
1024 833 1164 885 Intppa,
1182 832 1342 871 Dorvilh
1361 834 1480 871 Sicula
1493 848 1530 886 p.
1546 848 1592 887 27
1608 835 1664 887 sq.·
1710 865 1715 869 .

339 905 510 958 Daphnis
539 919 560 943 a
587 905 682 945 Pane
714 914 850 943 amatus
877 903 1008 956 Epigr.
1035 917 1093 955 ap.
1121 904 1279 941 Brunck.
1308 903 1422 941 Tom.
1449 903 1490 942 I.
1522 918 1559 956 p.
1602 917 1661 957 ις.
1708 890 1713 893 .

340 974 475 1015 Noster
486 988 570 1013 vero
585 979 692 1026 poeta
706 982 958 1026 argumentum
975 972 1197 1024 pastoritiurn
1215 971 1362 1009 heroico
1375 972 1498 1024 generi
1514 972 1663 1024 propius

338 1044 519 1089 admovit,
546 1043 656 1095 idque
682 1044 734 1080 ita
759 1041 939 1086 tractavit,
967 1040 1112 1079 ornavit
1145 1050 1181 1078 et
1208 1040 1460 1091 amplificavit,
1488 1051 1528 1079 ut
1552 1052 1662 1092 gene·

338 1112 460 1151 rosum
476 1116 595 1163 po'e'toe
609 1110 706 1162 epici
723 1110 888 1162 spiritum
906 1109 1013 1148 facile
1027 1109 1066 1147 in
1082 1122 1126 1147 eo
1141 1108 1327 1160 agnoscas„
1351 1122 1568 1160 quamquam
1593 1109 1661 1148 fin-

337 1184 434 1237 gulae
458 1194 576 1221 rerum
603 1180 779 1232 imagines
804 1190 840 1218 et
865 1180 1082 1218 characteres
1107 1191 1153 1217 ex
1180 1177 1504 1230 antiquiffimorum
1529 1177 1660 1216 carmi-

339 1263 427 1288 num
446 1248 569 1286 indole
582 1256 618 1285 et
634 1247 755 1285 colore
778 1246 878 1284 duffl
905 1246 998 1285 sunt.
1051 1245 1187 1291 Locus,
1214 1245 1253 1282 in
1280 1258 1354 1296 quo
1380 1245 1415 1283 se
1441 1244 1660 1284 conveniunt

337 1318 506 1370 pastores,
523 1317 638 1355 statim
653 1316 698 1354 ab
712 1316 818 1354 initio
834 1328 963 1366 magna
977 1313 1150 1352 suavitate
1166 1313 1407 1352 describitur:
1430 1313 1660 1351 successerant

338 1395 444 1424 antro
456 1384 599 1436 agrestis
612 1384 697 1422 vitis
714 1383 925 1435 palmitibus
948 1382 1124 1421 obdufio.
1177 1382 1334 1419 Carmen
1355 1382 1402 1420 ad
1423 1395 1556 1420 annum
1580 1387 1655 1432 7²²

338 1454 464 1492 referri
491 1455 593 1494 solet.
646 1454 747 1493 Vide
776 1456 888 1494 Vitam
918 1452 1059 1505 Virgilii
1092 1453 1131 1491 h.
1159 1465 1192 1491 a.
1247 1452 1457 1490 Imitatione
1490 1452 1659 1503 sequutus

339 1525 387 1563 est
404 1524 496 1562 hanc
513 1525 692 1577 Eclogam
709 1525 842 1578 Popius
867 1525 998 1577 Pastor.
1024 1523 1099 1571 IV,
1125 1536 1231 1575 quem
1256 1526 1418 1575 nascentes
1435 1522 1546 1573 pok'tae
1569 1534 1655 1560 cum
1700 1521 1701 1524 ’

339 1607 383 1633 ea
399 1595 633 1636 contendent.
1515 1583 1523 1590 ⁵
