1821 3381
317 281 864 377 GEORGICON,
929 317 1203 369 LIB.1V.
1329 335 1427 388 509

112 449 212 501 illis
233 453 300 500 ira
324 452 523 498 modum
549 450 687 514 supra
711 449 790 505 est,
824 446 1044 510 laesaeque
1067 464 1307 498 venenum

113 544 352 592 Morfibus
378 543 624 606 inspirant,
659 553 707 588 et
729 540 908 603 spicula·
924 556 1052 588 caeca
1073 541 1346 605 relinquunt

113 638 305 685 Adfixae
328 637 475 694 venis,
509 635 778 698 animasque
802 634 852 682 in
875 635 1065 682 volnere
1088 651 1291 700 ponunt.
1331 642 1422 701 238

157 769 233 809 236.
261 770 365 799 modum
385 769 474 810 fhper
496 767 531 810 est
557 765 702 798 nonnulli
729 764 869 797 Pieriani
895 771 928 795 et
963 764 1115 807 Giphanii
1144 765 1228 805 Mss„
1260 766 1345 798 unde
1371 766 1427 798 ille

106 821 216 863 supera
243 820 330 857 facit,
352 819 439 861 quod
469 818 699 848 Lucretianum
728 815 949 855 est.——238.
982 816 1094 859 Affixae
1137 819 1218 848 venis
1255 817 1426 860 vulgatum

113 869 188 902 inde
212 870 251 901 ab
282 870 382 902 Aldd.
426 870 539 913 Ααῖᾔκα
565 871 593 900 in
616 870 696 900 venis
727 868 784 898 sec.
809 866 941 898 Mentel.
963 877 981 898 a
1007 877 1048 898 m.
1082 867 1140 899 sec.
1170 875 1202 899 et
1228 879 1274 910 pr.
1306 871 1427 901 Moret.

114 931 197 954 unus
233 920 390 952 Arundel.
413 928 445 952 et
469 920 548 951 alter
571 929 644 950 cum
669 917 733 949 Ers.
767 924 799 948 et
828 926 902 947 cum
929 916 999 948 edd.
1032 916 1193 948 nonnullis
1224 918 1325 959 (inter
1350 928 1430 959 quas

113 976 252 1016 Argent.
284 983 380 1013 1502,
402 978 533 1004 notante
561 970 703 1008 Reisszio,
726 968 776 1000 cui
804 968 896 999 valde
928 967 1087 999 arridebat
1116 979 1152 999 ea
1176 968 1300 1011 leffio),
1322 972 1431 1015 Affixoe

112 1028 142 1056 in
174 1027 264 1058 venis.
335 1024 449 1055 Videri
479 1023 579 1066 potest
611 1022 672 1053 hoc
706 1019 928 1058 Grammatici,
964 1019 1003 1050 de
1033 1026 1138 1051 metro
1163 1019 1298 1057 solliciti,
1331 1032 1429 1064 opera

111 1076 343 1119 interpolatum
368 1075 428 1106 effe
459 1085 496 1106 ex
523 1074 637 1116 Adfixa
652 1074 745 1109 venis,
768 1070 830 1103 scil.
858 1069 988 1112 spicula,
1009 1077 1046 1102 ut
1077 1078 1146 1102 erat
1171 1071 1204 1102 in
1231 1072 1329 1103 Pierii
1354 1083 1429 1114 per-

112 1136 221 1160 vetere
246 1127 341 1166 libro,
362 1125 501 1158 Mentel.
535 1135 585 1167 pr.
608 1125 690 1165 Reg.
711 1123 836 1154 Moret.
860 1122 917 1153 sec.
944 1121 1048 1160 Leid.²
1068 1121 1159 1153 item
1185 1123 1283 1156 Goth.
1311 1124 1368 1156 see.
1395 1131 1429 1157 et

113 1179 267 1211 Brunckii
292 1178 386 1216 libro,
406 1179 500 1220 Afixa
530 1178 607 1207 venis
632 1174 723 1206 Leid.
752 1174 810 1205 sec.
867 1172 976 1204 Habet
1005 1180 1113 1205 tamen
1139 1181 1171 1206 et
1197 1175 1296 1206 altera
1320 1174 1433 1215 leffio,

112 1241 186 1273 quae
211 1230 285 1273 ipsae
311 1240 384 1271 apes
407 1229 520 1273 Affixae
547 1229 628 1258 venis
650 1225 810 1261 dicuntur,
831 1219 903 1255 cuin
926 1225 1169 1266 grammaticam
1192 1226 1363 1265 rationem,
1384 1226 1431 1258 est

111 1282 201 1313 enim
228 1279 470 1323 elegantissima,
493 1287 564 1310 tum
589 1277 745 1308 librorum
771 1275 1008 1313 auetoritatem,
1032 1276 1184 1315 Romani,
1215 1277 1370 1316 Medicei,
1396 1285 1431 1310 et

114 1340 327 1370 caeterorum3
365 1331 479 1362 eodem
517 1327 721 1360 referendum
746 1327 857 1371 Affiſjke
885 1325 1067 1357 Zulichem.
1111 1328 1160 1358 At
1195 1337 1272 1359 vero
1298 1329 1430 1361 Adnixae

115 1383 284 1426 Oblongus
316 1382 426 1421 Pierii,
447 1381 533 1423 quod
559 1380 581 1412 fi
607 1379 743 1411 aliorum
764 1378 920 1410 librorum
949 1377 1097 1419 suffragia
1121 1377 1264 1416 haberet,
1288 1389 1353 1411 non
1380 1380 1430 1411 in-

113 1444 260 1468 comtum
290 1435 375 1467 esset.
419 1434 533 1465 Latius
556 1431 700 1474 proceflit
725 1431 931 1473 interpolatio
959 1430 992 1461 in
1016 1430 1077 1461 Ed.
1099 1431 1181 1462 Ven.
1203 1432 1321 1477 Affixas
1347 1436 1433 1466 venis

113 1491 220 1522 animas
240 1490 279 1527 in,
307 1495 338 1518 et
364 1487 397 1518 in
424 1486 483 1517 Ed.
510 1484 644 1516 Mediol.
667 1484 779 1528 Affixae
803 1485 884 1514 venis
910 1484 1016 1514 animas
1042 1484 1080 1514 in.
1145 1483 1248 1514 Porro
1278 1486 1432 1529 animqsque

122 1540 248 1570 Moret.
284 1549 338 1580 qu.
396 1540 424 1569 in
445 1537 563 1568 volnera
594 1536 692 1573 Gud.,
713 1542 745 1566 et
769 1537 796 1566 in
833 1534 958 1565 vulnera
984 1534 1162 1572 Romanus,
1199 1535 1338 1566 Mentel.
1377 1545 1432 1577 pr.

114 1590 232 1633 fragm.
266 1591 396 1627 Moret.,
417 1596 552 1630 uterque
582 1587 682 1619 Goth.
710 1586 778 1617 Erf.
804 1595 886 1617 unus
914 1584 1071 1617 Arundel.
1105 1592 1137 1616 et
1163 1585 1262 1617 Pierii
1287 1586 1434 1628 aliquot;

119 1642 224 1684 sicque
247 1641 316 1683 jam
352 1640 531 1683 Naugerius
568 1640 668 1671 edidit
693 1639 726 1669 in
760 1638 835 1669 Ald.
864 1644 952 1675 tert„
985 1644 1017 1668 et
1045 1636 1120 1668 hinc
1147 1636 1212 1676 alii,
1245 1638 1299 1669 sed
1324 1639 1430 1680 pauci.

115 1695 227 1736 Atque
247 1692 292 1724 ita
309 1692 434 1724 Nonius
449 1691 482 1722 in
508 1693 612 1728 anima,
637 1689 741 1721 Schol.
768 1687 916 1731 Juvenal.
934 1689 993 1726 IV,
1017 1695 1070 1729 91.
1117 1688 1265 1721 Macrob.
1284 1690 1348 1721 Sat.
1372 1691 1434 1729 Vr,

118 1743 150 1775 6.
206 1742 326 1774 Probat
347 1743 554 1784 Oudendorp.
579 1741 619 1772 ad
645 1742 766 1772 Lucan.
794 1741 834 1778 11,
865 1746 942 1778 151,
961 1737 1014 1770 sed
1037 1738 1094 1775 im,
1115 1745 1151 1768 ut
1177 1739 1215 1770 ad
1242 1750 1316 1771 eum
1342 1741 1380 1771 «τὲ
1402 1743 1434 1772 in

119 1794 214 1827 usum
241 1794 372 1833 referat,
404 1805 478 1825 cum
513 1793 610 1824 finem
641 1802 676 1823 ac
704 1790 840 1822 caussam
865 1789 1007 1820 denotat.
1080 1789 1196 1820 Malim
1227 1792 1268 1821 ad
1299 1791 1433 1832 exquisi-

116 1845 235 1877 tiorem
259 1845 353 1877 illum
384 1846 475 1877 usum
501 1844 632 1885 referre,
667 1853 740 1874 cum
769 1848 899 1885 quartus
920 1850 982 1883 pro
1007 1839 1093 1872 sexto
1129 1839 1200 1872 casu
1226 1841 1433 1884 adjungitur3

1327 1902 1433 1935 neque

803 2002 1002 2053 doquidem
1046 2001 1075 2041 is
1118 2001 1307 2041 Pleiadum
1350 2006 1434 2043 situs

115 2009 181 2061 qui
225 2009 264 2047 in
309 2007 367 2045 VI
397 2006 483 2044 Idus
517 2004 741 2043 Novembris

805 2056 852 2092 est
888 2054 926 2091 in
957 2055 1061 2097 caelo,
1092 2063 1131 2091 ut
1154 2055 1245 2092 alter
1274 2055 1433 2094 Piscium

118 2061 284 2104 refertur,
320 2074 356 2098 v.
394 2059 543 2096 Colum.
581 2057 673 2094 ibid.
706 2056 739 2106 ᾧ.

118 2117 180 2163 84.
201 2113 249 2151 cf.
282 2126 344 2164 77.
373 2115 434 2162 78.
467 2109 560 2147 Plin.
588 2108 742 2152 XVIII,

117 2164 200 2202 feet.
239 2177 285 2216 59
320 2173 355 2200 et
388 2165 450 2201 60.
484 2161 533 2199 cf.
577 2161 652 2211 sup.
696 2159 742 2196 ad

119 2216 258 2267 Georg.
278 2216 312 2259 I,
332 2227 419 2251 221.
474 2213 572 2249 Vide
595 2223 630 2249 et
651 2211 743 2248 Pon-

118 2268 276 2305 tederam
306 2265 461 2314 Antiqq.
493 2265 576 2301 Lat.
607 2273 642 2300 et
670 2262 742 2300 Gr.

117 2333 168 2408 p}l
179 2332 266 2406 2557,
280 2328 319 2407 {t
337 2317 553 2398 Gegner.—de
580 2315 746 2403 thperb.

121 2384 224 2460 ἕως.
239 2384 315 2458 ‘312’
344 2382 432 2456 5²15
458 2379 746 2456 Z‘Z'cceafinffic.

120 2470 746 2579 ’ῐέῑὲςᾎέΞψξῑῃ-ῑΑζρίςῑΆῑῖὲῑῖς

121 2580 255 2625 trssior,
307 2575 393 2626 quia
432 2573 539 2615 tristi,
586 2572 745 2622 ingrato,

121 2628 206 2665 anni
236 2638 408 2677 tempore,
434 2632 469 2662 in
499 2626 604 2662 undas
637 2622 746 2661 hiber-

121 2695 199 2724 nas,
271 2677 532 2728 tempestatibus
591 2684 748 2718 vexatas,

119 2730 256 2782 quippe
287 2729 403 2766 mense
432 2726 650 2766 Novembri.
705 2725 748 2762 In

124 2795 220 2819 mare
252 2791 371 2818 autem
400 2780 434 2816 se
462 2778 613 2817 condere
635 2777 750 2814 videri

124 2834 265 2884 poffunt
297 2832 407 2869 fidera
441 2830 660 2869 occidentia.
683 2834 751 2879 fu-

120 2891 213 2938 giem
228 2886 323 2936 fidus
343 2884 443 2934 Pzscis
468 2883 594 2933 aqu'fi,
640 2893 751 2932 quan-

805 2119 863 2144 eas
894 2119 914 2142 a
947 2115 1049 2156 tergo
1076 2119 1203 2155 urgere
1224 2116 1259 2143 et
1291 2107 1434 2159 insequi

806 2157 924 2194 videri
952 2158 1064 2207 poffit.
1119 2157 1340 2196 Ulteriorem
1371 2161 1434 2197 de-

808 2208 1042 2246 clarationem
1075 2209 1152 2247 vid.
1195 2209 1234 2246 in
1270 2209 1440 2254 Excursu,

810 2260 856 2297 ad
877 2261 914 2298 h.
932 2274 968 2298 v.

864 2311 951 2362 236.
994 2311 1200 2362 Conjundia
1242 2312 1318 2350 haec
1350 2326 1434 2350 cum

810 2361 1073 2415 superioribus;
1113 2376 1213 2408 nam,
1245 2364 1333 2401 dum
1365 2364 1436 2402 mel

811 2414 1049 2458 exscinditur,
1081 2414 1152 2451 iras
1181 2415 1304 2465 apium
1335 2429 1435 2452 max-

812 2467 885 2503 ime
923 2466 1119 2517 experiare.
1203 2467 1322 2504 Varro
1363 2467 1437 2510 ΙΙΙ,

816 2522 877 2560 16,
907 2531 926 2567 7
965 2533 1063 2568 neque
1101 2525 1251 2568 Ignava,
1290 2530 1326 2556 ut
1359 2535 1438 2563 non,

811 2576 870 2621 qui
901 2572 970 2620 ejus
993 2580 1068 2618 opus
1091 2580 1221 2606 conam·
1238 2569 1438 2619 dssurlzczre‚

813 2623 950 2670 reszstat.
1004 2633 1091 2670 237.
1108 2621 1241 2670 spicula
1271 2637 1374 2664 caeca,
1399 2623 1437 2660 h.

812 2673 972 2716 occulta,
1007 2670 1145 2714 brevia,
1177 2685 1255 2721 quae
1297 2673 1439 2722 poffunt

814 2725 936 2761 latere.
969 2722 1067 2760 Serv.
1122 2723 1253 2772 Il‘Icasus
1268 2736 1335 2774 pro
1355 2738 1439 2761 aeu-

815 2775 952 2812 leorurn
985 2773 1112 2810 iffibus
1143 2775 1236 2819 dici,
1273 2775 1438 2814 obvium.

817 2829 904 2875 238.
942 2826 1082 2874 Αιζΰῖττε
1135 2832 1245 2871 venis,
1296 2827 1441 2876 gravius

816 2891 924 2929 quam
953 2876 1045 2923 cuti,
1072 2877 1230 2926 corpori.
1295 2884 1331 2915 in
1358 2878 1441 2914 vul-

1350 2944 1441 2974 nere,
