1821 3381
351 269 813 364 BUCOLICA‚
870 305 1046 355 ECL.
1102 307 1195 354 lx.
1361 323 1443 372 κς

1390 360 1409 372 υ)

270 756 798 821 ECLOGA
916 757 1296 822 NONA.

346 999 731 1048 LYCIDAS
766 1003 809 1053 ἦ
898 1002 1241 1051 MOERIS.

658 1159 895 1194 LYCIDAS.

127 1208 307 1302 Quo
352 1251 412 1299 te,
448 1241 614 1299 Moeri,
646 1242 820 1305 pedes?
853 1260 925 1303 an,
960 1260 1055 1308 quo
1096 1247 1173 1293 via
1205 1246 1351 1307 ducit,
1386 1249 1432 1295 in

319 1333 523 1381 urbem?

683 1442 884 1475 MOERIS.

120 1518 172 1566 'O
197 1518 391 1582 Lycida,
415 1521 513 1567 vivi
540 1521 864 1586 pervenimus,
886 1520 1064 1568 advena
1086 1522 1245 1581 nostri,

169 1662 198 1684 1.
218 1655 253 1684 In
281 1653 424 1686 Parrhas.
450 1662 482 1686 et
505 1655 594 1686 Leid.
623 1655 676 1687 alt.
704 1655 749 1687 ita
773 1656 1045 1698 distinguebatur:
1069 1671 1116 1695 an,
1140 1670 1190 1699 quo
1211 1660 1263 1689 via
1281 1659 1380 1690 ducit?
1402 1663 1430 1692 in

120 1705 239 1736 urbem?
261 1712 295 1736 ut
315 1705 375 1736 hoc
400 1707 814 1749 imffinyn‘rmifsubjiciatur.
867 1716 915 1739 aut
938 1721 988 1749 quo
1008 1711 1059 1740 via
1080 1710 1138 1740 Ed.
1152 1711 1233 1741 Ven.
1322 1720 1352 1743 2.
1367 1712 1431 1745 Vix

121 1757 202 1787 mihi
225 1757 442 1799 temperabam
464 1758 496 1789 in
521 1759 626 1800 priore
645 1759 796 1797 editione,
818 1759 894 1800 quin
913 1761 990 1803 Qo,
1012 1761 1129 1802 Lycida,
1152 1763 1218 1791 vivi
1228 1765 1426 1803 pervenimus!

118 1818 326 1850 reponerem3
349 1816 381 1840 et
396 1808 436 1840 fic
452 1809 519 1840 Ecl.
534 1811 558 1848 I,
578 1818 620 1849 72
642 1811 690 1840 En
705 1823 754 1850 quo
770 1812 900 1851 dfiordia
912 1813 987 1841 cives
1002 1813 1140 1842 Perduxit
1153 1826 1190 1842 m.
1237 1813 1303 1844 Ecl.
1320 1815 1375 1853 Ill,
1388 1815 1428 1847 88

119 1861 225 1897 veniat,
249 1872 298 1900 qm)
318 1867 344 1890 te
362 1873 460 1901 quoque
481 1863 590 1902 gaudet.
634 1861 724 1892 Idem
749 1862 816 1902 jam
839 1861 970 1893 Heinfio
997 1862 1030 1893 in
1052 1870 1195 1894 mentem
1210 1872 1352 1903 venerat,
1372 1877 1430 1897 nec

120 1910 231 1941 Burm-
248 1910 417 1953 improbat.
463 1911 495 1942 Si
513 1911 574 1943 hoc
589 1919 758 1943 tenemus:
783 1912 953 1951 exciderat,
974 1921 1010 1944 ut
1031 1914 1148 1945 centies
1166 1914 1301 1953 fafftum,
1325 1916 1429 1957 prima

117 1959 225 1992 littera
240 1961 272 1991 iu
288 1974 347 2002 quo,
362 1970 494 2004 propter
515 1962 615 1994 {imile
638 1962 768 1994 initium
782 1962 963 1994 vicinorum
983 1964 1144 2003 versuum,
1165 1973 1197 1997 et
1225 1966 1312 2008 quod
1338 1977 1428 2012 mag-

117 2021 196 2042 num
222 2012 359 2052 spatium
385 2012 501 2047 litterae
530 2013 645 2044 initiali
665 2013 763 2056 primi
786 2013 893 2045 versus
915 2014 1064 2045 relietum
1080 2015 1164 2047 esset.
1209 2017 1259 2047 Sic
1274 2017 1307 2048 in
1324 2020 1430 2062 Regio

117 2062 199 2093 Cod.
214 2064 320 2104 Lycida
339 2063 384 2093 ita
400 2063 552 2104 scriptum
568 2071 648 2102 erat,
668 2071 705 2095 ut
726 2064 823 2096 breve
839 2077 853 2094 o
869 2064 1034 2106 adpie‘tum
1057 2066 1146 2097 effet.
1192 2068 1365 2102 Retinebat
1381 2079 1428 2102 ta·

116 2123 191 2144 men
215 2124 281 2151 me,
302 2113 388 2154 quod
402 2113 528 2155 ingrata
551 2114 595 2146 est
618 2115 673 2146 illa
697 2115 846 2158 repetitio
862 2116 899 2147 τὲ
915 2128 976 2156 quo,
997 2124 1029 2148 et
1051 2118 1181 2159 quidam
1197 2119 1320 2151 diverso
1343 2132 1427 2154 nunc

115 2164 214 2195 sensu.
258 2165 461 2196 Defideratur
485 2166 559 2204 huc,
583 2174 708 2204 eo‚—-ut
727 2167 851 2210 pffffir
874 2170 957 2210 agelli
977 2171 1085 2200 diceret.
1129 2171 1208 2209 Huc,
1222 2173 1338 2213 Lycida,
1351 2187 1382 2205 v.
1392 2183 1426 2217 p.

115 2215 213 2246 Poffis
229 2226 352 2257 quoque
368 2215 517 2247 inutilem
542 2227 655 2248 vocem
682 2220 748 2248 vivi
771 2217 831 2249 effe
852 2229 889 2250 ex
916 2220 1062 2261 margine
1082 2221 1261 2263 profedtam
1281 2223 1428 2266 suspicari

113 2272 147 2296 et
171 2266 345 2309 refingeret
382 2266 405 2296 Ο
433 2268 551 2308 Lycida,
580 2281 629 2309 quo
654 2282 721 2299 nunc
744 2271 947 2310 pervenimus!
991 2271 1099 2302 Etiam
1123 2273 1174 2313 JO.
1201 2273 1366 2307 Schrader.
1393 2277 1426 2307 in

113 2316 234 2348 schedis
263 2316 424 2349 tentabat:
461 2318 485 2347 0
511 2319 626 2359 Lycida,
656 2322 721 2350 vivi
746 2333 796 2361 quo
821 2323 968 2360 venimus3
989 2321 1042 2353 vel
1071 2325 1137 2353 vivi
1164 2325 1214 2354 huc
1238 2329 1424 2366 pervenimus,

113 2368 209 2398 Nunc
240 2378 312 2398 cum
343 2368 424 2399 nihil
447 2368 553 2400 afferri
578 2370 682 2412 poffit,
703 2371 789 2413 quod
815 2382 880 2402 non
905 2372 985 2404 alius
1009 2373 1101 2405 aliter
1127 2375 1309 2415 constituat,
1329 2378 1425 2410 relin-

114 2420 241 2461 quenda
264 2418 308 2450 est
331 2419 462 2462 vulgata
486 2429 643 2464 corrupta.
688 2425 791 2455 Vetus
812 2423 901 2454 ulcus
924 2424 985 2456 esse
1008 2425 1113 2464 debet,
1136 2437 1209 2457 cum
1231 2428 1297 2469 jam
1322 2430 1424 2462 Servii

114 2471 207 2501 codd.
224 2470 382 2502 insederit.
430 2474 502 2502 Vivi
511 2477 688 2515 pervenimus
703 2486 761 2517 pro
776 2474 914 2506 vivendo
930 2476 1106 2518 attigimus,
1127 2478 1190 2516 seu,
1212 2479 1265 2511 diu
1286 2480 1423 2513 vivendo

113 2521 155 2552 ad
181 2522 237 2552 ista
263 2523 480 2563 pervenimus,
507 2525 594 2556 Serv.
623 2526 771 2570 exponit3
793 2527 879 2568 quod
908 2527 1024 2560 durum
1048 2536 1080 2559 et
1103 2528 1166 2560 fine
1187 2531 1331 2574 exemplo
1355 2533 1426 2572 esse,

115 2572 201 2604 redite
218 2574 327 2604 Burni.
344 2574 490 2606 affirmat.

171 2695 203 2720 1.
247 2682 378 2720 Forma
403 2686 509 2723 dueta
534 2697 579 2721 ex
614 2685 736 2723 Theo-
803 2686 963 2727 Theocr.
994 2687 1106 2727 XIV.
1144 2704 1207 2740 42.
1265 2704 1300 2728 2.
1341 2698 1427 2730 vivi

117 2733 201 2782 erit.
222 2733 313 2779 VII,
344 2750 386 2774 21
406 2736 482 2787 sqq.
499 2736 523 2774 οἷ
541 2737 631 2776 πόδες
643 2739 739 2786 ἆγον,
797 2746 1026 2789 pervenimus,
1052 2741 1130 2779 scil.
1149 2755 1208 2786 ec,
1235 2753 1272 2779 ut
1283 2746 1427 2793 pffffir

1285 2796 1424 2832 advena

156 2892 177 2910 θ’
198 2892 303 2933 Lycida
329 2892 469 2934 quinque
499 2903 548 2936 ap.
576 2893 699 2933 Burm.,
726 2904 822 2936 quem
853 2905 882 2927 v.
914 2896 1040 2929 Zulich.
1068 2896 1150 2928 hanc
1173 2897 1328 2941 Eclogam
1354 2900 1422 2942 post

112 2941 269 2973 decimam
284 2943 434 2984 ponebat.
