1821 3381
330 328 877 387 GEORGICON,
933 326 1084 376 LIB.
1131 327 1173 375 I.
1315 332 1407 392 2⁴⁶9

98 466 271 515 Omnis
292 481 435 529 quam
460 466 630 512 chorus
654 476 699 511 et
722 463 832 510 socii
859 463 1148 510 comitentur
1167 473 1381 519 ovantes,

97 556 165 607 Et
188 556 405 617 Cererem
428 556 634 602 clamore
657 566 827 601 vocent
847 554 895 601 in
917 554 1037 600 tecla
1051 576 1063 608 ;
1099 568 1250 616 neque
1274 564 1382 600 ante

98 649 290 697 Falcem
315 649 509 698 maturis
529 648 779 710 quisquam
803 647 1034 710 supponat
1057 646 1222 703 aristis,

31 805 34 810 Ι
100 741 265 805 Qam
291 739 449 791 Cereri
474 751 597 786 torta
619 738 866 785 redimitus
887 749 1103 798 tempora
1127 753 1304 800 quercu

100 831 200 879 Det
223 843 378 877 motus
400 829 752 893 incompofitos,
776 840 822 875 et
843 828 1054 875 carmina
1077 827 1223 874 dicat.
1323 839 1422 889 350

170 923 331 986 Atque
356 922 458 968 haec
483 933 535 968 ut
559 921 698 969 certis
721 920 944 986 poffimus
968 919 1145 966 discere
1168 918 1328 982 lignis,

105 1014 368 1078 AEs'tusque,
391 1012 684 1077 pluviasque,
708 1024 754 1059 et
779 1010 961 1072 agentis
985 1010 1162 1075 frigora
1186 1023 1347 1058 ventos
1364 1029 1378 1058 z

107 1105 212 1169 Ipse
237 1105 371 1151 Pater
396 1102 568 1160 statuit,
593 1104 710 1165 qiszd
736 1104 968 1150 menstrua
987 1101 1123 1151 Luna
1145 1114 1390 1157 moneret;

154 1255 228 1297 346.
251 1259 412 1287 [omittantur
434 1255 554 1298 vl³qt÷0t
582 1268 632 1299 ap.
662 1255 773 1288 Burm.
795 1262 828 1287 et
856 1255 957 1287 Goth.
977 1264 1032 1297 pr.

109 1310 232 1339 Moret.
264 1316 295 1339 et
326 1309 411 1339 Goel]
456 1319 504 1348 pr,
517 1306 684 1348 -—-348.
707 1310 847 1349 quicquam
876 1306 976 1338 Geth.
1005 1318 1053 1349 pr.

112 1359 240 1391 Zuhch.
339 1372 401 1390 xro.
427 1360 606 1402 ifnxrwpcfims
624 1359 758 1390 Mentel.
781 1358 862 1390 alter
886 1365 917 1390 et
944 1359 1044 1389 Goth.
1058 1358 1116 1389 sce.
1208 1368 1282 1397 351.
1303 1362 1331 1388 in
1345 1361 1427 1390 certis

113 1412 224 1442 Franc.
271 1412 353 1441 diter-:1
370 1411 457 1440 Goth
488 1421 554 1452 pr.;
578 1409 611 1441 in
629 1411 753 1441 Medic.
770 1411 813 1449 «τῷ
825 1410 921 1450 dffcere
943 1409 1229 1452 superadscriptum
1252 1408 1366 1452 trusere,
1387 1420 1428 1442 ex

111 1463 302 1504 interpretat
317 1468 376 1492 {ne
394 1462 528 1501 {cilicet3
550 1461 669 1492 ibidem
686 1473 702 1492 a
721 1449 816 1493 :iianu
831 1461 936 1503 prima
943 1461 1085 1505 poffemus.
1124 1463 1158 1492 ln
1174 1462 1323 1492 Romano
1340 1468 1406 1493 erat
1417 1473 1432 1496 ι

108 1515 239 1558 pqffi’mus
254 1518 512 1554 &cerff—352.
533 1514 582 1544 Sic
608 1512 702 1555 plane
729 1513 832 1546 Goth.
857 1524 907 1555 pr.
952 1515 996 1544 At
1014 1515 1112 1556 AEstzls
1125 1521 1151 1544 ct
1160 1520 1194 1555 p.
1209 1521 1235 1543 et
1251 1512 1351 1544 Goth.
1367 1512 1430 1544 sec.

114 1577 134 1597 a
149 1577 191 1597 m.
212 1577 260 1607 pr.
279 1568 378 1608 Aistm
393 1572 419 1596 et
427 1568 472 1608 pl.
489 1566 598 1596 Franc.
617 1565 665 1597 cd.
686 1565 824 1596 Mediol.
869 1564 1016 1607 AEst;s'que
1034 1572 1059 1595 et
1078 1565 1129 1596 ed.
1143 1566 1227 1595 Ven.
1245 1570 1275 1594 et
1290 1564 1429 1602 Medic.,

114 1617 233 1649 inserto
249 1626 274 1648 et
289 1620 326 1648 ab
343 1617 404 1648 alia
420 1628 527 1648 manu.
567 1619 685 1659 pluvias
708 1624 735 1648 et
758 1617 821 1648 sine
844 1630 894 1659 que
918 1627 999 1652 unus
1026 1616 1136 1647 Mead.
1162 1623 1195 1646 et
1221 1614 1373 1647 Nurimb.
1391 1623 1430 1648 et

1124 1263 1197 1295 347.
1221 1262 1318 1287 vocant
1340 1266 1427 1288 Imus

1160 1316 1234 1348 349.
1257 1309 1427 1339 redimantur

118 1669 324 1700 Grimoaldus
347 1670 431 1710 apud
448 1667 584 1698 Martin.
630 1674 736 1709 agentes
745 1670 871 1710 fulgura
886 1668 996 1699 Franc.
1017 1675 1049 1698 et
1064 1666 1114 1698 ed.
1133 1664 1264 1697 Mediol.

1355 1675 1430 1706 353·

112 1728 234 1751 moveret
250 1721 358 1750 Franc.
375 1719 519 1751 Parrhas.
536 1719 644 1754 Mead.
666 1726 700 1752 et
714 1719 768 1762 al.,
792 1719 893 1751 etiam
908 1719 996 1758 edd„
1013 1717 1140 1762 vulgari
1156 1717 1351 1757 variatione3
1373 1718 1431 1752 sed

116 1772 221 1817 potest
235 1771 269 1803 h.
283 1770 304 1805 1.
323 1770 463 1804 defendi.

119 1885 253 1930 cunda,
281 1895 320 1923 ut
350 1885 473 1929 Serv.;
511 1884 744 1936 quemadmo-

118 1937 311 1987 dumfelix
330 1952 426 1988 ager,
445 1935 558 1974 arbor.
614 1936 671 1973 Dc
689 1936 746 1973 his

119 1988 264 2026 dubitat
280 2002 408 2034 nt12103
436 1987 491 2025 uti
509 2001 573 2025 nec
597 1988 643 2024 de
661 1988 745 2032 hoc,

121 2040 273 2077 hostiam
289 2039 441 2077 sterilem
459 2039 565 2077 sacris
578 2040 748 2077 admove-

120 2090 170 2134 ri,
189 2092 290 2128 nefas
309 2091 428 2129 fuisse:
449 2090 508 2128 sed
527 2089 608 2128 usus
625 2103 749 2141 perpe-

122 2151 206 2180 tuus
235 2142 288 2180 ita
329 2142 413 2187 fert,
457 2153 497 2179 ut
529 2142 749 2193 accipiamus

123 2193 290 2239 hostiam,
308 2207 377 2245 qua
395 2194 492 2231 litari
508 2195 637 2245 potest,
665 2193 750 2244 quia

124 2259 215 2303 pura
230 2255 267 2283 et
297 2245 472 2283 sacrificio
502 2255 583 2296 apta
609 2245 752 2295 diisque

125 2307 230 2346 grata
263 2298 311 2334 est
324 2314 334 2342 ;
376 2310 526 2348 quaeque
572 2298 662 2334 adeo
705 2296 753 2334 est

126 2347 245 2386 felicis
268 2348 417 2392 ominis,
452 2361 487 2387 et
513 2347 651 2385 bonum
677 2347 752 2385 fru-

127 2413 215 2458 gum
235 2411 446 2450 proventum
463 2399 664 2452 portendit,
690 2409 753 2437 aut

128 2451 205 2502 lpsa
249 2450 368 2489 felicis
400 2461 592 2503 proventus
622 2451 753 2495 caussa,

132 2503 284 2553 placatis
309 2515 372 2554 per
402 2516 479 2541 eam
514 2503 603 2547 diis,
630 2501 757 2540 haberi

131 2556 258 2604 potest.
334 2556 421 2604 346.
464 2555 579 2592 chorus
612 2565 644 2592 et
656 2557 757 2603 socii,

131 2605 179 2643 est
203 2606 332 2644 chorus
354 2605 546 2644 sociorum.
599 2605 672 2645 Int.
694 2619 756 2644 au-

134 2666 206 2694 tem
229 2657 344 2696 socios
360 2671 525 2708 operum,
552 2671 692 2702 vernas,
717 2666 758 2694 ut

134 2708 191 2754 Π,
212 2711 298 2761 528.
355 2723 440 2760 347.
467 2725 589 2748 vocare
604 2715 639 2746 in
655 2714 756 2752 leda,

136 2769 178 2798 ut
203 2761 308 2805 adiit,
342 2760 524 2798 invocare.
592 2761 758 2798 Laudant

137 2811 286 2850 Colum.
316 2811 370 2857 X,
395 2826 471 2862 430
501 2814 546 2850 Et
564 2823 595 2849 te
618 2813 757 2849 Maena-

137 2863 234 2907 lium,
257 2874 289 2901 te
306 2864 490 2908 Bacchum,
512 2875 603 2915 teque
620 2865 760 2915 Lyaeum

137 2915 360 2968 Lenaeumque
375 2926 509 2973 patrem
532 2921 679 2958 canimus
689 2915 760 2966 sub

809 1889 898 1921 teHa
955 1891 1139 1927 vocantes,-
1203 1890 1241 1921 et
1294 1876 1431 1923 Horat.

811 1934 937 1972 Carm.
963 1934 996 1978 I,
1022 1947 1082 1981 30.
1115 1947 1134 1982 3
1164 1942 1316 1971 vocantis
1343 1936 1435 1973 “Ture

811 1997 842 2023 te
882 1984 981 2023 multo
1013 1985 1163 2035 Glycera>
1199 1983 1367 2038 Trans-sm·
1396 1994 1435 2024 in

810 2038 928 2075 aedem.
983 2044 1068 2087 348.
1095 2037 1160 2074 Cf.
1179 2037 1291 2082 Cato,
1306 2051 1339 2076 c.
1363 2051 1437 2088 134

814 2103 833 2138 3
842 2103 902 2140 50.
941 2088 998 2126 De
1021 2088 1211 2126 incondita
1234 2088 1437 2134 saltatione,

813 2153 885 2191 qua
914 2140 1074 2178 carmina
1111 2140 1272 2177 mefloria
1302 2154 1437 2178 canun-

813 2201 885 2229 tur.
937 2192 1113 2242 Qernam
1133 2207 1280 2230 coronam
1298 2192 1336 2230 in
1363 2206 1438 2230 mc-

814 2242 967 2281 moriam
984 2242 1098 2281 victus
1114 2242 1245 2294 prioris
1267 2244 1440 2294 gestatam

815 2295 957 2333 Servius
977 2295 1102 2332 tradit.

870 2360 958 2399 351.
979 2346 1071 2383 Haec
1090 2345 1205 2397 igitur
1222 2347 1359 2393 omnia,
1374 2348 1440 2387 has

815 2398 1062 2449 tempestatum
1080 2397 1159 2436 caeli
1173 2407 1209 2435 et
1220 2398 1313 2436 ac'ris
1331 2399 1444 2444 vices,

817 2450 864 2488 de
894 2449 1026 2500 quibus
1061 2450 1179 2487 adhuc
1207 2450 1299 2500 egit,
1330 2465 1441 2502 porro

818 2514 992 2552 magnum
1019 2502 1188 2546 calorem,
1214 2502 1374 2552 pluviam
1404 2513 1444 2542 et

819 2555 918 2604 gelu,
943 2565 964 2589 e
990 2553 1084 2590 lunae
1100 2551 1265 2604 phafibus
1281 2563 1316 2590 et
1334 2554 1444 2592 variis

820 2604 1073 2656 prognosticis,
1108 2619 1189 2655 quae
1223 2605 1447 2655 experientia

821 2657 963 2701 docuit,
1008 2655 1219 2706 intelligunt
1261 2656 1444 2706 agricolae.

825 2722 912 2760 353.
949 2707 1028 2758 Ipse
1059 2708 1203 2758 jupiter
1233 2709 1369 2751 statuit,
1406 2709 1445 2748 h.

822 2760 934 2797 fixum
968 2769 1005 2796 et
1044 2760 1206 2796 constans
1239 2759 1305 2795 effe
1335 2760 1445 2808 juffit.

824 2811 1014 2849 Mutuatus
1048 2819 1166 2848 autem
1200 2810 1246 2847 est
1291 2810 1364 2849 haec
1400 2824 1448 2850 ex

825 2863 932 2900 Arati
963 2863 1144 2900 Phaenom.
1174 2875 1210 2899 v.
1236 2875 1399 2911 10—-13,
1425 2876 1449 2900 e

823 2927 898 2968 quo
921 2913 1102 2966 sequentia
1127 2913 1293 2965 pleraque
1319 2914 1448 3004 petita?

1394 2979 1415 3005 c
1434 2995 1449 3007 O
