1821 3381
288 338 384 391 524
484 314 953 369 P.V1RG1L11
1015 309 1403 366 MARONIS

286 459 364 509 En
386 456 531 505 etiam
554 454 678 500 hunc
700 450 858 514 ipsum
877 447 992 495 vitae
1016 445 1227 495 mortalis
1251 445 1497 499 honorem,

286 549 447 613 Qem
462 543 580 591 mihi
597 543 675 589 vix
691 540 884 603 frugum
898 551 944 585 et
957 536 1197 601 pecudum
1211 533 1422 582 custodia
1438 531 1598 579 sollers

287 636 468 685 Omnia
486 631 686 680 tentanti
704 629 965 685 extuderat‚
1000 639 1044 674 te
1066 638 1231 682 matre,
1265 624 1499 685 relinquo,

288 723 421 788 Qin
441 736 542 785 age,
566 733 612 767 et
636 718 735 783 ipsa
755 733 899 764 manu
919 714 1068 763 felicis
1091 730 1200 760 erue
1224 712 1385 766 filvas;

1504 723 1600 771 329

291 812 382 860 Fer
395 810 584 857 stabulis
600 808 854 856 inimicum
873 807 1050 869 ignem,
1060 799 1421 866 atqueinterfice
1435 795 1604 850 meffis3

292 903 395 950 Ure
418 902 525 957 sata,
562 913 609 948 et
633 899 837 947 validam
862 898 910 944 in
936 896 1043 943 vitis
1069 894 1236 941 molire
1261 891 1548 956 bipennem:

293 994 449 1043 Tanta
471 1008 593 1040 meae
612 991 646 1038 fi
669 1005 714 1039 te
731 1000 959 1054 ceperunt
984 986 1130 1035 taedia
1148 983 1314 1032 laudis.

292 1086 360 1134 At
381 1096 531 1132 mater
553 1083 762 1131 sonitum
781 1081 1003 1132 thalamo,
1015 1076 1098 1125 sub
1122 1072 1333 1123 fluminis
1356 1069 1443 1121 alti

296 1173 472 1221 Senfit:
508 1189 612 1219 eam
634 1171 820 1219 circum
846 1168 1033 1216 Milesia
1052 1165 1225 1213 vellera
1247 1161 1493 1226 Nymphae

296 1258 584 1322 Carpebant,
601 1256 726 1319 hyali
750 1254 903 1302 saturo
927 1253 1085 1299 fucata
1104 1249 1292 1303 colore;

341 1395 417 1428 327.
434 1393 560 1429 pecorum
575 1392 641 1417 tres
655 1383 739 1426 apud
756 1383 865 1414 Burm.
890 1388 923 1413 et
950 1380 1071 1423 aliquot
1096 1379 1181 1421 apud
1202 1377 1287 1409 Pier.

1378 1374 1452 1415 328.
1473 1375 1611 1405 extulerat

296 1439 438 1484 quinque
454 1439 564 1469 Burm.
607 1438 753 1467 exauderat
768 1436 849 1465 Ven.
869 1441 901 1464 et
928 1433 991 1463 duo
1017 1431 1148 1463 Martin.
1176 1440 1249 1461 cum
1264 1435 1343 1459 vett.
1358 1427 1431 1459 edd.
1473 1431 1611 1456 excuteret

297 1502 381 1523 unus
395 1490 507 1522 Mead.
524 1489 598 1519 vide
609 1499 641 1520 v.
660 1496 734 1526 315.
780 1485 924 1527 temptanti
937 1484 1087 1528 effuderat
1102 1484 1197 1512 Rom.

1287 1489 1304 1520 3
1310 1488 1361 1519 31.
1382 1481 1479 1510 duram
1500 1480 1528 1508 in
1544 1478 1611 1507 vitis

299 1543 424 1575 Medic.
454 1553 473 1572 a
502 1552 544 1572 m.
572 1550 621 1583 pr.
665 1541 694 1569 in
724 1540 791 1569 vitis
823 1537 908 1568 Gud.
964 1539 994 1567 in
1019 1538 1103 1566 vitem
1129 1533 1258 1565 Zulich.
1304 1534 1332 1562 in
1348 1534 1423 1562 ‘vires
1438 1529 1537 1561 Goth.
1561 1537 1613 1570 pr.

299 1595 433 1637 bipinnem
449 1585 545 1624 Rom.

639 1600 713 1631 333.
734 1591 867 1621 thalamos
884 1588 963 1619 alter
980 1588 1115 1629 Menag.
1158 1587 1278 1616 thalamo
1282 1586 1402 1626 simitum
1415 1584 1439 1613 F
1440 1593 1612 1613 ranc.--—-

300 1656 319 1688 3
326 1656 377 1686 34.
400 1645 486 1676 Sentit
501 1651 580 1675 vett.
597 1642 720 1684 aliquot
734 1641 818 1683 apud
843 1639 998 1671 Pierium.
1042 1639 1163 1680 Melefia
1180 1635 1320 1667 Gudian.
1362 1634 1477 1665 verbera
1493 1632 1611 1664 Medic,

299 1709 321 1731 a
335 1708 380 1729 m.
395 1706 444 1739 pr.

536 1704 553 1734 3
559 1703 575 1734 3
578 1703 610 1732 5.
624 1694 723 1735 stityro
743 1694 842 1722 Rom.
860 1699 893 1722 et
909 1698 973 1722 tres
997 1689 1081 1731 apud
1108 1690 1231 1725 Burm.‚
1252 1697 1285 1718 et
1299 1686 1339 1718 fic
1366 1686 1454 1716 Serv.
1479 1695 1514 1716 ac
1536 1683 1612 1714 Phi-

300 1750 421 1790 largyr.
435 1746 500 1777 vid.
516 1746 556 1776 ad
572 1746 693 1786 Georg.
709 1744 748 1780 ΙΙ,
760 1751 832 1784 197.
858 1743 957 1778 vitreo,
974 1741 1072 1779 viridi,
1080 1740 1180 1778 hilari,
1190 1749 1208 1770 a
1222 1736 1383 1770 nonnullis
1393 1735 1514 1768 lectum
1523 1733 1614 1768 fuiffe

301 1811 321 1833 e
333 1797 438 1832 Cerda
450 1795 624 1840 colligitur.
660 1795 801 1838 phaucata
818 1792 919 1824 Goth.
934 1802 982 1835 pr.

303 1914 405 1964 nostri
432 1911 496 1950 tibi
525 1927 607 1950 cura
651 1909 779 1957 recfft.
836 1907 923 1962 326.

305 1979 394 2016 327.
412 1962 610 2000 Exomavit
623 1965 733 2013 poeta
749 1962 785 1998 τὸ
797 1963 928 2009 iamiqu

305 2015 490 2061 Homeri3
516 2015 605 2052 hanc
622 2013 794 2064 gloriam,
819 2025 927 2062 quam

305 2067 400 2106 mihi
428 2066 544 2104 multo
569 2078 654 2103 cum
685 2064 822 2107 labore,
847 2064 928 2100 lon-

304 2133 362 2171 gae
399 2117 630 2169 experientiae
663 2115 838 2159 molestia,
883 2127 928 2151 ex

305 2183 478 2221 agrorum
522 2169 624 2207 cultu
671 2177 708 2204 et
750 2165 929 2217 pecudum

309 2223 489 2272 (adeoque
505 2221 613 2257 etiarn
640 2233 684 2256 ex
703 2221 824 2268 apum)
845 2230 932 2254 cura

307 2286 531 2326 paraveram,
544 2273 642 2309 hunc
657 2270 812 2307 fructum
828 2268 933 2305 amit-

309 2335 367 2370 to,
379 2333 415 2362 et
432 2325 502 2361 hoc
519 2323 665 2373 quidem
682 2333 764 2359 cum
777 2329 813 2357 te
829 2320 933 2357 deam

302 2385 461 2415 'matrem
493 2375 658 2412 habeam.
719 2377 868 2424 frugum
901 2381 933 2408 et

304 2429 488 2479 pecudum:
528 2439 611 2463 nam
637 2423 758 2463 eidem
782 2423 933 2460 Aristaeo

311 2479 448 2517 tributa
464 2491 552 2515 cura
568 2476 722 2529 pecoriS‚
750 2486 790 2512 ut
809 2475 880 2511 Ge.
900 2474 933 2518 1,

315 2544 377 2580 14,
403 2530 499 2567 unde
515 2529 613 2567 idem
630 2531 762 2574 Νόμιος.
782 2527 833 2563 cf.
852 2525 935 2562 Pin-

312 2584 392 2621 dar.
420 2582 447 2620 l·
475 2595 511 2619 e.
565 2594 653 2631 330.
688 2582 854 2616 inimicum
882 2581 934 2628 {gr-

312 2649 408 2679 nem3
435 2633 500 2670 diu
534 2643 714 2674 notatum,
741 2630 836 2666 hunc
870 2629 937 2665 else

315 2688 356 2725 τό
372 2686 452 2724 δήϊον
467 2691 532 2735 πῧς
544 2697 600 2735 ap.
619 2683 772 2720 Homer.
781 2690 816 2717 et
831 2679 936 2717 alibi.

313 2738 458 2786 inteffice
491 2739 609 2787 mcffis,
646 2734 767 2786 perde.
806 2732 939 2769 Lucre.

315 2789 456 2827 tianurn
474 2790 637 2825 verbum.
684 2791 858 2835 perimere,
884 2799 940 2820 ne-

317 2856 409 2885 care,
434 2839 472 2876 in
501 2838 609 2876 simili
628 2838 796 2888 junftura
817 2835 942 2872 dixere

316 2892 430 2929 etiam
463 2890 542 2928 alii.
596 2901 684 2939 331.
721 2887 845 2930 molire,
887 2885 943 2922 vi·

315 2943 398 2992 bra,
410 2942 522 2996 jada,
538 2950 579 2981 ut
593 2940 808 2982 excidantur
838 2937 944 2979 vites.

990 1900 1616 2002 ex³iiosff1qglb,A{Z¹3¹b{³i2tish²ifi

993 2012 1068 2050 imo
1083 2010 1190 2047 maris
1203 2008 1319 2046 fundo
1337 2007 1473 2044 luctum
1487 2002 1616 2040 Achil-

994 2064 1040 2100 lis
1076 2060 1233 2099 resciscit
1259 2059 1366 2096 Iliad.
1394 2075 1432 2101 σ,
1462 2069 1507 2107 35
1538 2056 1615 2106 sqq.

979 2119 1139 2165 finitum,
1151 2110 1358 2154 confusum,
1376 2109 1538 2146 nondum
1556 2105 1618 2144 di-

994 2166 1124 2204 sertam
1151 2176 1290 2206 vocem,
1316 2174 1388 2212 qua
1411 2159 1526 2197 filium
1554 2171 1618 2209 ag-

996 2217 1143 2255 noscere
1183 2214 1306 2266 poffet.
1346 2211 1445 2250 conf.
1482 2209 1619 2247 Cerda.

999 2269 1091 2322 Qae
1148 2266 1356 2316 sequuntur,
1408 2261 1621 2300 adumbrata

996 2320 1078 2358 sunt
1108 2318 1154 2356 ad
1182 2317 1293 2354 vitam
1323 2315 1521 2366 priscorum
1552 2312 1620 2349 ho-

998 2372 1135 2409 minum
1146 2386 1155 2415 3
1190 2368 1356 2406 sedebant
1389 2367 1430 2404 in
1463 2364 1623 2402 thalamo

998 2423 1137 2472 puellae,
1165 2421 1271 2458 etiam
1292 2419 1418 2470 regiae,
1442 2415 1622 2453 affidenti-

997 2474 1063 2511 bus
1083 2474 1140 2510 seu
1159 2471 1355 2509 comitibus
1370 2479 1406 2507 et
1423 2467 1622 2518 aequalibus

998 2525 1057 2562 seu
1074 2524 1234 2568 famulis,
1261 2533 1301 2560 ut
1336 2534 1424 2573 opus
1465 2519 1624 2556 facerent

997 2577 1058 2614 seu
1083 2575 1202 2613 nendo
1231 2575 1288 2611 seu
1320 2572 1497 2615 texend03
1525 2581 1622 2607 nunc

999 2628 1134 2665 deabus
1162 2627 1369 2677 affignatum
1397 2636 1485 2673 opus
1505 2635 1525 2659 e
1540 2622 1625 2659 lana

1001 2678 1287 2731 praestantiffima,
1353 2673 1513 2717 Milefia,
1584 2681 1625 2709 ut

1004 2731 1144 2781 Georg.
1163 2729 1236 2774 ΙΙΙ,
1265 2741 1335 2780 307
1365 2725 1536 2768 vidimus,
1561 2736 1626 2760 co-

1003 2784 1081 2821 lore
1123 2782 1285 2819 caeraleo.
1356 2792 1375 2828 3
1383 2792 1443 2827 34.
1491 2774 1627 2814 Vellera

1004 2834 1200 2924 {qrpebtgzn
1225 2833 1343 2870 lanam
1361 2825 1624 2918 duleeblantlfu-

1221 2912 1232 2923 0
1361 2909 1371 2920 .
1436 2897 1440 2905 ’
1556 2893 1570 2913 0
1590 2890 1627 2921 83

1006 2897 1132 2978 iiiimxiiie
1146 2894 1305 2976 catiliueni
1312 2895 1491 2985 {jalngni
1507 2894 1629 2978 gepid-

1519 2992 1632 3026 mere,
