1821 3381
409 291 502 354 33³2
606 289 659 336 P.
718 286 1100 336 VIRGILII
1168 289 1560 338 MARONIS

411 422 688 470 Pascentem
714 425 874 469 niveos
899 422 1099 469 herboso
1121 422 1318 470 flumine
1343 439 1544 485 cycnos;

409 513 521 559 Non
539 512 711 574 liquidi
728 511 953 575 gregibus
971 512 1136 569 fontes,
1152 528 1246 559 non
1262 513 1478 576 gramina
1495 515 1694 562 deerunt
1711 540 1725 571 ;

409 603 488 657 Et,
511 614 744 664 quantum
770 601 926 664 longis
951 613 1148 665 carpent
1170 614 1380 650 armenta
1403 603 1584 662 diebuS‚
1633 621 1716 654 201

407 693 598 756 Exigua
619 704 805 739 tantum
828 692 1016 756 gelidus
1039 709 1113 739 ros
1138 694 1274 740 noete
1297 707 1507 757 reponet.

409 786 563 849 Nigra
588 785 682 831 fere
706 796 752 830 et
774 783 923 847 preffo
946 784 1140 851 pinguis
1164 783 1247 830 sub
1274 799 1465 831 vomere
1489 796 1625 841 terra,

409 875 476 922 Et
490 875 566 922 cui
583 887 721 938 putre
738 873 893 920 solum
913 881 1141 938 (namque
1155 875 1244 922 hoc
1263 874 1507 922 imitamur
1523 875 1730 940 arando).

410 964 628 1027 Optuma
643 964 914 1010 frumentis:
939 980 1030 1010 non
1049 963 1146 1010 ullo
1162 980 1218 1010 ex
1235 980 1424 1028 aequore
1440 981 1598 1012 cernes
1631 980 1718 1029 205

410 1056 552 1103 Plura
575 1056 777 1103 domum
802 1056 947 1102 tardis
973 1055 1199 1103 decedere
1222 1056 1690 1122 plaustrajuvencis:

456 1203 528 1235 199.
551 1193 655 1234 hei-bqso
671 1195 739 1234 ins.
759 1204 840 1224 unus
858 1193 969 1225 Mead.
987 1200 1018 1225 et
1035 1192 1106 1224 edd.
1123 1200 1204 1224 vett.
1232 1194 1278 1232 *in
1294 1192 1407 1224 omisso
1430 1192 1533 1234 herbofh
1550 1191 1651 1223 Goth.
1675 1201 1725 1233 pr.

501 1254 571 1277 200.
598 1247 708 1276 dcerunt
725 1245 836 1275 Heius.
852 1244 982 1286 recepit.
1026 1246 1121 1274 derunt
1138 1243 1263 1274 Medic.
1282 1251 1314 1274 et
1328 1243 1366 1274 ab
1383 1243 1445 1274 alia
1454 1253 1550 1274 manu
1567 1243 1724 1284 adscripto

409 1310 432 1327 e.
480 1297 529 1328 Sic
554 1296 605 1327 sex
622 1295 688 1326 alii.
733 1297 825 1337 tlaefimt
842 1295 1117 1336 vulgO.—-202.
1144 1298 1246 1336 reponit
1268 1294 1391 1325 Medic.
1438 1302 1549 1337 reponat
1569 1293 1724 1325 Rottend.

408 1356 483 1381 tert.

574 1356 648 1386 203.
674 1354 698 1377 rt
725 1346 809 1377 abest
830 1357 847 1377 a
866 1346 968 1376 tribus
984 1354 1015 1376 et
1033 1346 1134 1376 Goth.
1166 1356 1213 1387 pr.

409 1409 570 1437 ---204.
598 1401 638 1430 Ut
653 1401 696 1429 cm·
712 1400 800 1430 Serv.
818 1406 848 1429 et
867 1397 1048 1439 Philargyr.
1065 1397 1105 1428 ad
1123 1396 1195 1436 263.

1259 1359 1291 1375 ex
1309 1345 1450 1376 Gudian.
1488 1349 1588 1387 pingui
1605 1345 1722 1376 Medic.

1242 1398 1284 1427 hic
1302 1397 1419 1438 fragm.
1438 1398 1562 1428 Nsorct.
1606 1400 1722 1427 imisue-

407 1460 454 1483 tur
472 1453 601 1493 Menag.
624 1461 672 1491 pr.
690 1449 847 1480 Rottend.
860 1456 891 1480 et
908 1449 1028 1480 Moreti
1049 1459 1097 1490 pr.
1113 1459 1131 1478 a
1147 1459 1190 1478 m.
1207 1459 1254 1490 pr.
1305 1451 1431 1478 imitatur
1449 1449 1569 1479 Medic.
1586 1460 1603 1479 a
1619 1459 1662 1479 m.
1675 1460 1723 1490 pr.

406 1512 439 1537 et
455 1501 542 1533 Voff.
588 1504 638 1544 Jo.
658 1500 821 1531 Schrader.
839 1499 980 1531 tentabat
997 1510 1005 1529 :
1030 1502 1177 1530 rimamur.

496 1553 568 1585 206.
583 1554 708 1594 c'istm'ere
723 1551 839 1593 fragm.
857 1551 981 1582 Moret.
1026 1552 1172 1593 obst-mdiu
1187 1561 1268 1581 uuus
1285 1551 1391 1582 Mead.

406 1665 584 1707 Ecl.IX‚
614 1677 674 1715 27.
703 1665 764 1702 28.
823 1675 906 1714 199.
936 1660 1028 1701 Vid.

407 1718 489 1756 Eel.
510 1717 602 1761 VII,
625 1730 681 1752 11.
707 1728 762 1752 12.
790 1728 848 1763 ¹3·
901 1714 999 1751 herbo
1016 1732 1031 1752 o

394 1773 440 1819 fl.
457 1787 470 1814 ‚·
499 1779 593 1806 totus
610 1767 706 1804 enim
735 1766 898 1803 Mincius
922 1778 1029 1802 arun-

408 1823 494 1859 dine
510 1830 545 1858 et
563 1820 644 1869 alga
673 1818 806 1855 oblitus
833 1818 892 1854 est.
942 1830 1029 1855 201.

410 1885 497 1911 202.
545 1885 605 1923 per
644 1871 784 1907 noeiem
827 1869 1029 1907 succrescit.

407 1941 470 1969 ros,
489 1935 671 1973 tamquam
688 1921 802 1958 cauffa
815 1919 1030 1957 fertilitatis:

408 1977 504 2014 unde
533 1975 635 2014 Sinus
653 1977 767 2023 ἔὲξσηε
797 1987 830 2008 V.
851 1985 884 2009 c.
906 1971 1031 2009 Graev.

407 2029 452 2066 ad
473 2026 623 2064 Hesiod.
642 2025 700 2062 Sc.
729 2025 783 2060 H.
807 2036 893 2074 395.
939 2023 1032 2061 Poe*-

407 2081 481 2117 tica
499 2078 646 2130 quidem
677 2075 933 2126 amplicatione
952 2074 1030 2111 dic-

407 2141 459 2175 ta,
501 2144 565 2167 nec
597 2139 716 2165 tamen
752 2140 771 2163 a
807 2140 892 2163 vero
927 2127 1032 2176 plane

406 2183 635 2220 abhorrente.
678 2179 729 2216 cf.
763 2178 858 2215 Plin.
896 2177 1031 2221 XVII,

408 2250 433 2283 4
450 2244 542 2271 extr.
599 2231 656 2268 De
682 2231 824 2280 Campo
844 2229 970 2266 Roseae
985 2229 1031 2265 ad

408 2286 549 2323 Lacum
576 2282 751 2319 Velinum
789 2295 823 2318 V.
858 2281 954 2317 SerV.
985 2280 1031 2317 ad

407 2338 494 2375 ΛἘῃ.
514 2334 608 2380 VII,
638 2347 722 2385 712.
778 2333 926 2371 Cluver.
947 2332 1030 2370 Ital.

407 2398 482 2426 ant.
502 2401 537 2438 p.
558 2387 645 2437 679.

461 2450 677 2487 203—211.
707 2436 808 2486 Ager
842 2434 1032 2472 frumentis

407 2492 583 2534 idoneus3
617 2493 699 2539 ftre
742 2492 864 2537 optima
887 2489 1031 2537 jungo:

406 2543 563 2595 primnm
583 2541 710 2577 humus
725 2540 823 2588 pulla
836 2538 893 2575 seu
910 2537 1031 2585 nigra,

407 2593 568 2646 pinguis,
595 2601 630 2628 et
642 2595 767 2641 putris,
795 2590 831 2627 h.
865 2587 1032 2631 resoluta,

408 2657 542 2687 tenera,
563 2644 723 2692 adeoque
741 2641 873 2678 solibus
900 2647 936 2675 et
962 2639 1032 2676 im-

408 2697 530 2736 bribus
561 2693 802 2746 penetrabilis.
831 2706 865 2728 v.
897 2690 969 2728 Ge.
997 2690 1030 2735 Ι,

411 2762 459 2797 44
477 2759 512 2785 et
530 2747 596 2783 inf.
621 2745 706 2783 262.
734 2745 828 2792 2633
858 2748 901 2791 7²7²
926 2744 1030 2787 μανῆ,

409 2803 509 2849 maipa,
537 2799 661 2842 λεπτὴ,
713 2796 842 2846 εῧυῗῖςος,
883 2794 1032 2833 εὑδιόδοςζ

1272 1508 1344 1538 205.
1365 1510 1430 1530 non
1446 1501 1518 1530 millo
1532 1500 1719 1544 Cantabrig.

1095 1662 1196 1700 Idem
1209 1663 1255 1700 est
1268 1661 1440 1709 arationis
1451 1661 1653 1706 confilium,
1667 1671 1723 1705 ut,

1095 1728 1174 1764 quae
1201 1725 1294 1750 terra
1324 1714 1401 1751 talis
1432 1727 1504 1751 non
1531 1714 1587 1756 fit,
1606 1714 1723 1767 glebis

1096 1765 1219 1803 sraelis
1260 1779 1302 1803 ac
1347 1765 1580 1803 comminutis
1623 1766 1722 1814 putri

1096 1816 1221 1853 similis
1237 1816 1425 1855 efficiatur.
1446 1818 1494 1853 cf.
1514 1818 1586 1854 loc.
1606 1817 1720 1853 Colu-

1097 1870 1209 1905 mellae
1229 1868 1280 1912 V,
1299 1882 1338 1916 4,
1359 1884 1396 1907 2.
1439 1869 1541 1905 Idem
1573 1867 1720 1906 Colum.

1098 1920 1230 1957 diserte
1257 1920 1294 1956 h.
1330 1920 1354 1956 l.
1392 1920 1643 1970 interpretatus
1674 1921 1723 1956 est

1100 1971 1154 2014 X,
1184 1986 1203 2022 7
1226 1974 1366 2022 Pinguis
1398 1988 1493 2024 ager,
1514 1982 1629 2021 putres
1647 1971 1721 2023 gle-

1099 2023 1172 2067 bas,
1202 2022 1399 2073 resolutaque
1433 2036 1531 2073 terga
1563 2023 1635 2072 Qli
1661 2039 1721 2074 ge-

1096 2079 1157 2117 rit,
1194 2086 1225 2111 et
1242 2075 1351 2124 “fhffics
1380 2075 1538 2127 gracileis
1567 2078 1725 2112 imitatur

1094 2142 1228 2164 arenas.
1297 2128 1437 2163 Locum
1472 2135 1555 2162 ante
1599 2126 1722 2162 oculos

1094 2177 1249 2214 habuere
1285 2177 1321 2213 in
1371 2177 1494 2214 iisdem
1535 2177 1720 2227 prceceptis

1095 2228 1291 2266 condendis
1311 2229 1457 2266 Colum.
1478 2227 1530 2272 H,
1560 2241 1598 2271 2,
1626 2243 1665 2278 4,
1684 2238 1720 2265 et

1094 2281 1140 2317 de
1185 2280 1292 2329 nigro
1324 2281 1444 2317 colore
1480 2280 1510 2322 (ξ
1561 2293 1606 2326 14
1642 2280 1720 2330 sqq.

1098 2332 1190 2368 Plin.
1218 2331 1348 2375 XVII,
1378 2346 1417 2382 4,
1447 2330 1472 2368 s.
1504 2344 1538 2379 3.
1583 2331 1719 2368 Pallad.

1094 2382 1162 2420 lib.
1183 2382 1216 2427 I,
1245 2383 1303 2420 tit.
1325 2396 1361 2434 5.
1416 2383 1581 2419 Alterum
1608 2395 1720 2433 genus

1096 2434 1175 2485 agri
1207 2434 1428 2479 frumentofi,
1455 2433 1607 2477 novalis,
1633 2433 1720 2471 caesa

1095 2496 1213 2522 vetere
1267 2486 1377 2523 filva:
1438 2499 1507 2536 ²07
1553 2485 1630 2536 sqq.
1671 2485 1720 2523 cf.

1097 2537 1248 2576 Colum.
1276 2538 1300 2573 l.
1330 2551 1363 2575 c.
1385 2537 1436 2580 II,
1466 2551 1503 2580 2,
1527 2550 1585 2573 ιι.
1628 2536 1721 2573 Ver-

1097 2589 1198 2625 suum
1232 2587 1541 2639 pulchritudinem
1575 2588 1630 2624 vel
1663 2599 1720 2624 me

1095 2653 1167 2676 non
1189 2651 1355 2676 monente
1374 2638 1494 2677 sentis.
1547 2641 1658 2676 tardis
1683 2649 1719 2675 et

1098 2700 1232 2727 naturae
1266 2691 1375 2728 boum
1410 2700 1445 2728 et
1492 2690 1610 2727 oneris
1654 2702 1717 2727 no-

1096 2743 1248 2786 tionem,
1275 2742 1435 2792 adeoque
1454 2741 1612 2792 plaustri,
1645 2753 1719 2790 quo

1095 2793 1313 2833 frumentum
1338 2806 1382 2831 ex
1411 2806 1499 2846 agro
1517 2792 1720 2835 devehitur,

1580 2843 1720 2895 magni=
