1821 3381
285 294 390 344 DE
437 274 804 348 CARMINE
850 298 1266 353 BucoLicO.
1371 323 1429 373 19

182 429 325 495 Qod
356 429 416 476 ad
444 431 759 492 descriptionem
803 444 849 478 et
885 436 1139 481 oeconomiam
1174 437 1300 501 hujus
1330 456 1430 486 cair-

115 514 241 558 minis
261 513 445 570 attinet,
468 515 595 560 varie
618 530 672 561 ea
694 515 891 577 quidem
915 516 1093 563 institui
1116 521 1286 581 potest,
1305 521 1428 569 sem-

113 612 199 659 per
242 609 401 644 tamen
444 597 750 662 spectandum
795 599 899 656 hoc,
951 612 1004 647 ut
1042 617 1093 648 ea
1136 603 1425 665 potissimum

110 679 232 726 ratio
272 697 328 728 ac
368 682 444 728 via
485 682 683 740 ineatur,
717 699 809 746 qua
855 685 1066 732 maxima
1106 687 1321 751 voluptas
1356 690 1426 736 le-

108 763 265 825 gentis
293 766 456 811 animo
483 764 639 812 afferri
665 765 803 828 poffit
821 789 834 820 ;
868 765 1001 830 cujus
1037 768 1233 830 quidem
1268 772 1334 817 rei
1368 788 1424 819 eo

106 845 385 910 diligentior
404 848 524 894 ratio
551 848 764 896 habenda
792 849 870 906 est,
904 851 1034 912 quod
1075 851 1212 915 hujus
1246 856 1422 901 carmi-

105 927 179 973 nis
215 928 491 990 fimplicitas
525 941 572 975 et
599 930 843 976 humilitas
874 930 1115 978 interdum
1149 933 1197 978 in
1234 935 1423 982 exilita-

105 1021 207 1056 tem
228 1010 369 1065 abire,
405 1009 520 1055 lenis
562 1020 610 1055 et
647 1010 805 1056 mollis
845 1021 980 1059 tenor
1016 1015 1252 1079 languere,
1287 1019 1418 1068 solet.

103 1091 231 1138 Raro
253 1093 412 1154 itaque
430 1089 570 1154 poeta
590 1092 818 1138 narrantis
841 1105 920 1139 aut
938 1093 1240 1144 describentis
1264 1113 1419 1162 partes

100 1171 321 1235 suseipit;
356 1170 443 1217 nifi
481 1170 559 1217 ille
597 1171 645 1216 in
675 1182 956 1234 argumento
993 1174 1256 1224 admodum
1290 1179 1418 1229 suavi

102 1267 151 1303 et
172 1254 365 1318 copioso
386 1270 439 1301 ac
464 1254 637 1300 florido
672 1253 908 1309 versetur3
945 1255 1024 1303 sed
1062 1262 1299 1308 convertit
1323 1263 1418 1310 sere

98 1354 204 1385 rem
234 1338 282 1383 in
318 1336 481 1383 drama
518 1348 565 1382 et
600 1336 649 1381 in
682 1336 931 1394 astionem,
956 1338 1172 1403 ipsosque
1207 1343 1414 1405 pastores

99 1419 417 1482 colloquentes
450 1435 504 1465 ac
536 1429 770 1465 narrantes
795 1419 994 1478 inducit,
1025 1435 1077 1469 ut
1101 1439 1171 1470 res
1196 1442 1288 1472 non
1315 1439 1412 1475 tam

99 1503 290 1559 narrari,
344 1518 489 1564 quam
535 1501 694 1564 potius
743 1505 862 1566 geri,
915 1521 969 1551 ac
1016 1507 1198 1554 le&oris
1263 1512 1413 1558 oculis

98 1583 284 1647 subjici,
318 1596 363 1631 et
399 1584 479 1630 ille
516 1584 639 1631 inter
678 1584 812 1632 silvas
855 1603 1021 1645 errare,
1053 1589 1100 1635 in
1133 1590 1302 1638 umbra
1336 1609 1413 1640 ar-

98 1667 224 1714 boris
265 1667 469 1724 affidere,
525 1681 765 1715 cantantes
824 1670 987 1718 audire
1033 1672 1119 1720 fibi
1163 1674 1413 1732 videatur;

95 1748 225 1813 quod
271 1765 366 1796 non
410 1749 477 1795 ita
516 1750 868 1812 accipiendum,
902 1763 1150 1816 tamquam
1194 1755 1227 1802 fi
1266 1773 1411 1807 omne

95 1846 287 1879 carmen
309 1831 535 1894 pastorale
556 1831 875 1880 dramaticum
898 1835 984 1881 effe
1007 1836 1190 1893 debeat,
1222 1851 1274 1885 ut
1295 1855 1409 1889 cum
1458 1901 1465 1911 ι

94 1913 352 1977 Fraguerio
377 1914 401 1940 *
423 1913 652 1976 plerique,
689 1915 771 1977 qui
804 1915 895 1962 hoc
927 1917 986 1963 de
1022 1919 1233 1965 carmine
1256 1919 1409 1985 scrip-

92 1998 204 2054 sere,
255 1996 540 2054 existimant‚
584 2014 746 2045 verum
787 1999 898 2062 quia
941 2001 1044 2049 haec
1087 2003 1208 2050 ratio
1249 2007 1407 2071 po'e'tae

91 2080 286 2127 confilio
312 2078 407 2126 fere
437 2080 647 2127 maxime
668 2080 931 2144 respondet.

153 2165 273 2210 Situs
295 2179 348 2210 ac
373 2165 453 2210 loci
482 2165 758 2228 temporisque
793 2165 1070 2230 defignati0‚
1106 2185 1216 2233 quae
1245 2174 1403 2239 cujus..

88 2261 180 2309 que
226 2247 450 2294 carminis
491 2261 773 2312 argumento
811 2250 1076 2308 conveniat,
1127 2255 1198 2300 uti
1243 2256 1401 2320 po'e'tae

90 2328 320 2391 ingeniofi
352 2345 445 2375 non
469 2330 636 2376 infima
660 2330 757 2376 laus
783 2330 862 2388 est,
896 2331 962 2379 ita
996 2332 1055 2379 ad
1078 2333 1308 2399 majorem
1341 2356 1399 2387 ex

87 2412 287 2459 lectione
310 2412 589 2460 suavitatem
623 2413 907 2477 capiendam
942 2430 1035 2462 non
1060 2433 1230 2479 parum
1264 2419 1394 2470 facit.

89 2492 234 2558 Cujus
258 2494 387 2541 enim
409 2495 595 2542 animus
625 2497 747 2544 veris
778 2513 833 2544 ac
872 2498 1009 2554 ruris,
1042 2498 1321 2561 pascuorum
1348 2516 1394 2551 et

84 2590 424 2635 armentorum,
453 2578 581 2625 suavi
617 2579 935 2643 descriptione
973 2596 1064 2627 non
1091 2583 1395 2633 vehementer

84 2659 356 2717 delectatur,
390 2673 471 2709 aut
510 2662 615 2725 quis
650 2676 844 2710 cantum
878 2664 1076 2726 pastoris
1111 2680 1204 2711 non
1238 2668 1394 2714 multo

135 2791 158 2813 '³⁶
187 2793 400 2845 Dgffi-rtatz'on
428 2798 495 2845 sicr
533 2794 704 2849 l'Eclogue
766 2797 812 2835 les
841 2797 1016 2835 Mcfmoires
1039 2797 1080 2836 de
1104 2797 1122 2835 l
1129 2798 1313 2837 'Acade'mie
1337 2802 1391 2839 des

78 2852 148 2893 par
172 2845 229 2884 M.
260 2846 395 2885 l'Abbe'
412 2848 444 2884 F
445 2855 593 2901 ragm‘er,
619 2852 703 2888 dans
767 2849 920 2900 ngscript.
938 2850 987 2890 T·
1005 2848 1058 2894 Π,
1077 2863 1113 2901 p.
1137 2863 1221 2898 132·

727 2915 767 2964 Β
801 2931 827 2964 2
1132 2917 1388 2980 gratiorem
