1987 3361
459 246 933 327 comelssus
990 277 1159 325 Mss,
1403 294 1466 325 zv

154 413 286 478 cujus
324 413 416 459 fine
460 410 777 473 subscriptum
821 421 946 456 erat:
1001 409 1181 456 Flavius
1225 408 1467 459 Gennadius

154 505 278 553 Felix
301 504 538 567 Torquatus
573 501 625 549 V.
656 501 702 548 C.
745 502 828 548 Rc.
871 501 1017 547 Romae
1053 500 1118 548 D.
1145 501 1208 549 N.
1237 503 1467 564 Constaulz'o

154 587 210 634 P.
237 586 281 633 F
284 622 294 631 .
323 585 370 630 C.
397 586 454 630 P-
484 583 540 628 P.
565 582 792 642 (Patrono
811 581 1102 630 Faciendum
1130 583 1325 631 Curavit
1348 584 1465 632 Pro..

151 667 253 732 pria
295 663 543 720 Pecunia),
578 661 749 725 quibus
789 661 956 708 litteris
983 662 1215 725 fignisque
1246 666 1463 727 quamvis

148 749 324 815 ignotis
359 749 450 796 hoc
478 758 637 793 tamen
659 744 871 792 constare
890 744 1105 807 putabat,
1134 746 1222 792 effe
1243 749 1464 806 codicem

149 823 431 879 venerandae
452 828 766 891 antiquitatis.
844 826 949 873 Nifi
974 844 1086 874 vero
1111 829 1200 875 alia
1222 830 1459 893 opinionis

145 913 241 962 suae
262 913 564 960 firmamenta
588 910 770 968 habuit,
793 911 883 957 hoc
922 909 1119 973 quidem
1141 911 1339 959 unicum
1371 913 1460 960 fal-

144 996 223 1044 lax
239 1007 285 1043 et
301 995 438 1042 inane
454 993 605 1040 videri
620 993 789 1056 potest,
803 993 1031 1058 quoniam
1048 993 1096 1040 in
1113 994 1278 1042 codice
1290 997 1460 1044 admo-

147 1077 265 1125 dum
284 1077 462 1124 recenti
485 1074 809 1138 antiquiorum
831 1075 1062 1124 librorum
1084 1075 1361 1141 subscriptio
1384 1095 1460 1127 re..

144 1161 245 1226 peti
268 1159 441 1223 potuit,
475 1170 527 1205 ut
550 1156 686 1220 supra
702 1156 806 1221 jam
830 1158 925 1205 alio
948 1158 1056 1205 loco
1077 1160 1457 1210 animadversum

142 1245 226 1292 est.
293 1243 664 1291 Emendationes
687 1259 744 1289 ex
763 1243 852 1291 hoc
878 1244 1044 1292 codice
1075 1245 1121 1291 in
1157 1246 1389 1311 Eclogam
1407 1249 1456 1297 X

142 1326 388 1391 proposuit
410 1326 658 1378 Adversas.
682 1324 872 1383 XVIII,
899 1327 972 1375 16.
1007 1327 1143 1386 XLI,
1167 1331 1242 1378 26.

604 1467 999 1498 &fflfflfflw

208 1573 589 1621 Memoravimus
627 1573 780 1621 adhuc
822 1575 1011 1622 codices
1049 1576 1202 1623 Mstos
1240 1581 1454 1641 primum

141 1657 398 1722 principeS‚
428 1669 531 1703 tum
554 1673 757 1720 quorum
782 1670 957 1705 veteres
981 1658 1137 1706 critici
1161 1663 1455 1712 mentionem

144 1737 339 1784 faciunt.
425 1736 778 1800 Subjungemus
823 1737 1089 1794 nonnullos,
1133 1740 1193 1786 ad
1247 1758 1453 1804 quorum

141 1820 289 1866 fidem
323 1819 534 1865 auetores
569 1818 793 1863 editionum
836 1820 1080 1865 criticurum
1116 1833 1162 1867 et
1202 1823 1453 1884 clufficurum

137 1899 455 1951 recensionem
479 1900 609 1946 suam
634 1899 877 1947 instituisse
905 1899 1131 1950 feruntur.
1190 1904 1252 1952 Et
1273 1909 1454 1970 primas

140 1984 335 2049 quidem
353 1983 581 2030 editiones
600 1999 657 2030 ex
680 1982 926 2030 codicibus
942 1983 1122 2031 fluxiffe
1144 1986 1214 2033 uti
1239 2002 1365 2037 certa
1380 2009 1452 2041 res

140 2069 219 2125 est,
254 2069 320 2115 ita
341 2067 599 2115 dolendum
643 2068 708 2114 est
732 2083 827 2113 non
851 2083 987 2130 aeque
1011 2068 1204 2131 liquere,
1239 2074 1453 2136 equibus

139 2149 280 2198 codd.
325 2151 422 2197 illae
465 2150 622 2196 duc'cae
670 2148 859 2196 fuerint.
932 2149 1209 2214 Principem
1252 2155 1450 2217 quidem

139 2234 423 2292 Romanam,
464 2235 570 2297 post
609 2235 740 2291 alios,
774 2250 861 2282 nec
902 2247 1062 2281 tamen
1107 2237 1242 2283 vaide
1286 2239 1451 2300 bonos,

138 2317 327 2364 codices
350 2329 665 2381 comparatos,
700 2334 757 2365 ex
783 2320 1003 2380 Pomponii
1027 2320 1290 2381 Infortuuuti
1315 2331 1329 2386 (
1337 2325 1383 2372 h.
1405 2343 1447 2373 e.

139 2400 255 2463 Julii
275 2400 529 2463 Pomponii
546 2399 694 2456 Laeti)
714 2401 846 2447 codice
862 2399 992 2447 fuisse
1009 2403 1325 2464 emendatam,
1342 2420 1448 2457 tum

136 2499 164 2529 a
191 2482 326 2530 nobis
359 2481 644 2543 monebitur,
673 2498 785 2528 cum
821 2493 1035 2529 veterum
1068 2484 1336 2533 editionum
1362 2505 1449 2535 an-

135 2565 261 2611 nales
281 2562 589 2610 conficiemus
608 2587 620 2622 ;
657 2579 752 2632 quo
777 2564 921 2615 etiam
945 2580 997 2610 ea
1020 2565 1302 2625 differimus,
1335 2586 1448 2632 quae

135 2648 196 2694 de
217 2646 549 2694 nonnullarum
572 2647 771 2694 aliarum
793 2647 900 2700 saec.
939 2649 1031 2696 XV
1049 2649 1314 2699 editionum
1339 2654 1448 2699 fon-

136 2728 262 2776 tibus
281 2728 588 2776 memoranda
607 2729 849 2778 habemus.
924 2732 1144 2786 Praeclari
1164 2733 1291 2781 fuere
1310 2735 1447 2782 codi-

135 2826 229 2870 ces,
261 2810 321 2858 ad
342 2826 460 2874 quos
487 2810 732 2874 Naugerius
753 2812 971 2861 ed.-Ald.
998 2825 1105 2867 tert.
1135 2827 1258 2878 1514
1281 2831 1447 2862 emen-

1293 2896 1449 2951 davia⁸
