1987 3361
520 341 742 381 CLXXXVI

831 324 984 372 TIB.
1034 321 1150 370 CL.
1199 320 1525 369 DONATI

519 463 653 502 Diana:
686 461 843 513 primum
887 472 1029 498 cannen
1082 459 1152 496 hoc
1190 456 1372 495 redditum
1410 455 1554 498 dicant,
1596 467 1679 492 cum
1719 454 1845 501 eidem

520 523 623 565 Dece,
665 532 809 572 propter
843 520 993 564 bellum,
1035 518 1135 570 quod
1170 518 1239 555 toti
1269 515 1423 553 Graeeiae
1463 514 1528 552 illo
1565 522 1724 564 tempore
1756 513 1840 552 Pcr—

518 579 566 621 ἷξε
602 579 819 623 inferebant,
859 576 1022 616 exhiberi
1059 589 1122 627 per
1149 574 1308 625 virgines
1343 573 1388 610 de
1417 585 1518 610 more
1549 570 1645 609 sacra
1672 585 1746 608 non
1762 573 1843 622 pos-

519 639 609 677 sent.

682 637 762 676 Alii
797 638 843 675 ab
871 637 1013 688 Oreste,¹
1051 635 1148 673 circa
1183 634 1349 672 Siciliam
1367 645 1477 683 vage,
1515 630 1555 668 id
1583 643 1696 681 genus
1713 630 1842 668 carmi-

455 706 501 758 85
531 699 586 736 nis
615 697 746 735 Diana:
794 695 974 734 redditum
1023 695 1221 745 loquuntur
1270 706 1334 744 per
1369 691 1488 742 ipsum
1524 698 1632 740 atque
1665 689 1816 739 pastores
1831 702 1853 736 ε,

520 771 595 808 quo
625 768 786 807 tempore
816 756 863 794 de
893 754 1044 806 Scythia
1084 767 1169 792 cum
1201 752 1336 802 Pylade
1375 750 1533 804 fugerat,
1582 748 1743 800 surrepto
1778 760 1848 784 nu-

523 815 634 855 minis
666 815 869 859 fimulacro,
905 823 941 852 et
973 814 1095 853 celato,
1123 813 1162 850 in
1192 811 1287 850 fasce
1313 811 1523 862 lignorum;
1563 808 1661 846 unde
1692 805 1849 850 Fasceli-

522 875 608 915 dem
628 873 787 911 Dianam
805 873 996 925 perhibent
1028 882 1294 923 nuncupatam:
1339 869 1436 921 apud
1469 868 1571 918 cujus
1605 880 1682 904 aras
1708 866 1854 907 Orestes

523 947 589 996 per
623 933 846 974 sacerdotem
880 931 1039 984 ejusdem
1071 932 1230 981 numinis
1262 928 1495 983 Iphigeniam
1525 927 1685 966 sororem
1711 925 1854 976 suarna,

523 1073 587 1108 nco
617 1069 927 1115 disputatiunculam.
993 1069 1082 1102 Nihil
1119 1069 1156 1109 iu

525 1117 676 1150 omnibus
700 1117 760 1154 his,
781 1127 851 1157 quae
876 1122 1053 1146 memorata
1071 1114 1155 1151 sunt,

527 1161 584 1197 est,
602 1161 634 1190 in
647 1170 709 1200 quo
726 1158 919 1200 acquiescere
931 1157 1031 1200 pollis.
1078 1158 1153 1188 Non

525 1204 639 1237 vident
669 1203 814 1233 homines
843 1201 942 1239 docti,
978 1200 1063 1231 aliud
1095 1200 1155 1231 esse

526 1257 656 1278 tarmen
665 1245 844 1276 bucolicum
857 1243 1156 1281 elaboratum,aliud

527 1290 608 1321 rude
636 1297 669 1320 et
692 1290 871 1326 indoctum,
907 1287 993 1329 quod
1019 1287 1157 1328 impetus

528 1332 642 1374 animi,
664 1332 827 1370 exultatio,
849 1338 879 1362 et
905 1331 1037 1361 affectus
1056 1339 1156 1361 teme-

527 1387 565 1408 re
596 1375 741 1407 effundit.
813 1373 1022 1406 Confundunt
1061 1383 1158 1415 porro

528 1419 668 1461 hymnos
692 1419 724 1449 in
752 1418 827 1449 deos
849 1417 995 1459 agrestes,
1017 1424 1047 1448 et
1074 1417 1159 1448 sacra

531 1473 646 1503 eorum
662 1470 694 1493 et
718 1461 848 1492 fabulas.
896 1461 1017 1491 Eadem
1041 1468 1161 1497 tamen,

530 1517 603 1548 quae
630 1505 680 1536 hic
706 1511 937 1541 memorantur,
967 1503 1103 1545 reperias
1126 1503 1160 1540 in

528 1549 634 1592 princ.
660 1549 844 1583 Comment.
868 1546 981 1584 Servii,
1005 1557 1022 1578 e
1047 1546 1162 1587 quibus

531 1592 683 1623 videntur
709 1591 771 1621 huc
803 1590 885 1621 male
914 1596 1061 1620 revocata
1088 1588 1159 1619 effe.

534 1637 615 1666 Sunt
652 1642 760 1665 autem
803 1634 954 1676 pleraque
991 1644 1008 1664 e
1046 1635 1163 1663 Graeco

535 1678 756 1709 Grammatico
784 1677 944 1713 conversa,
969 1675 1023 1718 qui
1048 1675 1087 1706 ab
1104 1675 1162 1706 Al-

532 1723 609 1758 dina
632 1722 705 1752 inde
721 1721 845 1763 praefigi
869 1720 1046 1750 Theocrito
1069 1719 1164 1752 solet:

533 1767 598 1809 weg)
613 1766 658 1801 σέ,
684 1766 725 1797 vr}
748 1765 799 1796 καὶ
824 1765 882 1798 πῶς
908 1763 1003 1807 εὑρέθη
1023 1763 1064 1794 τὰ
1079 1769 1164 1797 Bem-

534 1809 617 1841 λικοί.
1064 1804 1065 1807 “

577 1866 596 1883 a
625 1852 832 1882 Lacedaemoniis
863 1850 1027 1894 pcsso›·ibus.

535 1895 660 1928 Persico
688 1907 760 1926 cum
776 1894 890 1926 festum
914 1894 1026 1925 Diana:
1043 1893 1164 1933 Carya·

536 1940 614 1972 tidis
638 1939 778 1975 instaret,
800 1938 886 1979 cujus
910 1936 1020 1967 fanum
1045 1935 1078 1966 in
1098 1937 1163 1966 La-

535 1983 646 2014 conica
670 1990 749 2020 erat,
769 1981 801 2012 in
828 1992 892 2022 quo
907 1980 1048 2021 virgines
1064 1981 1165 2009 Lace-

536 2027 771 2058 daemoniorum
786 2023 1034 2055 anniversarium
1050 2022 1167 2063 festum!

537 2070 688 2112 agebant,
711 2077 743 2099 et
773 2079 811 2099 ex
832 2078 920 2098 more
933 2067 1036 2108 patrio
1053 2066 1166 2096 choros

536 2113 755 2149 instituebant,
787 2111 852 2142 vid.
881 2110 1011 2141 Pausan.
1029 2110 1084 2146 ΙΙΙ,
1112 2117 1165 2146 10,

538 2156 626 2188 bello
652 2157 758 2197 itaque
775 2154 909 2190 Perfico,
941 2153 1027 2194 quod
1043 2154 1167 2183 Xerxes

539 2201 674 2231 Graeciae
685 2198 880 2233 intulit‚cum
891 2204 1020 2238 propter
1029 2195 1168 2236 hostium

539 2252 664 2275 metum
680 2242 792 2284 puella:
810 2241 1037 2272 Lacedaemone
1058 2238 1169 2280 egredi

539 2298 606 2318 non
637 2287 802 2322 auderent,
845 2284 981 2325 pastores
1017 2281 1169 2313 Laconici

540 2330 612 2372 agri
641 2331 725 2361 sacra
753 2327 854 2359 fecisse
886 2334 916 2357 et
949 2327 1086 2361 Dianam
1107 2325 1169 2355 suis

541 2373 735 2404 carminibus
754 2370 918 2402 celebrasse
935 2376 1168 2406 memorantur,

541 2428 613 2458 quzc
626 2416 765 2447 carmina
792 2425 864 2445 cum
880 2413 1012 2454 probata
1029 2411 1168 2448 fuissent,

540 2460 583 2491 ab
599 2471 636 2490 eo
651 2467 795 2499 tempore
812 2468 936 2487 morem
960 2456 1077 2487 horum
1104 2466 1172 2485 car-

542 2503 669 2534 minum
695 2501 755 2532 effe
778 2501 947 2531 servatum.
1002 2501 1095 2535 Haec,
1116 2497 1171 2529 etfi

543 2547 598 2577 vix
619 2546 726 2577 videas
749 2544 910 2585 quomodo
936 2542 1010 2573 inde
1036 2541 1171 2573 bucolici

540 2589 693 2620 carminis
708 2588 798 2629 origo
815 2586 915 2628 repeti
930 2585 1032 2628 poffit,
1053 2585 1172 2626 jaciata

543 2633 652 2664 videas
671 2632 812 2672 ubique:
843 2630 908 2660 vid.
937 2628 1173 2659 Grammaticus

543 2676 579 2707 in
601 2676 706 2706 fronte
727 2673 916 2704 Theocriti:
949 2672 1098 2702 Serviana
1123 2682 1171 2712 pr.

543 2719 722 2750 Bucolicor.
752 2716 858 2747 lfidor.
885 2715 1039 2758 Origg.1,
1061 2725 1087 2745 c.
1117 2714 1174 2753 38.

544 2762 718 2794 Diomedes
743 2760 800 2791 lib.
830 2762 883 2796 ΙΙΙ,
905 2771 935 2801 p.
961 2758 1022 2797 483
1047 2757 1176 2794 putsch.

546 2806 670 2837 Probus
693 2805 731 2835 de
755 2803 889 2834 bucolici
916 2802 1063 2832 carminis
1078 2801 1174 2832 ratio-

549 2861 600 2891 ne,
622 2847 765 2890 praefixus
781 2847 851 2877 edd.
870 2845 1041 2881 nonnullis,
1063 2851 1098 2874 ut
1115 2845 1175 2874 Ba-

548 2892 593 2934 ιξιὶ.
620 2891 823 2935 Henricpetr.
856 2892 933 2923 Ver.
963 2887 1174 2924 Grammatic,

1073 1848 1169 1884 Bello,

1222 1067 1467 1111 Apospasmatia
1481 1067 1523 1099 ad
1548 1066 1666 1099 calcem
1683 1065 1796 1098 Mallii
1810 1063 1858 1109 ab*

1223 1112 1421 1154 Heussngero
1432 1112 1517 1143 edita
1532 1121 1564 1153 p.
1582 1120 1635 1152 93.
1647 1119 1700 1149 95.

1267 1156 1293 1197 ξ.
1312 1156 1364 1195 85.
1385 1156 1420 1186 ab
1435 1155 1532 1199 orsse.
1579 1156 1614 1185 In
1630 1153 1746 1191 Sicilia,
1769 1153 1858 1187 inter

1226 1199 1337 1240 Mylas
1352 1206 1384 1230 et
1400 1198 1615 1235 Naulochum,
1639 1208 1703 1228 non
1715 1197 1810 1238 longe
1834 1207 1853 1228 a

1225 1242 1449 1285 promontorio
1464 1241 1589 1278 Peloro,
1605 1240 1761 1282 templum
1778 1239 1856 1277 Dia-3

1226 1297 1274 1327 ng
1287 1287 1418 1316 Far-elium
1434 1285 1496 1317 slve
1513 1286 1678 1322 Facelitidis‚
1698 1281 1854 1326 Ἀρτέμιδος

1226 1328 1412 1369 φακελὶτιδας,
1445 1336 1532 1365 crat;
1570 1328 1658 1369 cujus
1680 1327 1803 1358 sacrum
1819 1337 1859 1358 at:

1228 1382 1346 1403 nomen
1379 1382 1397 1402 a
1426 1370 1680 1402 Lacedaemoniis
1716 1370 1859 1412 petitumv

1227 1423 1315 1453 erat3
1349 1425 1380 1446 v.
1406 1415 1538 1445 Pausan.
1556 1416 1609 1451 111,
1638 1414 1689 1452 16,
1713 1425 1745 1455 p.
1771 1423 1858 1454 2493

1229 1469 1302 1490 cum
1329 1466 1437 1489 autem
1464 1458 1497 1488 hi
1518 1457 1675 1499 originem
1701 1468 1719 1487 a
1745 1456 1858 1489 Diana:

1229 1501 1374 1533 Tauricae
1392 1501 1556 1532 simulacro
1569 1511 1625 1542 per
1642 1500 1788 1531 Orestem
1802 1500 1858 1530 de-

1230 1552 1358 1588 portato
1370 1542 1571 1586 repeterent:
1596 1543 1709 1575 fabulae
1729 1544 1860 1578 licentia

1231 1588 1344 1619 deinde
1362 1598 1484 1618 errores
1498 1587 1620 1627 aliquos
1637 1586 1754 1618 Orestis
1777 1587 1861 1618 circa

1231 1631 1371 1662 Siciliam
1392 1630 1586 1662 comminisci
1601 1637 1777 1672 coeperunt3
1800 1626 1864 1669 un-{

1232 1675 1271 1708 de
1296 1674 1387 1705 fiuxit
1404 1674 1543 1704 narratio
1570 1674 1608 1704 de
1633 1673 1769 1704 bucolici
1792 1684 1862 1706 car-

1233 1717 1329 1749 minis
1350 1718 1486 1759 orighre,
1512 1728 1582 1758 quae
1619 1717 1653 1748 h.
1680 1717 1701 1748 1.
1731 1716 1863 1758 legitur.

1237 1762 1289 1792 De
1319 1763 1419 1792 Diana
1445 1763 1615 1803 Phaet-liti&
1647 1759 1669 1791 s.
1705 1757 1867 1798 Facelitide,

1233 1813 1296 1836 non
1315 1815 1392 1835 vero
1411 1806 1555 1845 chsselide,
1575 1814 1609 1834 v.
1631 1804 1714 1846 inpr.
1731 1804 1862 1835 Cluver.

1232 1848 1266 1884 in
1284 1848 1368 1878 Sicil.
1386 1855 1449 1879 ant.
1467 1859 1498 1889 p.
1524 1857 1589 1886 504
1605 1847 1673 1888 sqq.
1695 1847 1863 1881 Munekes:

1234 1892 1274 1922 ad
1292 1892 1413 1932 Hygin.
1443 1891 1504 1922 fab.
1525 1892 1672 1923 CCLXI.
1703 1891 1861 1923 Antonin.

1234 1934 1306 1966 Lib.
1328 1945 1377 1972 «27.
1395 1934 1486 1965 Adde
1504 1936 1682 1965 Grammat.
1698 1933 1862 1966 Theocrit.

1234 1977 1254 2009 l.
1267 1977 1286 2009 l.
1304 1977 1406 2009 Schol.
1421 1979 1534 2009 Horat.
1549 1978 1668 2017 Cruqu.
1683 1978 1695 2007 1
1708 1978 1814 2008 Carm.
1831 1986 1863 2015 ¹7,

1238 2030 1288 2053 10.
1335 2023 1438 2065 Intpp.
1471 2021 1511 2053 ud
1557 2021 1691 2051 Vibium
1721 2031 1752 2062 p.
1788 2029 1862 2058 170.

1234 2064 1399 2095 Traducffki
1416 2075 1542 2105 quoque
1559 2063 1602 2094 est
1623 2063 1730 2094 fabula
1745 2064 1779 2094 in
1802 2065 1864 2094 Ita-

1236 2107 1336 2145 liam;
1370 2118 1444 2138 nam
1469 2115 1500 2138 et
1527 2106 1644 2138 Ariciae
1668 2106 1730 2138 fuit
1751 2106 1865 2139 Diana.-

1235 2151 1382 2182 Tauricae
1398 2151 1522 2194 (igin-m:
1559 2149 1657 2181 Solin.
1681 2161 1746 2192 cap.
1776 2159 1808 2188 2,
1833 2161 1864 2192 p.

1239 2203 1278 2233 13
1293 2196 1328 2226 C.
1347 2194 1417 2225 add.
1438 2193 1634 2225 Wernsdorf.
1651 2193 1720 2224 diff.
1739 2193 1778 2224 de
1794 2193 1867 2235 pig-

1238 2237 1338 2269 norib.
1368 2237 1496 2278 imperii
1518 2238 1612 2268 Rom.
1643 2236 1740 2275 1786,
1762 2248 1792 2278 p.
1827 2245 1864 2276 13

1237 2281 1279 2322 sq.
1311 2289 1342 2311 et
1373 2280 1493 2322 Rhegii
1514 2280 1581 2322 ejus
1605 2279 1718 2322 religio
1734 2279 1866 2311 habita:

1238 2335 1267 2355 v.
1285 2323 1444 2354 lWorisani
1461 2323 1614 2364 Inscriptt.
1630 2323 1745 2364 Regin.
1764 2334 1793 2364 p.
1812 2331 1866 2364 91.

1240 2377 1292 2408 92.
1339 2369 1421 2398 Tam
1443 2366 1506 2397 late
1530 2366 1631 2409 sparsa
1657 2366 1701 2399 est
1727 2366 1795 2397 haec
1819 2365 1869 2403 fa÷

1235 2410 1322 2447 bula,
1367 2417 1404 2441 ut
1443 2411 1554 2440 eadem
1590 2409 1648 2440 hac
1679 2409 1746 2440 face
1777 2409 1869 2451 plura.

1238 2454 1430 2495 scriptorum
1456 2453 1523 2484 loca
1555 2453 1736 2484 collustrare
1765 2452 1868 2494 poflis.

1243 2496 1356 2538 Qid?
1389 2497 1474 2538 quod
1493 2497 1532 2527 ad
1548 2497 1673 2537 Syriam
1689 2495 1801 2526 eadem
1821 2495 1869 2526 fa-

1240 2540 1316 2571 bula
1345 2540 1406 2571 fuit
1428 2539 1564 2570 dedmsta
1590 2539 1628 2570 ab
1656 2539 1873 2570 Antiochenis

1238 2583 1455 2624 scriptoribus,
1477 2583 1532 2624 qui
1545 2583 1678 2613 omnino
1693 2581 1749 2613 fibi
1761 2583 1793 2612 in
1807 2582 1871 2613 hoc

1237 2626 1395 2669 placuere,
1410 2634 1446 2657 ut
1455 2635 1578 2657 veteres
1593 2625 1714 2657 fabulas
1724 2625 1764 2656 ad
1777 2625 1870 2660 suum

1239 2671 1398 2700 Orontem
1413 2669 1625 2700 traducerent.
1644 2680 1678 2701 v.
1697 2668 1819 2699 Malala
1835 2679 1866 2710 p.

1241 2713 1312 2751 176.
1339 2713 1474 2744 Cedren.
1490 2724 1520 2754 p.
1538 2720 1601 2750 134
1617 2712 1660 2753 sq.
1699 2712 1867 2753 Lamprid.

1239 2756 1369 2797 Elagab.
1404 2767 1436 2796 7,
1456 2763 1487 2786 ct
1516 2755 1559 2785 ibi
1582 2755 1708 2786 Salmas.
1733 2754 1870 2786 Clariffi-

1239 2809 1330 2830 mum
1358 2799 1471 2830 Diana:
1489 2798 1634 2830 Tauricae
1660 2798 1785 2839 signum
1808 2797 1872 2839 fuit

1239 2842 1272 2872 in
1289 2843 1407 2874 Atticae
1433 2853 1516 2883 pago
1529 2842 1719 2875 Braurone:
1756 2841 1868 2883 Eurip.

1240 2885 1343 2930 lphig.
1360 2886 1394 2918 in
1410 2886 1509 2918 Tau-r.
1520 2892 1606 2920 ‚um
1815 2924 1873 2968 εδ
