1821 3381
325 310 390 361 90
499 290 555 340 P.
612 287 997 338 VIRGILII
1066 284 1459 334 MARONIS

323 420 370 468 O
395 419 515 467 mihi
541 430 640 465 tarn
665 418 823 481 longae
847 427 1033 463 maneat
1057 431 1164 477 pars
1187 415 1360 461 ultima
1379 413 1510 472 vitae,

320 513 523 576 Spiritus
547 521 608 567 et,
632 520 865 572 quantum
890 507 955 553 sat
980 506 1066 552 crit
1089 516 1169 550 tua
1191 503 1349 550 dicere
1371 503 1520 551 faeta!

321 603 436 650 Non
457 616 532 647 me
549 599 842 646 carminibus
862 597 1019 643 vincet
1039 611 1124 642 nec
1145 594 1380 642 Thracius
1402 595 1642 660 Orpheus,

324 695 429 742 Nec
456 693 633 747 Linus;
658 692 769 739 huic
794 702 943 738 mater
957 688 1192 752 quamviS‚
1212 699 1351 750 atque
1373 688 1484 738 huic
1505 701 1640 753 pater

456 783 601 829 adfit:
1580 781 1640 843 56

325 877 511 940 Orphei
538 875 795 938 Calliopea,
832 872 957 920 Lino
982 868 1214 919 formosus
1238 869 1437 934 Apollo.
1698 861 1703 863 ‚

325 971 424 1020 Pan
449 971 594 1017 etiam
627 967 835 1015 Arcadia
859 955 1051 1013 mecum
1074 963 1108 1011 fi
1123 962 1288 1029 judice
1310 972 1477 1020 certet,

369 1113 424 1144 53.
446 1104 521 1145 longe
536 1102 657 1144 aliquot
678 1108 756 1132 vett.
773 1099 858 1139 edd„
878 1107 914 1132 ut
934 1099 1017 1130 Flor.
1034 1099 1163 1140 Egnat.,
1186 1104 1218 1128 et
1243 1096 1319 1128 hinc
1345 1094 1539 1127 recentiores
1563 1103 1646 1126 non-

326 1156 434 1188 nullae.
482 1155 542 1186 Sed
556 1155 623 1196 jam
639 1154 737 1185 Aldd.
756 1161 788 1184 et
808 1163 845 1184 ex
870 1152 920 1184 his
943 1151 1048 1183 duetae
1074 1152 1169 1192 longae,
1191 1150 1277 1191 quod
1304 1148 1412 1180 firmat
1439 1147 1550 1178 Heius.
1575 1146 1646 1189 post

326 1208 424 1245 Pier.,
444 1217 519 1237 nam
534 1214 565 1237 et
581 1206 654 1237 libri
671 1205 807 1237 variant.
840 1206 874 1235 In
891 1203 1001 1234 multis
1020 1202 1118 1233 etiam
1133 1202 1402 1241 tmn.---54.sua
1417 1199 1533 1230 Heins.
1551 1208 1646 1229 unus.

316 1261 392 1302 fata
408 1258 705 1298 Rottend.---—-55.
735 1257 873 1288 ‘Thracem
890 1252 1189 1293 nonnulli.—--—56.
1213 1259 1292 1294 atque
1315 1251 1399 1283 deest
1426 1251 1458 1281 in
1484 1261 1548 1281 uno
1564 1251 1647 1281 Rot-

327 1310 558 1349 tend0———-57‚
587 1310 688 1351 Orphi,
711 1310 826 1351 Orphm,
846 1309 965 1350 Orphea,
991 1306 1137 1346 Calliopia.
1187 1304 1237 1334 Sic
1267 1302 1392 1334 variant
1415 1301 1489 1332 libri
1519 1301 1591 1332 edd.
1614 1307 1649 1331 et

330 1361 554 1393 Gramnmtici.
602 1361 693 1402 Orphi
715 1361 812 1389 Rom.
843 1364 875 1388 et
907 1356 1084 1388 Priscianus
1110 1355 1306 1396 agnoscunt:
1333 1353 1433 1396 Ὀξφὲϊ,
1472 1355 1564 1396 Οςφεῖ.
1604 1353 1647 1383 Et

329 1412 519 1444 Καλλιὸπειοι.
608 1410 663 1451 58.
686 1411 752 1439 Pan
783 1411 876 1446 etiam,
907 1409 978 1438 Arc.
1008 1406 1133 1437 firmata
1163 1405 1202 1436 ab
1240 1403 1373 1435 Heinsio
1397 1403 1543 1434 omnium
1573 1402 1651 1433 libb.

330 1463 440 1499 ledtio,
469 1469 600 1504 excepto
625 1472 689 1492 uno
715 1460 866 1501 Oblongo
893 1458 1011 1489 Pierii:
1037 1457 1070 1488 in
1089 1467 1152 1497 quo
1173 1458 1238 1487 Pan
1260 1458 1332 1492 deus,
1357 1455 1440 1496 quod
1458 1454 1532 1485 hinc
1548 1454 1650 1496 irrep-

330 1515 369 1547 sit
396 1515 429 1545 in
453 1514 523 1545 edd.
551 1512 732 1549 Pulmann„
753 1518 785 1542 et
802 1511 876 1542 hinc
901 1510 934 1542 in
951 1509 1036 1540 alias.
1070 1508 1137 1551 fij.
1154 1514 1242 1538 cantet
1258 1505 1369 1538 Aurel.
1384 1506 1472 1537 Vicst.
1495 1505 1535 1537 de
1558 1506 1649 1548 Orig.
1694 1516 1695 1519 ¹

331 1573 419 1610 gent.
433 1567 495 1596 Ro.
512 1574 546 1604 5,
566 1563 732 1595 memoriae
746 1562 836 1594 vitio.

333 1694 465 1733 magna
500 1680 561 1718 illa
596 1691 713 1716 rerum
743 1674 959 1714 inversione.

332 1734 391 1771 Ita
408 1739 533 1770 natatio
563 1731 676 1768 mundi
706 1727 821 1766 futuri
840 1728 961 1764 laetum

334 1800 376 1822 ae
397 1785 549 1822 faustum
579 1782 717 1832 signum
743 1779 961 1816 habendum.

334 1834 656 1889 Qemadmodum
691 1832 729 1869 in
774 1830 834 1867 dei
875 1843 963 1880 prae-

335 1888 449 1926 sentia
467 1897 559 1924 terra
586 1883 723 1922 moveri
750 1896 790 1919 ae
823 1891 965 1919 contre-

336 1940 485 1978 miscere
515 1947 550 1976 et
589 1935 685 1986 quasi
719 1934 879 1971 exultare
923 1945 964 1969 ac

336 1989 538 2042 tripudiare
554 1988 665 2025 solet:
695 1986 792 2036 quod
810 1985 901 2022 adeo
918 1985 965 2020 ad

336 2044 445 2081 deum
480 2040 648 2093 agrestem
686 2036 864 2074 Horatius
910 2048 964 2072 re-

339 2094 426 2132 tulit
445 2094 502 2130 III
530 2094 653 2130 Carm.
680 2094 740 2134 18,
763 2102 810 2138 14
828 2089 967 2139 Spargit

338 2149 479 2197 agrestes
496 2145 560 2182 tibi
563 2142 666 2193 stlva
685 2144 841 2193 frondes,
869 2139 966 2175 haud

339 2198 452 2235 dubie
470 2195 678 2235 nutantibus
704 2190 965 2230 cacuminibus.

342 2250 449 2286 Alter
481 2247 609 2286 modus
651 2242 832 2295 jungendi
858 2242 967 2278 verba

341 2302 414 2338 est:
454 2310 494 2337 ut
544 2297 692 2336 unicum
734 2294 968 2345 praedicatum

341 2353 411 2391 fit:
442 2353 570 2402 Aspice,
599 2360 635 2385 ut
662 2348 820 2385 laetenlur
834 2351 966 2382 omnia:

342 2415 378 2442 et
399 2414 438 2441 ut
467 2404 504 2440 in
527 2400 794 2439 enumeratione
810 2396 969 2448 partium

343 2456 500 2494 mundus
533 2461 704 2490 ornetur:
734 2464 877 2488 convexo
907 2463 968 2485 mc-

343 2519 470 2546 tantem
494 2507 635 2555 pondere
663 2504 829 2543 mundum,
867 2501 904 2537 h.
935 2513 968 2537 e.

345 2557 558 2609 simpliciter
589 2554 758 2592 libratum
785 2552 881 2589 mole
910 2550 971 2588 sua

345 2609 542 2660 aequaliter.
597 2606 657 2643 Est
685 2618 768 2642 vero
790 2603 837 2641 fic
856 2616 972 2653 graeca

346 2662 518 2699 struf'tura
533 2673 541 2696 z
556 2659 670 2708 Aspice
685 2657 852 2700 mundum,
866 2665 972 2691 terras

347 2724 435 2757 etc.,
463 2724 500 2749 ut
525 2711 696 2753 laetentur,
724 2720 811 2759 pro:
841 2705 972 2756 aspice,

348 2774 389 2802 ut
403 2764 556 2801 mundus
569 2771 639 2799 etc.
659 2760 783 2798 omnia
795 2761 973 2796 laetentur.

350 2816 398 2853 Et
421 2816 523 2852 vastae
541 2813 665 2863 utique
686 2811 802 2849 cuivis
825 2809 915 2847 moli
934 2822 974 2846 ac

350 2866 503 2920 ponderi
536 2864 649 2905 tribui
676 2864 747 2902 hoc
775 2862 902 2915 potest,
936 2869 977 2899 ut

1028 1684 1147 1712 nutare
1165 1685 1246 1710 cum
1266 1671 1304 1709 vi
1320 1680 1355 1709 et
1373 1671 1528 1711 δεινότητι
1551 1669 1654 1708 dica·

1029 1735 1103 1770 tur,
1132 1734 1171 1762 ut
1188 1725 1233 1761 de
1252 1723 1355 1761 ruina
1369 1733 1488 1761 tamen
1505 1730 1567 1759 aut
1579 1721 1654 1758 dis-

1030 1776 1206 1814 solutione
1267 1775 1370 1812 nihil.
1419 1774 1653 1824 significetur.

1033 1829 1093 1866 Sic
1127 1833 1217 1865 rami
1237 1828 1378 1877 pondere
1407 1836 1542 1865 nutant,
1556 1825 1652 1875 apud

1033 1880 1148 1917 Ovid.
1169 1879 1253 1915 Art.
1272 1879 1325 1922 H,
1344 1881 1433 1926 263.
1487 1878 1567 1916 Nec
1586 1876 1655 1914 ali-

1033 1941 1087 1969 ter
1100 1940 1282 1981 acceperat
1298 1929 1526 1967 Constantini
1539 1928 1657 1965 Inter-

1033 1996 1125 2033 pres.
1144 1996 1180 2020 v.
1200 1981 1350 2019 Excurs.
1370 1981 1414 2018 ad
1433 1981 1526 2018 hanc
1545 1979 1658 2017 Eclo-

1032 2048 1131 2085 garn.
1192 2033 1279 2084 Qo
1298 2033 1415 2070 minus
1432 2034 1525 2070 hanc
1546 2031 1659 2068 inter·

1032 2085 1269 2137 pretationem
1304 2085 1502 2136 praeferam,
1538 2092 1660 2120 movet

1035 2150 1106 2182 me,
1132 2137 1230 2188 quod
1253 2136 1304 2173 ita
1331 2138 1465 2174 mundus
1488 2145 1525 2172 et
1539 2135 1659 2173 caelum

1037 2203 1099 2240 50.
1122 2203 1163 2241 51
1186 2202 1260 2226 non
1278 2187 1368 2225 bene
1397 2186 1554 2226 discerni
1577 2186 1659 2239 pos-

1036 2241 1133 2278 sunt.

1089 2304 1252 2344 53—59.
1273 2291 1306 2327 O
1319 2289 1402 2328 mihi
1416 2301 1485 2328 tam
1499 2306 1513 2335 ,·
1532 2290 1658 2327 adum-

1035 2344 1177 2382 bratum
1195 2343 1242 2381 ad
1261 2342 1412 2379 Hesiodi
1424 2342 1573 2380 dunum
1590 2342 1615 2378 l.
1632 2342 1659 2379 l.

1041 2409 1113 2446 174
1135 2395 1211 2445 sqq.
1275 2393 1330 2431 Sit
1353 2393 1443 2431 mihi
1459 2402 1531 2431 tam
1551 2394 1661 2443 longa

1036 2447 1126 2490 vita,
1154 2459 1306 2496 cumque
1322 2446 1397 2495 ejus
1416 2458 1488 2483 non
1506 2445 1573 2482 nifi
1595 2457 1660 2482 ex-

1037 2509 1151 2536 trema
1165 2511 1243 2549 pars
1257 2511 1297 2534 ea
1311 2508 1471 2547 tempora
1483 2496 1662 2547 attingere

1038 2551 1154 2602 poffit,
1181 2563 1246 2600 pro
1264 2562 1307 2586 eo
1327 2548 1444 2586 dixit:
1460 2549 1568 2607 longae
1577 2559 1665 2598 pars

1038 2602 1158 2640 ultima
1182 2608 1284 2639 vitae.
1341 2602 1496 2651 Spiritus,
1522 2597 1663 2650 ingenii

1038 2654 1094 2691 vis
1118 2652 1294 2704 vigorque
1308 2652 1472 2702 poeticus
1480 2668 1490 2696 3
1519 2660 1554 2689 et
1571 2649 1666 2688 mihi

1040 2706 1081 2743 fit
1107 2715 1240 2749 tantus,
1267 2713 1445 2754 quantum
1467 2703 1542 2752 ejus
1559 2701 1664 2752 spiri-

1042 2767 1097 2793 tus
1126 2756 1178 2794 sat
1193 2756 1261 2793 erit
1279 2756 1324 2792 ad
1342 2755 1436 2792 facia
1452 2763 1514 2791 tua
1539 2753 1665 2790 dicen-

1041 2809 1101 2846 da.
1157 2821 1217 2859 ςς.
1235 2808 1310 2845 Non
1328 2823 1376 2844 me
1393 2823 1421 2844 c.
1464 2806 1586 2842 Tanta
1602 2805 1666 2849 est,

1044 2860 1103 2900 seu
1127 2859 1212 2908 erit,
1238 2860 1383 2911 tamque
1407 2857 1664 2946 magnius-aue

1569 2919 1666 2947 ivma
