1987 3361
132 304 297 360 vrrA
332 304 386 356 Ρ.
421 268 712 355 νῖκοιιῐι
746 301 1077 353 MARONIS.
1151 313 1378 353 cixxm.

62 452 138 479 non
169 439 316 484 debent,
354 437 475 478 Pollio
504 437 664 483 scilicet,
686 437 841 482 Silenus,
873 445 909 474 et
937 437 1079 476 Gallus.
1148 437 1269 474 Prima
1303 435 1377 488 igi-

63 507 126 537 tur
169 499 332 537 continet
367 499 657 550 conquestionem
693 497 892 548 publicam,
936 507 972 534 et
1013 496 1191 547 privatam
1225 508 1379 546 congra-

63 556 276 595 tulationem
307 557 355 594 de
382 571 485 608 agro,
538 566 575 594 et
606 556 744 594 dicitur
783 554 948 605 Tityrus.
1020 555 1184 592 Secunda
1219 565 1379 591 amorem

62 615 182 666 pueri,
206 625 243 652 et
268 614 404 653 dicitur
431 615 573 653 Alexis.
637 613 768 654 Tertia
807 624 988 651 certamen
1020 613 1212 664 pastorum,
1249 622 1284 649 et
1320 612 1379 649 di-

65 674 163 712 citur
209 674 398 713 Palaemon.
486 676 627 727 Qarta
672 673 955 725 genethliacum,
995 682 1032 710 et
1071 672 1207 710 dicitur
1245 671 1381 710 Pollio.

67 733 212 785 Qinta
249 734 490 785 epitaphium,
525 744 561 772 et
601 734 738 772 dicitur
784 733 962 785 Daphnis.
1049 733 1156 771 Sexta
1190 742 1381 786 metamor-

35 831 38 835 ,
61 793 208 844 phofin,
244 804 282 831 et
313 794 452 832 dicitur
482 795 615 838 Varus,
664 803 701 833 et
733 793 886 832 Silenus.
961 793 1122 845 Septima
1158 806 1296 830 amores
1326 791 1383 828 di—

67 854 249 892 versorum
288 854 451 899 sexuum,
492 864 530 893 et
569 855 707 893 dicitur
745 855 934 904 Corydon.
1022 854 1163 891 octava
1212 854 1380 891 Pharma—

68 914 220 958 ceutria,
252 924 289 952 et
316 913 452 952 dicitur
483 913 643 952 Damon.
716 914 828 951 Nona
858 914 1020 952 continet
1061 919 1181 965 poetae
1208 913 1383 963 conques-

67 973 204 1012 tionem
235 974 281 1011 de
315 974 438 1011 amifl'o
469 986 572 1023 agro,
607 982 643 1010 et
675 971 816 1009 dicitur
843 973 1013 1012 Moeris.¹
1056 974 1210 1012 Decima
1245 974 1380 1010 deside·

69 1030 166 1068 rium
197 1030 317 1075 Galli,
360 1043 396 1068 et
430 1033 570 1070 dicitur
599 1032 739 1070 Gallus.
811 1031 922 1083 Qod
957 1033 1003 1069 ad
1040 1035 1204 1071 ordinem
1238 1034 1382 1082 spectat,
1414 1045 1482 1075 102

70 1091 163 1130 illud
191 1091 282 1129 scire
309 1091 493 1137 debemus,
537 1092 577 1129 in
610 1092 725 1143 prima
757 1100 895 1128 tantum
927 1102 962 1129 et
989 1092 1116 1129 ultima
1140 1092 1279 1144 Ecloga
1294 1098 1383 1143 poe'-

69 1158 146 1188 tam
174 1151 321 1189 voluisse
355 1151 520 1189 ordinem
545 1151 705 1195 servare3
744 1150 916 1200 quoniam
947 1151 986 1187 in
1019 1153 1128 1188 altera
1162 1151 1384 1203 principium

71 1210 280 1248 constituit:
308 1220 348 1249 ut
365 1210 403 1248 in
420 1211 618 1262 Georgicis
635 1210 708 1248 ait:
757 1210 873 1261 Tigyre
906 1221 937 1247 te
958 1211 1093 1260 patulae
1118 1217 1220 1248 cecini
1222 1212 1291 1262 sub
1310 1223 1384 1264 teg·

71 1277 160 1308 mine
165 1274 256 1323 fagi
268 1286 282 1308 .·
310 1271 350 1309 in
366 1272 477 1309 altera
491 1271 645 1309 ostendit
662 1272 788 1308 finem:
817 1271 950 1322 quippe
963 1271 1027 1321 qui
1046 1271 1160 1316 dicat,
1188 1273 1386 1312 Extremum

72 1329 240 1382 Arethusa
257 1330 339 1367 mihi
353 1332 481 1368 concede
494 1330 652 1368 laborem.
706 1328 861 1374 Verum,
898 1329 992 1367 inter
1018 1328 1108 1380 ipsas
1128 1329 1296 1381 Eclogas,
1322 1345 1385 1382 pa·

73 1389 236 1427 storalem
270 1389 582 1441 conscriptumque
616 1389 783 1427 ordinem
816 1389 953 1426 nullum
980 1389 1046 1427 effe
1076 1390 1305 1429 certiffimum
1324 1394 1387 1430 est.

77 1450 148 1488 Sed
182 1449 262 1488 sunt
289 1451 354 1501 qui
369 1451 507 1493 dicant,
535 1450 682 1488 initium
701 1449 868 1488 Bucolici
886 1449 1059 1488 carminis
1075 1464 1147 1488 non
1165 1451 1280 1502 ‘Etyre
1297 1452 1386 1498 effe;

75 1510 138 1549 sed
156 1511 274 1549 Prima
291 1512 453 1561 Syracosio
470 1514 614 1564 dignata
632 1514 674 1561 est
690 1511 806 1550 ludere
823 1515 938 1560 vetsu.

129 1569 265 1608 XXV.
309 1569 468 1621 Superest
502 1569 736 1620 explanatio:
791 1569 838 1606 ad
881 1583 989 1619 quam
1038 1579 1225 1622 antequam
1265 1570 1386 1608 venia·
1419 1587 1489 1624 ¹03

78 1641 174 1672 mus,
213 1628 306 1666 illud
337 1628 509 1671 dixerim,
552 1638 660 1666 tenue
689 1628 755 1665 esse
785 1627 999 1666 Bucolicum
1028 1642 1187 1673 carmen,
1218 1638 1254 1666 et
1282 1630 1391 1680 usque

79 1687 171 1725 adeo
197 1687 241 1725 ab
270 1687 417 1725 heroico
455 1687 658 1725 charactere
685 1687 826 1731 distare,
881 1696 921 1724 ut
954 1688 1070 1725 versus
1111 1701 1253 1739 quoqne
1286 1688 1390 1738 hujus

76 1746 249 1784 carminis
278 1746 352 1783 suas
386 1745 557 1797 quasdam
584 1746 731 1784 caesuras
752 1747 919 1791 habeant,
947 1757 983 1784 et
1014 1747 1085 1784 suis
1102 1747 1244 1797 legibus
1264 1748 1390 1786 distin-

80 1814 249 1856 guantur.
320 1804 419 1841 Nam
454 1817 537 1842 cum
565 1804 680 1842 tribus
707 1804 880 1855 probetur
903 1815 1079 1843 metrum:
1117 1806 1265 1851 caesura‚
1292 1807 1390 1845 scan-

82 1865 192 1910 fione,
219 1864 514 1909 modificatione3
552 1878 624 1901 non
658 1864 728 1901 erit
762 1864 956 1902 Bucolicus
988 1865 1120 1911 versuS,
1148 1866 1214 1903 nisi
1246 1867 1285 1904 in
1320 1882 1393 1918 quo

80 1934 120 1960 et
137 1937 197 1975 pes
215 1922 352 1974 primus
379 1933 516 1974 partem
544 1923 718 1961 orationis
736 1923 950 1961 absolverit:
993 1934 1031 1961 et
1059 1924 1185 1962 tertius
1218 1925 1397 1964 trochaeus

83 1975 194 2021 suerit
228 1993 264 2019 et
298 1982 443 2027 caesura,
484 1992 520 2020 et
549 1992 693 2034 quartus
727 1995 787 2033 pes
817 1983 977 2032 dactylus
1005 1983 1120 2034 magis
1149 1997 1256 2034 quam
1290 1984 1396 2036 spon..

83 2042 172 2079 deus
202 2050 339 2092 partem
387 2041 561 2079 orationis
607 2041 869 2086 terminaverit,
924 2041 1072 2092 quintus
1115 2052 1151 2079 et
1185 2044 1302 2081 sextus
1336 2058 1397 2095 pes

85 2113 131 2137 ex
165 2099 317 2151 integris
342 2099 565 2138 dictionibus
598 2100 732 2146 fuerit3
777 2101 877 2150 quod
902 2099 1100 2151 Virgilius,
1139 2114 1160 2138 a
1195 2101 1397 2140 Theocrito

85 2160 174 2211 saepe
207 2159 396 2204 servatum,
437 2158 550 2196 victus
584 2158 703 2210 operis
733 2159 960 2204 difficultate,
1000 2160 1173 2210 neglexit.
1245 2159 1288 2197 In
1322 2161 1397 2198 solo

87 2218 286 2270 principio,
325 2217 504 2256 incertum
532 2217 707 2255 industria
734 2231 779 2255 an
809 2219 906 2264 casu,
950 2218 1011 2255 has
1046 2219 1191 2256 caesuras
1231 2218 1398 2258 servavit.

90 2275 206 2321 Nam,
234 2276 364 2325 ‘Tigyt-e,
407 2276 567 2326 daftylus
601 2285 738 2328 partem
772 2276 947 2314 oxationis
964 2276 1133 2323 absolvit,
1159 2288 1197 2315 tu
1217 2288 1321 2328 patu,
1354 2278 1402 2315 lae

90 2350 178 2379 recu,
219 2334 365 2371 tertium
394 2333 594 2384 dactylum,
634 2335 794 2384 quamvis
828 2335 874 2373 de
903 2335 1100 2385 Compofita
1127 2335 1287 2373 diciione
1314 2348 1402 2373 con-

89 2394 212 2430 clusit:
255 2393 418 2443 banssub
452 2404 618 2444 quartum
651 2394 858 2444 spondaeum
892 2407 958 2445 pro
991 2395 1152 2444 dac‘tylo.
1204 2394 1300 2432 Cum
1318 2394 1403 2431 sub-

88 2451 228 2501 junxit,
274 2456 413 2503 tegmine
434 2457 535 2504 fagi,
579 2452 778 2490 terminatis
812 2453 975 2503 partibus
1007 2452 1185 2491 orationis
1219 2455 1403 2504 integrum

93 2521 239 2546 comma
257 2509 426 2559 perfecit:
472 2511 574 2560 cujus
607 2511 658 2548 rei
688 2511 918 2563 diligentiam
951 2512 1037 2549 licet
1055 2511 1093 2549 in
1114 2512 1307 2550 Theocriti
1323 2525 1403 2549 orn·

97 2567 202 2604 nibus
234 2568 348 2604 ferme
381 2568 534 2607 versibus
563 2569 745 2608 admirari.
830 2570 908 2623 Qi
941 2583 1027 2608 vero
1061 2570 1166 2622 supra
1200 2572 1296 2608 dieta
1329 2570 1405 2610 acri
1438 2580 1508 2617 105

93 2627 236 2677 judicio
270 2626 533 2678 diligenterque
567 2627 813 2674 confiderarit,
857 2629 964 2667 facile
1008 2629 1203 2681 intelliget,
1254 2643 1334 2680 quae
1368 2631 1408 2668 in

99 2685 295 2736 Georgicis
328 2686 482 2724 intentio
517 2686 651 2738 quique
690 2687 769 2726 finis
803 2688 928 2732 fuerit,
970 2701 1034 2726 nec
1072 2689 1189 2726 minus
1223 2689 1334 2726 etiam
1368 2688 1411 2727 in

1423 1830 1496 1869 104

1429 2179 1498 2219 105

143 2804 170 2846 ξ.
196 2816 263 2842 104.
302 2820 352 2836 non
381 2809 433 2837 erit
462 2807 589 2837 bur-olicus
617 2809 724 2848 ψυχὴ,
784 2809 912 2840 versum
948 2808 1128 2841 bucolicum
1165 2810 1338 2852 appellant,
1377 2807 1410 2840 in

99 2849 157 2891 nffl.
195 2851 405 2881 Grammatici
416 2850 592 2881 subtilitas?
637 2852 722 2882 Cum
785 2863 849 2893 quo
865 2852 932 2894 post
955 2854 1071 2897 pedem
1086 2854 1218 2887 tertium
1235 2854 1347 2886 caesura
1363 2854 1411 2883 in·

99 2892 139 2923 de
183 2892 298 2923 caesura
345 2902 446 2935 agunt
501 2895 725 2933 Grammatici,
786 2895 873 2927 cidit„

1295 2939 1321 2981 §-
1343 2947 1410 2981 107.
