1987 3361
301 298 402 347 DE
449 266 819 346 GARMINE
862 291 1281 341 BUCOLICO.
1414 302 1442 355 »γ

138 431 261 479 forte
293 430 439 476 etiam
481 427 641 475 casum
682 423 1061 481 memorabilem,
1096 436 1148 471 ut
1178 425 1301 471 inter
1328 424 1442 471 tales

137 513 369 568 homines,
402 519 479 557 aut
525 512 653 557 eliam
691 507 946 554 attributum
988 507 1158 568 aliquod
1192 516 1235 553 et
1277 507 1444 552 colorem

136 596 229 657 ejus
272 595 392 650 vitae,
429 591 504 639 sed
524 591 652 652 facJO
692 589 849 650 aliquo
891 587 1170 650 expressum,
1204 601 1299 650 quo
1332 585 1446 633 isto-

136 693 243 722 rum
269 676 520 722 hominum
543 672 708 728 studia,
738 671 907 728 officia,
937 671 1153 726 rationes,
1173 670 1446 716 affectiones

137 757 494 813 declararentur,
538 772 622 818 per
666 755 900 801 sermones
953 751 1149 799 istorum
1191 746 1446 799 hominum

137 840 262 887 inter
299 839 345 886 se
384 837 811 893 confabulantium,
844 838 908 882 ita
945 833 1205 890 exhiberet,
1231 843 1278 880 ut
1314 834 1450 880 animi

137 926 396 971 audientium
435 922 631 986 jucunda
668 937 806 968 rerum
859 920 1039 980 imagine
1086 928 1130 964 et
1170 920 1276 966 vitae
1330 919 1449 979 zstius

131 1018 263 1072 grata
267 1008 415 1071 specie
421 1007 529 1068 frui
554 1006 808 1052 viderentur
826 1006 868 1051 ἥρ.
945 1003 1066 1066 Capi
1087 1015 1247 1050 autem
1280 1015 1327 1050 et
1361 1004 1448 1051 de-

141 1090 337 1138 mulceri
361 1090 457 1136 istis
479 1087 801 1136 delinimentis
826 1085 975 1132 animi
1000 1101 1097 1131 non
1119 1085 1325 1148 possunt,
1359 1086 1448 1133 nifi

139 1177 200 1224 ab
241 1175 436 1223 urbanae
480 1173 592 1219 vitae
629 1171 754 1218 curis
797 1186 851 1217 ac
899 1168 1124 1215 molestiis
1169 1171 1352 1216 avocati
1397 1172 1448 1217 in

138 1257 263 1321 agris
287 1255 506 1317 filvisque
528 1254 649 1300 inter
670 1268 838 1316 greges
866 1263 914 1298 et
950 1261 1164 1296 armenta
1195 1263 1241 1297 et
1263 1254 1450 1315 pecoris

140 1339 387 1403 magistros
423 1337 594 1384 versari
641 1331 939 1391 videbuntur,
974 1346 1117 1397 atque
1152 1336 1201 1381 id
1231 1336 1453 1381 curabitur

140 1438 167 1470 a
201 1421 356 1486 poeta,
380 1433 429 1469 ut
470 1438 520 1468 ne
554 1422 658 1485 quid
672 1422 832 1482 stibeczt
868 1421 1043 1476 animos,
1077 1420 1185 1481 quod
1212 1419 1450 1480 molqstiam,

141 1509 400 1563 tenuitatem,
434 1522 484 1551 ac
496 1506 647 1566 sordes
679 1505 796 1566 istius
832 1507 939 1550 vitae
980 1505 1024 1549 in
1059 1505 1293 1549 77287720riam
1325 1519 1450 1549 revo-

142 1602 219 1647 cet,
245 1591 454 1653 adeoque
478 1589 793 1637 suaviffimam
819 1590 951 1635 illam
980 1587 1227 1634 oculorum
1251 1587 1452 1634 fascina..

141 1675 321 1720 tionem
345 1673 520 1727 solvat3
557 1689 650 1736 qua
672 1672 770 1736 ipsa
791 1671 851 1718 de
874 1670 1025 1718 caussa
1066 1670 1243 1717 factum
1284 1670 1364 1727 est,
1398 1682 1451 1716 ut

141 1758 360 1819 pastoritia
391 1756 566 1819 potius,
601 1771 748 1817 quam
786 1754 985 1800 omnino
1023 1752 1194 1799 rustica
1226 1752 1336 1808 vita,
1371 1763 1451 1798 aut

141 1851 380 1886 aratorum
417 1849 464 1884 et
504 1854 620 1900 opus
661 1837 890 1883 rusticum
922 1835 1202 1882 facientium
1238 1833 1451 1880 conditio

140 1921 190 1966 in
231 1921 319 1967 hoc
344 1920 553 1966 carmine
594 1919 907 1975 exhiberetur,
944 1935 1056 1965 cum
1107 1918 1209 1964 haec
1255 1917 1453 1980 quidem

141 2003 302 2065 paullo
324 2002 430 2064 plus
460 2000 729 2047 offensionis
767 2000 977 2056 haberet,
1011 2015 1096 2045 nec
1134 1998 1271 2045 facile
1301 2015 1352 2044 ea
1383 1998 1453 2044 la·-

142 2085 314 2131 borum
358 2083 517 2140 taedi0‚
569 2095 615 2129 et
658 2083 809 2129 attriti
846 2082 1059 2144 corporis
1110 2081 1452 2144 defatigatione

142 2167 434 2227 omninoque
467 2163 691 2209 aerumnis
717 2162 824 2218 suiS,
857 2161 1012 2224 poe'tae
1050 2174 1148 2207 arte
1185 2176 1230 2207 et
1260 2161 1453 2224 ingenio

141 2247 329 2296 liberari
352 2244 517 2308 poffet.
588 2244 680 2291 Sed
706 2242 807 2290 haec
833 2261 858 2290 a
884 2244 1046 2290 multis
1072 2243 1177 2289 satis
1200 2244 1454 2306 diligenter

142 2331 247 2379 sunt
270 2341 508 2392 praecepta
539 2340 584 2375 et
609 2328 667 2375 ad
695 2328 853 2390 prima
873 2326 1009 2390 hujus
1033 2327 1221 2390 generis
1244 2326 1453 2373 elemen-

142 2426 190 2460 ta
219 2411 451 2475 pertinere
474 2409 684 2473 putanda
707 2409 827 2456 sunt.
898 2409 1066 2471 Itaque

195 2562 219 2583 ἢ
249 2561 441 2612 Appellare
468 2559 554 2597 licet
585 2559 678 2596 hanc
711 2572 767 2596 ar·
831 2574 914 2597 cum
946 2573 1012 2611 pro
1040 2560 1212 2598 dramatis
1241 2574 1370 2612 genere
1391 2560 1455 2598 ha—

143 2625 354 2666 gumentum
385 2612 560 2649 tractandi
590 2610 766 2648 rationem
832 2612 924 2655 bai,
953 2624 1012 2649 aut
1032 2612 1116 2649 inde
1135 2614 1279 2649 ductum
1296 2614 1375 2655 effe,
1394 2621 1456 2649 aut

143 2668 379 2707 dramaticmm
398 2663 568 2713 quoniam
584 2663 682 2700 aliud
703 2676 766 2699 no-
831 2677 914 2700 cum
946 2664 1067 2700 Mimo
1099 2664 1307 2714 Sophronis,
1343 2664 1457 2700 multo

145 2731 241 2762 men,
261 2717 355 2766 quod
377 2716 490 2765 magis
514 2713 766 2751 accommoda-
831 2715 949 2752 minus
968 2729 1048 2752 cum
1065 2715 1195 2751 Mimis
1212 2716 1456 2752 Romanorum

146 2779 222 2805 tum
254 2768 309 2812 fit,
338 2781 409 2804 non
447 2766 626 2803 habemus.
684 2766 765 2803 Nec
830 2768 1125 2820 comparandum,
1141 2767 1256 2805 videri
1278 2770 1403 2822 poteri.

145 2830 265 2864 tamen
296 2820 351 2857 vel
384 2819 434 2858 lic
458 2831 601 2855 carmen
625 2817 766 2856 bucoli-

1409 2901 1460 2938 Et
