1821 3381
335 251 873 307 GEORGlcoN,
927 250 1079 300 ΜΒ.
1131 251 1226 299 111.
1362 268 1457 320 443

142 390 406 452 Litoraque
435 387 667 447 alcyonen
691 381 923 446 resonant,
945 381 1243 430 acalanthida
1265 384 1421 439 dumi.

138 480 277 546 Qid
299 477 389 525 tibi
412 477 615 540 pastores
644 476 827 538 Libyae,
851 475 968 538 quid
991 474 1162 545 pascua
1196 478 1329 525 versu

139 571 409 634 Prosequar,
432 581 479 615 et
502 569 616 618 raris
641 567 852 617 habitata
877 567 1082 630 mapalia
1109 567 1246 614 tecstis
1267 567 1285 614 ?
1361 583 1459 630 340

139 664 277 727 Saepe
292 662 421 716 diem
439 661 734 722 nostemque,
746 669 791 705 et
803 670 960 705 totum
978 674 1035 704 ex
1052 659 1219 705 ordine
1234 659 1458 725 mensem,

138 754 351 804 Pascitur
373 755 504 816 itque
526 768 671 816 pecus
694 752 835 815 longa
859 751 907 797 in
931 749 1109 797 deserta
1132 750 1229 800 fine
1250 752 1362 799 ullis

138 843 411 908 Hospitiis:
444 855 632 890 tantum
654 841 982 907 calnpijacet.
1051 841 1230 888 Omnia
1251 841 1416 892 secum

183 1000 202 1031 3
206 991 259 1031 38.
282 993 415 1034 alcyonem
433 993 518 1034 Reg.
563 993 681 1033 rgfhnent
693 991 775 1023 aher
790 991 947 1023 Rottend.
989 993 1164 1024 acalanthida
1179 999 1290 1024 tuetur
1303 990 1462 1027 librorum

137 1043 226 1084 §apud
252 1043 410 1080 Pierium‚
445 1043 572 1082 Heins.‚
597 1043 741 1081 Martiu.,
775 1043 961 1081 constantia,
982 1054 1177 1085 quamquam
1204 1043 1334 1076 diversis
1359 1043 1466 1074 modis

134 1094 326 1134 achaiantida,
347 1096 532 1131 athalantida,
566 1095 749 1131 acalanthida,
781 1094 913 1125 tandem
944 1095 1101 1133 albamarla,
1139 1094 1203 1126 fine
1233 1101 1269 1132 et,
1305 1094 1464 1126 scribitur.

135 1147 294 1176 acalantida
310 1145 429 1188 fragm.
446 1146 551 1178 Vatic.
597 1152 622 1176 et
636 1147 782 1176 acanthida
807 1145 879 1176 edd.
902 1154 975 1177 ante
1001 1147 1122 1185 Heinfi,
1144 1146 1242 1178 etiam
1257 1155 1392 1185 veteres,
1412 1146 1465 1178 in-

136 1195 259 1228 sederat
273 1209 281 1235 ;
304 1208 362 1238 pro
379 1209 442 1239 quo
458 1197 580 1228 laudari
607 1197 710 1238 potest
742 1197 894 1239 Calpurn.
923 1199 982 1236 m,
1006 1209 1024 1238 7
1041 1206 1071 1229 ut
1085 1202 1180 1229 vincat
1194 1200 1340 1229 acanthida
1354 1201 1463 1230 cornix.

138 1247 262 1278 Contra
278 1247 441 1279 Paullinus
454 1258 462 1279 ε
488 1247 544 1278 Nec
557 1248 608 1291 “fi
622 1260 687 1278 vere
702 1260 770 1278 novo
781 1248 902 1288 resonant
917 1250 1094 1280 acalanthida
1106 1251 1190 1280 dumi.
1225 1249 1381 1281 Similiter
1395 1259 1462 1282 non

137 1298 236 1340 modo
252 1299 382 1338 ἀκανθὶς,
405 1310 519 1331 verum
535 1306 567 1330 et
582 1299 746 1333 ἀκαλανθὶς
766 1300 916 1330 occurrit.
932 1299 996 1332 vid.
1016 1300 1069 1333 hic
1106 1300 1216 1335 Heins.

1309 1301 1467 1345 339·p‹1s÷

137 1352 205 1379 toris
221 1350 318 1382 Leid.
360 1354 441 1393 verfiz
459 1351 558 1382 Goth.
585 1362 648 1393 pr.,
671 1350 757 1392 quasi
779 1351 910 1382 subinde
927 1352 1047 1383 mutari
1062 1351 1165 1383 solita.
1213 1353 1274 1384 Sed
1299 1352 1403 1385 verius
1423 1352 1464 1384 li-

137 1399 236 1431 brarii
267 1400 310 1431 est
331 1400 521 1432 ludibrium.

613 1411 686 1440 340.
713 1402 870 1443 Petfiquar
898 1401 1028 1433 Zulich.

1086 1404 1231 1445 mappalia
1264 1401 1348 1435 male
1386 1402 1463 1441 alibi

137 1451 296 1487 scribitur.
315 1451 381 1483 vid.
398 1452 673 1494 Bu¹‘m·——343-
694 1460 804 1495 campus
820 1463 903 1484 unus
916 1452 1075 1486 Arundel.
1095 1461 1128 1486 et
1143 1464 1226 1487 unns
1241 1453 1353 1498 Mead.

136 1588 211 1623 am.
266 1575 433 1622 rorssuam
462 1573 595 1610 Lunam
623 1572 661 1609 in
693 1571 769 1608 Ca·
831 1571 1049 1611 trionalibus
1089 1575 1205 1626 plagis
1244 1575 1382 1621 semper
1422 1575 1463 1615 in

138 1625 273 1664 taleffis
285 1625 445 1661 invenias
458 1637 540 1674 pag.
560 1636 578 1660 2
586 1637 647 1673 39.
664 1623 767 1660 Con-

137 1687 194 1716 tra
218 1676 392 1714 fideribus
418 1675 592 1713 tribuitur
615 1676 661 1712 ab
690 1675 770 1712 aliis

139 1730 272 1767 Humor
301 1727 373 1771 ille,
400 1743 493 1779 quem
514 1731 643 1776 serenis
676 1729 769 1773 astra

137 1791 255 1822 rorant
289 1779 436 1817 missibus
466 1777 639 1827 Pervigil.
672 1777 768 1816 Ven.

139 1845 203 1870 20.
257 1830 311 1868 Ea
341 1830 417 1881 ipsa
444 1830 489 1867 de
521 1843 599 1867 rore
622 1838 658 1866 et
684 1842 772 1866 noc-

137 1893 246 1920 turno
273 1883 424 1919 humore
451 1880 653 1918 observatio
684 1880 772 1918 fecit

139 1934 236 1972 haud
264 1934 390 1976 dubie,
420 1942 460 1969 ut
492 1932 633 1969 Lunam
666 1932 770 1970 deam

138 1989 281 2034 γόνιμον,
308 1986 440 2022 almam
459 1997 576 2021 rerum
603 1994 771 2027 matrem,

136 2038 337 2084 crederent.
356 2038 487 2074 Lillora
501 2039 648 2085 resonant
664 2036 770 2082 alcyo-

137 2106 216 2134 nm,
243 2090 280 2126 h.
301 2089 469 2138 alcyones
494 2096 654 2124 cantum.
683 2088 773 2125 Aca-

138 2140 263 2180 lanthis
283 2154 347 2190 pro
365 2139 492 2177 eadem
514 2139 667 2175 habetur
685 2152 770 2176 cum

138 2192 334 2237 acanthide‚
375 2191 432 2229 seu
463 2190 627 2243 cardueli,
667 2190 770 2228 Gold-

127 2245 220 2296 fink.

195 2309 268 2346 339
299 2294 351 2346 sq.
382 2293 427 2330 In
454 2293 564 2330 saltus
591 2304 625 2330 et
644 2292 771 2343 pascua

139 2346 345 2385 educendos
363 2347 429 2383 effe
446 2358 574 2396 greges
591 2345 732 2382 dixerat
750 2358 770 2382 a

140 2413 177 2436 v.
210 2411 297 2448 322.
354 2399 454 2435 Dum
482 2402 591 2447 po'eta
613 2396 773 2446 undique

141 2461 308 2488 ornatum
328 2448 483 2488 carmini
499 2459 535 2485 et
553 2448 709 2499 gratiam
727 2460 772 2484 ex

142 2502 312 2538 varietate
346 2499 492 2551 quaerit‚
521 2510 560 2536 ut
595 2500 639 2536 ad
679 2500 772 2536 hane

141 2552 396 2603 pascendarum
425 2552 550 2589 ovium
569 2564 692 2588 curam
710 2563 773 2587 ex-

139 2605 261 2654 ,emplo
280 2602 441 2648 invitet]
453 2603 628 2639 Afrorum
648 2614 772 2639 noma-

141 2651 231 2694 dum
248 2667 384 2693 morem
413 2664 602 2698 memorat,
629 2653 693 2703 qui
711 2667 774 2703 per

143 2717 257 2745 totam
276 2708 430 2744 aestatem
445 2719 552 2757 pecus
571 2705 610 2742 in
629 2705 776 2744 saltibus

143 2759 299 2809 habenn
328 2767 363 2796 at
395 2767 522 2798 contra
554 2757 592 2795 in
628 2755 776 2809 septem-

834 1625 976 1662 stabulis
995 1639 1100 1675 pecus
1120 1627 1340 1664 continetur.
1385 1627 1465 1664 Cae-

834 1686 951 1714 terum
980 1677 1080 1714 locus
1126 1677 1174 1714 est
1205 1689 1252 1714 ex
1292 1677 1465 1715 nobiliffi-

836 1741 919 1765 mis.

837 1792 1005 1869 Hgtiss'ro
1013 1779 1395 1881 Lffilfflusbffi
1415 1779 1464 1878 ai}

838 1885 900 1933 85.
957 1895 1044 1932 340.
1078 1881 1245 1932 mapalia,
1290 1883 1378 1921 casae
1403 1883 1464 1922 seu

834 1934 982 1983 tuguria
1015 1933 1138 1972 cannis
1174 1934 1342 1972 ferulisve
1377 1947 1464 1973 con—

836 1984 929 2022 fefla
955 1985 994 2023 in
1023 1985 1109 2023 coni
1127 1996 1188 2023 aut
1206 1986 1321 2031 furni,
1349 1997 1411 2023 aut
1426 1987 1466 2025 in

834 2036 967 2074 carinae
998 2037 1167 2089 speciem,
1195 2047 1236 2075 ut
1261 2037 1358 2088 apud
1389 2039 1468 2076 Sal-

835 2088 914 2126 lust.
934 2087 1022 2139 Jug.
1059 2103 1122 2134 21,
1149 2089 1207 2126 seu
1226 2089 1367 2139 sparsim
1387 2088 1465 2129 solo

836 2140 909 2176 fixa
950 2140 1009 2178 seu
1045 2140 1206 2191 plaustris
1239 2140 1467 2180 circumferri

837 2191 957 2236 solita,
986 2202 1026 2230 ut
1042 2206 1100 2243 ap.
1122 2192 1216 2231 Plin.
1237 2191 1290 2236 V,
1320 2205 1357 2242 3.
1411 2195 1466 2232 At

836 2243 874 2280 h.
906 2245 931 2281 1.
965 2244 1063 2293 prius
1087 2244 1208 2281 locum
1226 2243 1355 2289 habet3
1383 2257 1466 2284 nam

836 2295 917 2332 sunt
935 2295 1088 2345 mapalia
1106 2302 1194 2333 raris
1213 2301 1318 2340 testis,
1337 2295 1373 2333 h.
1393 2309 1469 2334 ma·

836 2347 931 2396 palia
965 2360 1061 2392 rara,
1101 2346 1216 2397 sparsa
1248 2347 1368 2398 paffim
1404 2361 1468 2398 per

837 2411 958 2447 agr08‚
985 2412 1057 2436 non
1093 2397 1132 2435 in
1166 2398 1266 2436 vicos
1296 2399 1461 2438 coneda.

840 2449 948 2487 Silius
965 2451 1106 2500 dispersa
1135 2450 1288 2500 mapalia
1305 2450 1404 2488 dixit
1421 2464 1466 2489 ex

839 2501 909 2542 hoc
937 2501 1014 2550 ipso
1044 2503 1127 2539 loco
1153 2501 1218 2539 lib.
1240 2500 1374 2546 XVII,
1402 2515 1466 2552 90.

838 2553 888 2590 cf.
909 2553 978 2590 inf.
1007 2553 1053 2590 ad
1071 2552 1157 2592 AEn.
1178 2552 1212 2598 I,
1237 2565 1326 2602 420.
1354 2554 1467 2604 Apud

841 2603 981 2643 Lucan.
1012 2604 1086 2648 IV,
1115 2608 1191 2653 684
1221 2603 1302 2642 sunt
1332 2620 1467 2649 vacua,

839 2656 878 2694 h.
897 2669 1011 2694 vacuo
1025 2665 1060 2694 et
1071 2655 1209 2694 deserto
1226 2655 1264 2692 in
1282 2655 1366 2693 loco
1383 2655 1466 2695 fixa.

842 2721 932 2757 343.
952 2709 1091 2758 Heflita
1108 2707 1255 2758 pulchre
1283 2717 1390 2744 certae
1416 2707 1466 2744 se-

841 2760 904 2797 des
920 2772 962 2807 ac
982 2760 1126 2804 domus,
1143 2772 1216 2809 quo
1231 2758 1263 2795 se
1278 2756 1468 2808 recipiant.

1278 2821 1367 2861 344·
1396 2809 1468 2848 10-
