1821 3381
332 352 430 404 290

526 338 580 386 P.
631 330 1016 385 VIRGILII
1074 326 1484 380 MARONIS

336 474 529 524 Scilicet
553 485 597 518 et
622 484 809 532 tempus
833 467 1004 523 veniet,
1029 482 1179 530 quum
1204 465 1378 513 finibus
1408 463 1502 513 illis

339 566 583 631 Agricola,
611 564 807 609 incurvo·
830 572 1001 606 terram
1028 559 1221 604 molitus
1247 569 1416 614 aratro,

341 657 495 707 Exesa
520 654 727 703 inveniet
754 651 913 699 scabra
944 650 1162 714 robigine
1192 650 1304 713 pila,

1565 655 1658 710 495

343 752 446 798 Aut
467 748 690 812 gravibus
716 745 870 805 rastri-s
891 744 1047 808 galeas
1076 742 1280 806 pulsabit
1308 741 1476 799 inanis,

345 840 653 904 Grandiaque
676 837 843 885 effoffis
867 835 1121 905 mirabitur
1146 834 1239 881 ossa
1262 833 1504 896 sepulcris.

346 935 413 984 Di
437 935 579 999 patrii
605 934 861 997 Indigetes,
888 944 935 979 et
962 930 1184 986 Romule,
1214 927 1446 990 Vestaque
1470 937 1638 984 mater,

347 1027 474 1092 Qae
493 1025 707 1073 Tuscum
734 1023 953 1071 Tiberim
973 1033 1020 1069 et
1045 1021 1263 1068 Romana
1278 1018 1457 1066 Palatia
1479 1017 1651 1077 servas,

393 1170 470 1206 493.
493 1164 594 1204 {empus
610 1161 699 1191 veniet
721 1166 747 1191 et
767 1158 824 1190 illis
828 1157 948 1202 finibus,
963 1169 1046 1199 quum
1060 1155 1214 1199 jungebat
1229 1153 1495 1197 interpretatione
1511 1151 1671 1184 Reiikius.

349 1213 444 1246 Alius
469 1212 552 1244 forte
579 1211 674 1244 simili
703 1210 851 1242 acumine
874 1209 989 1251 Jungat
1017 1210 1123 1239 Scilicet
1147 1213 1181 1242 d,
1210 1213 1314 1249 tempus
1337 1207 1426 1236 veniet
1448 1217 1543 1246 quum,
1553 1205 1675 1245 f.--—-

353 1274 429 1306 494.
453 1271 531 1294 terra
548 1263 598 1293 ed.
615 1263 705 1304 Junt.
751 1268 832 1291 terrae
848 1261 1003 1291 Venetus.

351 1326 400 1358 pr.

352 1428 379 1452 et
394 1418 479 1451 abest
497 1429 515 1449 a
532 1419 671 1449 Veneto.

355 1543 546 1578 manorum
561 1529 600 1568 in
612 1527 741 1566 finibus
757 1524 988 1565 Macedoniae

357 1584 452 1624 fieri.

411 1648 502 1686 493.
533 1631 706 1683 Expreffit
738 1639 774 1668 et
803 1630 880 1666 haec
906 1629 989 1667 loco

357 1688 434 1739 sup.
444 1686 606 1728 laudato,
616 1682 749 1722 Manil.
759 1682 884 1733 1908.
901 1693 991 1730 909.

360 1741 505 1780 Natum
522 1734 734 1788 phantasma
757 1747 803 1770 ex
826 1732 992 1783 vulgari:

359 1792 489 1830 offibus
528 1788 701 1826 caesorum
745 1786 993 1823 Romanorum

363 1856 470 1894 agros
488 1841 682 1879 constratos
700 1838 780 1875 esse.
832 1849 923 1886 494.
957 1836 994 1871 A

363 1895 512 1933 Lueret.
549 1892 603 1934 V,
629 1903 652 1940 9
659 1902 703 1939 32
728 1894 828 1941 fi’rro
853 1886 999 1925 molirier

364 1963 477 1985 arva.
514 1944 603 1994 496.
627 1949 741 1978 inanes
758 1939 915 1978 otiosum
932 1952 996 1989 ga-

365 2000 502 2037 learum
520 1995 728 2047 epitheton:
755 2004 838 2030 cum
851 1990 1001 2042 pulsabit

368 2049 580 2100 adjunRum
595 2045 637 2082 sit
649 2060 660 2089 3>
678 2044 766 2082 alias
780 2056 883 2080 cavas
900 2053 934 2078 et
953 2041 999 2079 ab

367 2102 659 2148 effectu-sonantes
682 2095 827 2133 dicunt.
881 2094 1001 2131 Locus

370 2167 393 2191 a
427 2152 551 2190 multis
594 2148 788 2198 expressus,
831 2144 1002 2196 inprimis

371 2203 583 2242 Claudiano
622 2199 722 2237 XXI
771 2198 832 2247 (cle
884 2196 1002 2234 Laud.

373 2256 494 2294 stilic.
537 2254 589 2301 I),
646 2264 860 2300 134—137.
914 2261 1005 2299 497.

374 2309 534 2345 Grandia
551 2307 615 2355 ffl
632 2303 679 2340 ad
702 2314 932 2355 communem
959 2301 1006 2337 de

373 2359 480 2397 vastis
509 2356 711 2408 priscorum
747 2353 938 2390 hominum
972 2361 1008 2389 et

373 2412 527 2450 heroum
555 2405 768 2456 corporibus
798 2404 1008 2456 opinionem

376 2462 548 2515 praeclare
557 2458 677 2502 dixit;
693 2455 795 2493 conf.
812 2457 896 2494 AEn.
912 2455 1011 2500 XII,

381 2517 473 2566 899.
503 2525 594 2563 900-
645 2510 742 2546 Cum
770 2509 809 2546 in
828 2508 900 2545 istis
917 2520 1007 2558 prae-

377 2566 441 2606 liis
481 2560 659 2601 fortiffimi
713 2559 875 2597 homines
912 2558 1008 2596 ceci-

379 2618 527 2661 diffent,
569 2611 768 2665 posteritaS,
813 2625 893 2662 quae
928 2623 1010 2648 cor-

383 2679 492 2720 rupto
516 2667 601 2704 huic
624 2674 661 2701 et
677 2663 862 2714 decrepito
879 2662 1010 2700 saeculo

380 2720 579 2759 successura
590 2718 653 2759 est,
671 2715 798 2752 eodem
817 2714 928 2752 modo
947 2714 1012 2751 ho-

384 2786 467 2811 rum
500 2772 567 2807 offa
611 2767 818 2810 mirabitur,
872 2775 913 2802 ut
948 2779 1013 2802 nos

384 2822 586 2875 priscorum
615 2819 817 2857 hominum.
873 2816 1014 2854 Debuit

386 2886 507 2912 antem
526 2873 612 2915 hoc,
635 2871 710 2920 jam
728 2869 895 2907 Maronis
925 2879 1014 2905 tem-

387 2925 557 2979 poribuS,
582 2924 672 2974 saepe
713 2921 938 2974 contingere,
975 2930 1017 2960 ut

1095 1268 1135 1300 49
1138 1267 1170 1297 5.
1216 1259 1339 1287 inveniat
1354 1254 1509 1286 Rottend.
1520 1254 1579 1284 sec.
1596 1264 1613 1284 a
1629 1263 1674 1283 m.

488 1314 565 1355 498-
591 1316 634 1344 Di
648 1315 752 1356 patrii,
773 1314 918 1354 Dtdlgetes,
949 1309 1101 1351 distingui
1126 1308 1239 1351 potest..
1267 1318 1299 1338 v.
1326 1308 1405 1337 Not.
1460 1307 1598 1347 Indigcnae
1625 1304 1681 1337 ed.

351 1370 435 1399 Ven.
481 1369 524 1397 Di
529 1368 635 1408 patr-122
647 1364 796 1397 Heinsius
811 1363 958 1396 maluisse.
971 1363 1086 1395 fertur.

1175 1370 1250 1402 499.
1279 1361 1343 1404 ρῳ·
1358 1358 1440 1402 frag.
1453 1356 1679 1390 Moret.v0ss.

1054 1533 1149 1562 terra
1176 1531 1278 1561 eruta
1303 1531 1457 1560 aratores
1484 1521 1523 1559 in
1552 1530 1684 1572 magna

1052 1577 1125 1614 offa
1163 1575 1291 1612 foffilia
1333 1574 1557 1612 inciderent:
1587 1587 1686 1623 quae,

1053 1641 1139 1665 cum
1156 1626 1356 1663 belluarum
1373 1639 1417 1663 ex
1442 1625 1566 1676 priscis
1579 1626 1685 1662 tellu-

1056 1680 1105 1717 ris
1124 1677 1237 1716 ruinis
1253 1679 1386 1722 effent,.
1401 1679 1445 1714 ad
1465 1677 1600 1728 priscos
1629 1686 1684 1713 ta-

1056 1744 1138 1769 men
1154 1729 1317 1767 homines
1336 1743 1378 1766 ae
1395 1729 1559 1780 gigantes
1576 1727 1685 1766 refer*-

1056 1792 1190 1820 rentur.
1246 1781 1414 1818 Debuere
1431 1792 1590 1831 quoqne,
1607 1780 1685 1830 post

1057 1844 1158 1871 tanta
1187 1833 1304 1870 Italiae
1332 1832 1441 1877 bella,
1473 1831 1564 1883 saepe
1592 1831 1689 1882 agris

1058 1886 1170 1924 motis
1190 1886 1229 1923 in
1254 1886 1336 1922 loca
1354 1897 1557 1935 pugnarum
1575 1882 1686 1920 faeia-

1060 1951 1138 1976 rum
1165 1937 1327 1974 incidere
1358 1935 1522 1973 homines
1553 1943 1589 1971 et
1619 1935 1694 1972 offa

1059 2003 1144 2027 cum
1161 1989 1269 2026 armis
1287 1988 1466 2038 permixta
1483 1985 1649 2036 reperire.

1115 2045 1205 2092 498.
1225 2041 1291 2076 Dii
1298 2047 1410 2090 patrii
1418 2050 1453 2076 et
1467 2040 1632 2095 Indzgetes
1645 2038 1692 2075 ab

1062 2092 1142 2130 aliis
1169 2105 1235 2142 pro
1264 2091 1409 2134 iisdem,
1437 2090 1482 2127 ab
1514 2090 1594 2126 aliis
1625 2098 1695 2140 pro*

1062 2144 1206 2181 diverfis
1216 2143 1407 2180 habentur.
1425 2142 1503 2179 vid..
1516 2141 1696 2185 Cerdam,

1064 2196 1235 2238 Ruaeum,
1275 2194 1478 2232 Martinam
1513 2203 1549 2230 et
1594 2193 1695 2230 The-

1063 2247 1156 2284 saur.
1177 2247 1223 2284 L.
1255 2247 1300 2285 L.
1357 2246 1439 2283 Nec
1456 2245 1694 2289 mirumhoc,

1064 2312 1131 2350 pro
1162 2299 1262 2336 varia
1287 2297 1475 2336 nominum
1502 2306 1700 2346 rerumque·

1066 2351 1289 2401 acceptione.
1319 2399 1321 2401 ,
1361 2349 1490 2399 Itaque
1535 2347 1575 2384 in
1622 2347 1694 2386 hoc

1067 2403 1182 2440 otium
1225 2401 1433 2440 consumere
1475 2399 1604 2437 nolim.
1658 2400 1696 2436 A

1067 2454 1187 2505 poetis
1205 2455 1326 2491 minus
1357 2453 1475 2490 severa
1501 2451 1697 2501 diligentia

1068 2506 1107 2543 in
1125 2505 1182 2543 his
1204 2504 1414 2556 requiritur.
1471 2503 1538 2540 Pro
1565 2503 1701 2540 iisdem

1069 2558 1179 2595 habet
1211 2557 1320 2595 etiam
1352 2554 1541 2606 Spencius‚
1568 2563 1604 2591 et
1631 2554 1699 2603 Jo-

1068 2623 1165 2654 vem,
1193 2609 1389 2659 Junonem,
1416 2619 1456 2643 ac
1490 2605 1703 2644 Minervam

1070 2660 1246 2711 designari
1260 2668 1363 2710 putat
1376 2658 1551 2708 Polymet.
1565 2671 1600 2708 p.
1610 2669 1629 2705 3
1639 2671 1651 2694 1
1663 2671 1702 2709 ς.

1073 2712 1215 2750 Possunt
1232 2722 1352 2748 tamen
1369 2724 1413 2747 ex
1432 2713 1549 2759 po‘etae
1576 2708 1705 2746 animo

1069 2763 1324 2815 distinguenda
1340 2760 1457 2800 videri
1480 2759 1645 2803 numina,
1674 2760 1701 2797 fi

1071 2815 1205 2853 Ovidii
1235 2817 1356 2853 locum
1389 2813 1482 2850 Met.
1502 2811 1597 2855 XV,
1626 2811 1695 2848 861

1071 2867 1165 2919 sqq.,
1208 2866 1272 2917 qui
1308 2866 1394 2908 inde
1427 2863 1603 2913 expressus
1636 2863 1704 2906 est,

1069 2918 1255 2974 respiciasv
1302 2918 1370 2959 Dii
1415 2918 1570 2969 indigetes
1618 2912 1702 2951 sunt

1525 2967 1702 3018 ἐγχώξιθὲνι
