1987 3361
494 258 1118 333 EDITIONIBUS.
1373 299 1459 334 xer

152 426 210 458 tor
225 417 325 456 Obss'.
345 417 383 455 in
401 417 562 454 Voffium
583 416 637 466 (in
656 414 817 453 Giornale
834 416 873 451 de
892 415 1060 451 Letterati
1073 414 1110 451 d’
1128 412 1239 450 Italia
1259 411 1309 451 T.
1325 412 1462 457 XXII,

153 491 192 529 p.
215 478 302 527 366,
330 478 477 514 recotiae
504 476 591 513 hinc
620 475 759 525 adjecto
786 473 939 510 auctoris
970 472 1134 523 Apostoli
1150 471 1246 509 Zeni
1262 472 1408 510 nomine
1426 472 1467 510 in

153 538 387 588 Dgffirtationi
408 536 574 583 Voffi'ane)
587 534 693 571 etiarn
710 532 850 569 Fabric.
870 531 908 567 in
928 530 1102 568 Biblioth.
1119 530 1230 567 medii
1249 530 1330 567 aevi.
1349 530 1470 567 Acce·

155 596 228 641 dit,
255 597 353 646 quod
374 595 589 646 Pomponius
618 594 736 630 Laetus
754 592 792 628 in
822 591 979 641 Epistola
1004 591 1050 627 ad
1070 590 1311 640 Augustinum
1341 589 1471 627 Maffe-

158 667 218 691 um
245 654 301 708 (in
313 655 385 704 ejus
404 653 501 703 Opp.
522 651 585 688 sub
604 651 682 696 fin.)
698 648 934 699 conqueritur
951 648 996 685 de
1016 647 1190 687 Gloffulis
1209 647 1246 686 in
1266 647 1468 698 Virgilium

156 711 223 749 sibi
240 710 446 762 suppositis:
476 712 517 759 fi
543 709 715 760 glffclas,
754 707 890 757 inquit,
924 713 959 744 in
979 706 1011 742 V
1008 705 1156 757 irgilt'um
1173 706 1289 758 legeris
1292 706 1360 756 sub
1377 707 1475 747 titulo

158 787 240 816 meo,
256 787 309 808 oro
326 786 366 807 ne
376 766 481 818 fidem
493 771 651 819 praestes,-
680 783 779 818 neque
798 771 993 803 temerarius
997 769 1077 815 stcm
1095 781 1196 816 neque
1212 767 1344 809 audax,
1371 782 1473 818 neque

159 845 232 866 eam
262 828 485 877 expositionem
512 842 656 877 unquam
674 830 811 862 tentavi
817 840 830 870 ;
860 824 916 860 ille
933 827 1072 875 qug'squis
1097 826 1153 874 cst,
1182 824 1376 875 quifctlsum
1402 830 1472 875 epi·

153 883 313 939 gramma
336 890 454 936 posuit,
468 889 592 935 sentiet
618 887 699 937 qnid
705 888 887 936 profuerit,
915 900 965 921 me
978 893 1070 921 tanto
1092 884 1255 920 mendacio
1267 886 1473 935 provee-cffi-

162 945 222 982 Est
240 945 360 995 itaque
378 944 616 986 statuendum,
644 944 705 979 has
724 943 891 992 glossulas
909 942 975 979 esse
992 941 1117 979 eadem
1135 940 1391 978 commentaria
1410 941 1474 978 Sa-

162 1003 262 1049 bini;
293 1003 422 1041 mirum
439 1017 540 1048 vero,
561 1002 758 1040 Gaitanum
779 1002 883 1039 illum
901 1011 1039 1039 tantum
1054 1000 1215 1038 audaciae
1233 1001 1404 1046 habuisse,
1432 1011 1475 1039 ut

160 1063 307 1101 vivente
352 1063 469 1108 Laeto,
515 1063 578 1113 qui
617 1065 711 1112 1418
753 1062 908 1105 deceffit,
952 1062 1026 1111 ejus
1054 1075 1142 1111 opus
1167 1074 1188 1098 e
1218 1060 1289 1097 suis
1335 1060 1475 1100 schedis

160 1123 302 1161 ederet:
332 1123 395 1160 nisi
414 1136 457 1160 ex
475 1123 566 1160 Laeti
588 1122 813 1173 praelectione
840 1122 903 1158 illa
928 1120 1026 1157 fuere
1053 1129 1214 1170 excepta.
1283 1120 1322 1156 Si
1350 1129 1473 1157 tamen

162 1182 233 1220 hoc
253 1183 303 1225 ita
320 1183 352 1220 se
370 1182 499 1219 habet:
528 1195 572 1219 ex
604 1181 679 1232 ipsa
697 1181 789 1219 Laeti
804 1181 1011 1231 professione
1027 1179 1259 1229 intelligitur,
1285 1192 1366 1216 eum
1391 1192 1477 1216 auc-

163 1251 279 1279 torem
307 1240 645 1280 commentariorum
681 1241 809 1277 horum
839 1252 903 1276 nec
939 1238 1040 1275 fuisse
1067 1251 1132 1275 nec
1162 1237 1285 1274 haberi
1314 1237 1474 1274 voluisse.

165 1301 296 1350 Neque
320 1300 437 1350 ipsum
455 1299 721 1337 commentandi
747 1312 858 1351 genus
878 1297 1130 1347 a1Pomp0nio
1162 1295 1266 1334 Laeto
1291 1296 1378 1333 alias
1406 1296 1478 1333 fre-

164 1368 377 1409 quentatum
395 1357 565 1395 vidimus.
619 1358 826 1394 Occurrunt
844 1366 1008 1406 praeterea
1025 1369 1096 1393 non
1113 1356 1225 1399 nulla,
1242 1369 1321 1406 quae
1337 1355 1375 1391 in
1394 1368 1477 1394 eum

167 1418 231 1456 vix
250 1418 376 1455 cadere
405 1416 589 1460 videntur,
618 1426 656 1456 ut
671 1417 743 1453 Iter
757 1416 796 1452 in
812 1415 1014 1465 Scythiam,
1042 1415 1142 1464 quod
1169 1413 1360 1463 aliquoties
1377 1426 1478 1451 com-

168 1485 388 1513 memoratur
410 1473 448 1512 in
467 1474 763 1518 Commentariis,
789 1489 825 1511 v.
855 1488 888 1512 c.
910 1473 947 1510 in
967 1473 1039 1511 Ge.
1059 1486 1143 1524 pag.
1165 1486 1208 1524 5¹
1233 1472 1292 1510 ed.
1314 1472 1471 1522 Oporin.

169 1548 253 1588 pag.
275 1548 321 1586 59
341 1535 386 1571 de
404 1534 522 1572 fibris:
563 1537 663 1579 Hm,
682 1533 816 1585 inquit,
843 1537 976 1584 antiqui
977 1533 1145 1584 scrIbunt,
1172 1544 1203 1570 et
1220 1548 1273 1571 nos
1290 1538 1326 1570 in
1344 1532 1482 1583 Scythia

169 1595 302 1640 animal
315 1596 474 1638 vidimus,
502 1605 533 1631 et
564 1593 744 1631 [finer-aria
773 1596 874 1644 nostro
902 1595 1144 1643 descripsimus;
1171 1602 1207 1629 et
1234 1591 1272 1628 in
1291 1592 1414 1632 Culic.
1439 1606 1480 1643 p.

174 1657 262 1707 582,
281 1655 376 1706 apud
395 1654 571 1696 Sarmatas
589 1664 623 1690 et
642 1654 790 1703 Scythas
813 1666 832 1689 e
852 1652 999 1689 viscinis
1028 1652 1103 1689 fieri
1123 1651 1246 1688 vinum
1280 1661 1399 1689 narrat
1417 1651 1483 1689 ad-

173 1714 290 1752 mixto
320 1715 444 1751 melle:
484 1715 571 1765 quod
591 1729 647 1764 ego
674 1720 709 1750 in
726 1711 1048 1763 S9·t1l)1‘czsaepfflme
1067 1711 1153 1757 bibi;
1181 1710 1303 1761 paullo
1334 1720 1416 1749 ante
1442 1711 1483 1748 in

174 1774 419 1823 Germaniase
436 1776 553 1823 vidffi
570 1773 617 1809 ait
629 1772 784 1821 plalallos
802 1772 913 1808 abb-ias
932 1783 962 1807 el
976 1782 1105 1820 opacas.
1160 1770 1264 1806 Add.
1283 1783 1318 1819 p.
1341 1783 1401 1821 75.
1419 1772 1484 1821 76.

178 1834 262 1883 176.
288 1835 372 1883 184,
400 1832 464 1869 ubi
483 1833 605 1881 Ugros
624 1839 813 1874 memorat,
847 1843 929 1881 197.
954 1832 1037 1879 198.
1059 1829 1143 1877 236.
1198 1828 1373 1879 Scripsisse
1392 1829 1485 1867 sein

174 1892 362 1937 Tacitum,
407 1893 571 1937 Livium,
616 1891 747 1927 Silium
773 1889 943 1926 Italicum
961 1889 1119 1939 aliosque
1137 1888 1255 1938 passim
1286 1898 1482 1927 memorat:

173 1951 330 1988 Sallustii
349 1964 419 1988 non
439 1951 617 1994 meminit,
645 1951 745 2003 cujus
775 1959 893 1985 tamen
912 1948 1065 1985 recensio
1085 1961 1104 1984 a
1123 1947 1226 1983 Laeto
1251 1946 1342 1983 fasta
1368 1947 1484 1998 inpri-

175 2009 246 2046 mis
265 2009 506 2046 celebritatem
535 2008 675 2045 habuit.
729 2007 909 2043 Caeterum
929 2017 1004 2043 tota
1021 2004 1280 2055 interpretatio,
1306 2004 1345 2042 in
1364 2005 1488 2042 AEnei-

175 2067 259 2105 dem
291 2069 428 2112 saitem,
469 2067 661 2104 maximam
688 2076 822 2117 partem
841 2079 885 2102 ex
912 2066 1036 2103 Servio
1055 2064 1270 2102 concinnata
1288 2064 1349 2108 est,
1377 2077 1486 2114 quem

175 2127 300 2164 auctor
323 2127 504 2164 interdum
532 2126 806 2176 locupletiorem
833 2123 988 2161 habuisse
1008 2122 1166 2164 videtur,
1192 2122 1247 2159 uti
1270 2121 1379 2158 etiarn
1401 2121 1487 2159 Pro-

178 2187 266 2225 bum
301 2187 340 2224 in
378 2185 562 2224 Bucolica.
614 2185 749 2222 Inserta
779 2196 921 2233 quoque
956 2182 1075 2232 passim
1110 2181 1191 2218 loca
1225 2193 1270 2217 ex
1309 2179 1485 2230 Dionysio

179 2247 324 2291 Halic„
350 2245 517 2284 Diodoro
535 2255 569 2281 et
587 2244 777 2287 Strabone,
796 2242 907 2278 latine
926 2236 1021 2279 versa
1037 2256 1046 2285 ;
1074 2239 1170 2276 haud
1190 2252 1267 2276 raro
1287 2239 1386 2275 nullo
1401 2252 1486 2275 auc-

178 2304 270 2342 toris
287 2304 433 2341 nomine
451 2303 623 2354 apposito,
651 2301 705 2339 uti
724 2312 758 2338 et
786 2314 806 2337 e
826 2299 946 2336 Plinio
966 2298 1077 2335 multa
1096 2297 1243 2342 intulit3
1272 2307 1307 2334 et
1335 2296 1486 2335 omnino

180 2365 296 2402 multa
320 2362 492 2401 doctrinae
519 2376 585 2412 pro
612 2361 657 2399 iis
684 2359 903 2411 temporibus
932 2358 1125 2395 reconditae
1153 2356 1301 2407 vestigia
1322 2356 1489 2393 animad-

180 2432 317 2461 vertere
334 2422 433 2460 licet.
499 2420 615 2471 Atqui
635 2421 773 2458 Laetum
793 2433 857 2457 nec
874 2431 989 2469 graeca
1008 2417 1178 2458 calluisse,
1196 2429 1274 2458 nec,
1294 2426 1420 2466 praeter
1437 2416 1490 2452 la-

182 2482 291 2525 tinas,
310 2481 394 2518 alias
410 2480 546 2517 litteras
563 2480 710 2517 tenuisse
728 2478 810 2516 satis
821 2477 956 2514 constat
972 2489 980 2513 :
1010 2486 1049 2512 ut
1068 2476 1158 2512 adeo
1177 2475 1207 2513 is
1226 2488 1290 2525 pro
1309 2487 1492 2511 commen-

183 2541 355 2580 tariorum
369 2540 498 2577 horum
516 2540 659 2577 auctore
676 2539 777 2575 nullo
796 2537 906 2573 modo
921 2535 1046 2572 haberi
1065 2534 1160 2586 posse
1177 2533 1355 2572 videatur.
1408 2533 1493 2571 Ma-

184 2611 244 2638 net
262 2600 382 2650 itaque
410 2612 461 2635 res
480 2598 601 2636 multis
619 2597 736 2634 adhuc
767 2594 1041 2633 difficultatibus
1069 2593 1263 2644 implicita,
1289 2605 1377 2642 quas
1402 2591 1494 2629 bene

184 2659 282 2698 vidit
311 2658 447 2696 dofflss.
480 2657 605 2694 Saxius
623 2655 808 2693 Onomast.
831 2653 904 2691 litt.
925 2652 975 2689 T.
995 2653 1044 2690 Π.
1065 2666 1100 2703 p.
1121 2665 1211 2703 49¹·
1276 2650 1436 2688 Laudari
1454 2649 1494 2686 in

185 2720 232 2757 iis
251 2715 534 2756 Commentariis
551 2716 738 2752 lectionem
768 2711 1015 2763 Apronianam
1043 2722 1150 2761 atque
1172 2710 1281 2748 etiam
1312 2708 1497 2760 Apronia-

185 2792 288 2822 num,
324 2776 427 2827 supra
454 2774 608 2812 vidimus
631 2788 668 2824 p.
701 2776 746 2825 58
773 2782 808 2809 et
842 2784 901 2822 59,
966 2769 1102 2806 Interea
1129 2768 1253 2806 mirari
1281 2767 1382 2810 licet,
1423 2778 1498 2803 non

184 2837 312 2892 saepius
337 2849 398 2876 eos
423 2835 463 2874 in
480 2833 700 2892 sequioribus
717 2830 872 2890 Virgilii
897 2828 1120 2873 editionibus
1145 2827 1210 2866 esse
1228 2826 1418 2878 repetitos;
1455 2823 1498 2869 in

1453 2896 1502 2924 n·

484 2935 510 2992 ..ᾖ
