1987 3361
499 315 564 347 xc
834 298 949 346 DE
1015 297 1450 349 VIRGILII

551 436 678 474 Μαίη.
708 435 801 473 ibid.
829 449 912 487 pag.
941 447 1031 487 459.
1087 434 1256 473 Servatur
1284 434 1322 471 in
1352 434 1528 472 Biblioth.
1559 435 1739 486 Gotting.
1767 448 1815 476 ex

490 494 665 533 biblioth.
687 493 940 530 Thomafiana.
1008 492 1116 529 Nihil
1135 505 1213 529 eam
1238 506 1258 529 a
1291 492 1431 543 vulgari
1451 502 1656 530 exterarum
1680 495 1815 533 editio-

498 568 584 591 num
604 566 688 590 cum
712 553 836 590 Servio
856 552 1009 590 lcssione
1028 551 1191 589 recedere
1206 550 1302 590 vidi.
1367 550 1535 600 Subjefia
1554 552 1634 590 sunt
1651 554 1814 594 carmina

496 625 652 651 mlnora.

1105 695 1173 742 148
1180 708 1216 748 5.

551 775 595 812 P.
630 773 674 810 V.
703 770 760 807 M.
803 768 916 817 Opera
953 765 1080 815 (etiam
1113 763 1289 801 Carmina
1313 762 1467 812 minora)
1496 781 1567 802 cum
1586 765 1812 806 Commentar,

499 835 628 872 Serw'i.
660 829 793 868 BriXi-‘E
818 838 882 881 per
905 826 993 875 Jac.
1023 826 1257 862 Brilamticum
1284 824 1487 860 Brixianam
1511 825 1564 861 die
1588 824 1711 862 XXII
1737 826 1813 864 Aa-
1849 868 1855 871 -

493 895 588 946 gfff
1645 884 1673 922 f.
1697 887 1810 936 1485.

551 950 671 989 Catal.
690 943 871 985 Biblioth.
892 941 1027 979 Bunav.
1050 942 1099 980 Τ.
1121 942 1154 984 Ι,
1181 954 1263 991 pag.
1288 954 1374 989 300.
1393 954 1426 979 c.
1443 955 1537 978 anno
1563 944 1672 992 1484.
1717 943 1814 981 Ean-

497 1013 581 1051 dem
594 1012 819 1048 Burmannus
840 1004 918 1039 Sec.
940 1001 1038 1052 przrf.
1056 1002 1102 1038 ad
1122 1001 1259 1051 Virgil.
1279 1002 1415 1045 laudat,
1433 1015 1477 1038 ex
1493 1002 1595 1050 cujus
1612 1001 1814 1040 bibliothe.

494 1086 538 1110 ca
556 1072 596 1109 in
613 1070 764 1107 nostram
783 1061 1024 1102 academicam
1045 1061 1225 1111 migravit.
1281 1061 1465 1098 Convenit
1484 1075 1565 1098 cum
1585 1061 1736 1106 caeteris,
1755 1062 1813 1098 in-

498 1130 626 1183 primis
643 1124 807 1166 Venetis,
834 1136 914 1173 quae
933 1120 1097 1158 Servium
1116 1120 1260 1158 habent.
1323 1121 1414 1157 Haec
1435 1121 1481 1157 est
1502 1120 1564 1158 illa
1583 1134 1690 1170 quarn
1707 1133 1754 1162 ex
1777 1121 1812 1161 le

499 1191 608 1239 Long
638 1182 863 1224 Maittairius
892 1180 1115 1219 memorabat
1135 1179 1185 1217 T.
1216 1180 1250 1224 Ι,
1268 1194 1304 1230 p.
1324 1194 1415 1231 459.
1446 1180 1599 1218 Diversa
1617 1181 1663 1218 est
1681 1180 1727 1218 ab
1744 1181 1811 1222 hac

497 1245 692 1290 Brixiensis
715 1255 824 1293 1473.

550 1306 610 1346 Dc
625 1303 785 1343 editione
805 1298 1012 1342 Florentina
1039 1301 1132 1355 1485
1154 1313 1190 1343 ν.
1211 1298 1255 1335 ad
1274 1311 1307 1336 a.
1335 1300 1445 1349 1487.

1099 1412 1210 1461 1486.

547 1489 594 1527 Ρ.
618 1487 659 1524 V.
679 1485 736 1523 M.
757 1485 873 1534 Opera
894 1483 995 1531 (cum
1014 1480 1079 1519 lib.
1105 1480 1203 1517 XIII
1232 1480 1317 1517 AEn.
1336 1489 1372 1517 et
1390 1479 1597 1530 Opusculis,
1624 1479 1718 1516 inter
1731 1492 1814 1529 quae

492 1559 532 1589 et
549 1550 664 1595 Ciris)
682 1562 753 1583 cum
769 1544 951 1580 Comment.
976 1542 1093 1577 Ser-vii
1108 1550 1139 1576 et
1160 1541 1240 1576 Vita
1264 1539 1416 1588 Virgilii,
1438 1550 1502 1587 per
1515 1538 1696 1575 Antonium
1715 1540 1810 1575 Bar-

494 1609 657 1651 tholomci,
710 1604 927 1655 imprcffirum
977 1599 1182 1651 dg‘s'l·1Pulum,
1243 1615 1313 1637 men
1330 1615 1346 1635 e
1395 1597 1561 1635 Oblobris.
1641 1596 1811 1635 Veneriis

1643 1656 1671 1694 f.
1696 1658 1810 1706 1486.

545 1725 674 1764 Maitt.
705 1737 741 1773 p.
769 1733 859 1772 474.
922 1718 1077 1756 Orland.
1102 1731 1138 1769 p.
1168 1731 1228 1770 25.
1249 1716 1444 1755 Fontanini
1463 1718 1550 1766 Hss.
1574 1714 1643 1754 litt.
1661 1717 1809 1768 Aquilei.

493 1800 531 1837 p.
552 1799 615 1836 40.
671 1780 814 1819 Gozius
831 1779 870 1817 in
894 1777 1082 1816 ,Memm-ab.
1108 1777 1202 1816 Bibl.
1225 1778 1345 1826 Drcjsd.
1371 1776 1421 1812 T.
1442 1775 1496 1819 H,
1516 1789 1555 1817 11.
1576 1776 1665 1812 288.
1719 1773 1810 1812 Mu-

495 1845 595 1883 seum
613 1839 815 1880 Britannic.
833 1847 869 1875 et
888 1837 1065 1874 Biblioth.
1086 1835 1261 1886 Gotting.
1338 1835 1488 1871 Annum
1512 1833 1608 1884 1476
1627 1832 1811 1873 Martinus

494 1903 542 1941 ad
562 1903 703 1951 Georg.
723 1897 797 1942 ΠΙ,
828 1898 915 1935 288.
943 1894 1007 1932 ubi
1037 1893 1226 1932 leffionem
1257 1894 1331 1943 ejus
1360 1891 1572 1929 auffloritate
1598 1891 1806 1937 confirmat,

494 1970 688 2002 memorat,
714 1957 773 1995 sed
793 1954 934 1999 vitiose,
961 1963 1000 1990 ut
1019 1962 1175 2004 apparet.
1241 1951 1436 2001 Descripsit
1453 1963 1532 1987 eam
1551 1949 1695 2000 copiose
1709 1949 1808 1989 Eck..

491 2020 625 2059 hardus
654 2013 844 2066 Gymnafii
876 2011 1086 2049 Isenacenfis
1120 2010 1277 2047 dircstor
1308 2008 1562 2057 (Nachrichten
1589 2023 1658 2045 ‘von
1673 2008 1813 2058 stltnea

494 2078 654 2117 Biichcrn
669 2078 729 2114 der
742 2072 927 2111 Bibliothec
943 2072 995 2107 des
1015 2071 1188 2121 Gymmzfii
1201 2082 1236 2118 p.
1263 2070 1364 2118 144.)
1436 2065 1490 2103 Est
1504 2079 1546 2102 ea
1560 2065 1641 2102 sane
1657 2078 1701 2102 ex
1719 2065 1809 2103 niti-

494 2135 662 2179 diffimis3
701 2145 825 2171 verum
843 2131 889 2168 ad
907 2129 1052 2167 verbum
1070 2138 1105 2167 et
1124 2127 1169 2164 ad
1188 2126 1356 2179 paginam
1387 2125 1544 2177 expressa
1576 2124 1624 2163 est
1647 2137 1693 2163 ex
1717 2125 1810 2169 edit.

492 2194 691 2234 vicentina
713 2204 822 2242 1479.

544 2253 632 2291 Hoc
650 2265 681 2289 a.
707 2252 803 2300 1486
822 2247 941 2299 primo
957 2246 1095 2297 prodiit

545 2315 715 2364 Pomponii
724 2308 847 2347 Sabini
859 2318 933 2358 opus
950 2313 984 2344 in
1006 2306 1038 2342 V
1037 2305 1199 2358 1'7gil1'rrcm,
1226 2304 1366 2342 editum
1394 2316 1458 2356 per
1484 2304 1582 2343 Dan.
1603 2302 1806 2342 Gaitanum

491 2373 684 2413 Cremonae
1638 2362 1664 2400 f.
1689 2365 1805 2413 1486.

544 2430 663 2469 Iidem
681 2423 930 2465 commentarii
948 2423 1091 2474 repetiti
1115 2437 1134 2460 a
1148 2423 1256 2472 Junta
1272 2436 1304 2459 a.
1323 2434 1431 2473 1519·
1454 2421 1566 2472 1536,
1578 2431 1613 2458 et
1631 2434 1688 2473 ap.
1704 2423 1808 2473 Opo-

492 2491 612 2529 rinum
649 2499 761 2539 1544,
800 2482 924 2522 inserti
955 2496 1097 2533 quoque
1127 2481 1283 2518 editioni
1318 2480 1420 2518 Bafil.
1453 2479 1658 2531 Henricop.
1695 2484 1807 2533 1561.

491 2546 602 2586 Lucii
625 2548 734 2594 1613.
799 2541 1007 2580 Mediarum
1026 2550 1171 2577 aetatum
1201 2538 1493 2576 Grammaticum
1511 2550 1695 2588 perperam
1722 2552 1805 2577 eum

489 2608 556 2644 effe
573 2604 754 2646 habitum,
791 2601 882 2638 bene
899 2599 1025 2636 docuit
1053 2599 1093 2636 P.
1117 2600 1340 2636 Burmannus
1372 2598 1556 2635 Secundus
1581 2597 1622 2635 in
1637 2598 1739 2650 praef.
1758 2599 1807 2636 ad

491 2665 659 2716 Virgil.;
699 2663 766 2700 effe
784 2670 903 2698 autern
932 2673 1014 2696 eum
1034 2659 1190 2696 eundem
1209 2671 1292 2694 cum
1313 2656 1516 2707 Pomponio
1537 2656 1639 2696 Laeto
1657 2658 1718 2707 (de
1733 2671 1807 2708 quo

488 2724 568 2778 sup.
583 2722 722 2774 egimus
733 2735 768 2771 p.
786 2722 850 2771 50)
870 2718 1009 2755 Voffius
1027 2717 1261 2755 subodoratus
1276 2717 1323 2753 est
1340 2715 1385 2752 de
1401 2715 1540 2754 Histor.
1556 2715 1639 2753 Lat.
1658 2730 1696 2767 p.
1718 2729 1806 2767 191,

489 2795 535 2820 ex
552 2780 760 2833 praefatione
788 2776 942 2814 Gaitani
967 2776 1117 2826 repetita
1153 2775 1192 2812 in
1220 2775 1309 2813 edit.
1328 2773 1513 2827 Oporina‚
1539 2774 1645 2825 eique
1673 2774 1807 2814 debent

483 2840 669 2894 judicium
683 2837 838 2877 suumin
854 2835 921 2874 hae
939 2834 1054 2878 cauffa
1070 2833 1134 2878 ani
1150 2833 1225 2872 viri
1241 2832 1358 2879 doffi,
1386 2831 1624 2878 Niceronius,
1650 2842 1685 2872 et
1704 2833 1808 2876 Auc-

1745 2900 1805 2930 101*
