1821 3381
361 328 453 373 144
551 311 607 359 Ρ.
651 303 1033 360 v1RG1L11
1083 297 1478 361 MARoNI's

357 447 466 508 Jam
492 445 671 510 fragilis
696 458 909 508 poteram
925 462 950 491 a
967 457 1088 492 terra
1102 446 1380 510 contingere
1401 461 1576 495 ramos}
1608 460 1676 509 40

358 539 430 585 Ut
455 538 566 594 vidi,
601 550 651 583 ut
676 537 809 599 perii,
844 550 895 584 ut
919 553 995 584 me
1018 537 1168 583 malus
1187 537 1379 583 abstulit
1402 537 1554 586 error!

355 630 523 693 Incipe
549 629 800 676 Maenalios
825 646 1032 687 mecum,
1068 645 1172 676 mea
1195 629 1328 687 tibia,
1364 630 1540 678 versus.-

354 720 500 768 Nunc
524 720 635 777 scio,
668 721 785 783 quid
809 720 864 767 fit
885 723 1066 768 Amor:
1102 720 1232 768 duris
1257 722 1304 768 in
1330 722 1517 769 cotibus
1533 722 1674 771 illum

354 813 457 860 Aut
467 811 684 871 Tmaros,
697 825 775 859 aut
787 811 1036 875 Rhodope,
1046 824 1125 859 aut
1135 813 1334 859 extremi
1345 811 1674 871 Garamantes,
1711 870 1716 873 X

354 903 460 950 Nec
478 905 662 968 generis
678 905 818 951 nostri
836 921 1040 967 puerum
1053 920 1137 952 nec
1153 904 1409 967 sanguinis,
1425 904 1589 952 edunt.
1607 922 1639 963 4
1647 917 1668 966 5
1705 894 1711 897 ’

353 996 523 1060 Incipe
548 996 803 1044 Maenalios
827 1013 1033 1053 mecum,
1068 1013 1173 1044 mea
1199 997 1332 1054 tibia,
1366 996 1540 1044 versus.

355 1087 519 1134 Saevus
542 1087 696 1134 Amor
717 1087 882 1135 docuit
903 1101 1158 1153 gnatorum
1180 1089 1404 1153 sanguine
1428 1101 1630 1136 matrem

356 1179 397 1226 C
399 1180 698 1227 onmaculare
721 1196 914 1227 manus:
951 1182 1155 1229 crudelis
1183 1194 1235 1229 tu
1256 1197 1459 1245 quoque,
1492 1187 1673 1236 maten

399 1341 452 1369 40.
474 1333 509 1362 ab
537 1340 615 1363 terra
641 1333 758 1365 Medic.
802 1346 821 1365 a
841 1333 925 1366 abest
950 1345 967 1366 a
990 1333 1090 1365 Goth.
1116 1334 1174 1366 sec.
1201 1337 1356 1378 corgjurqgrere
1384 1334 1550 1377 Longob„
1581 1343 1674 1367 more

358 1385 505 1416 variandi
534 1384 780 1426 solito.—-44.
803 1387 865 1417 Aut
899 1386 1035 1424 ‘Tmarm3
1060 1386 1105 1417 ita
1134 1386 1249 1418 diserte
1279 1386 1357 1418 liber
1386 1386 1512 1424 Bembi,
1537 1387 1677 1427 Menag.

357 1435 482 1467 Morct.
499 1436 585 1467 Gud.
629 1437 685 1466 Aut
712 1439 820 1467 Maros
847 1437 969 1468 Medic.
1016 1440 1078 1469 Aut
1095 1439 1207 1468 Marus
1234 1437 1316 1469 liber
1344 1438 1433 1471 Serv.
1461 1436 1571 1469 Colot.
1617 1438 1675 1468 Aut

355 1486 481 1526 Ismarus
498 1486 529 1516 in
546 1486 669 1517 duobus
692 1487 794 1518 Servii
818 1498 868 1529 ap.
886 1489 919 1518 F.
936 1487 1041 1518 Urfin.
1088 1488 1197 1530 Vulgo
1223 1488 1390 1531 legebatur
1412 1489 1537 1530 Ismarus·
1555 1494 1605 1518 aut
1619 1489 1676 1526 R„

358 1536 414 1567 etfi
431 1537 470 1568 de
487 1536 587 1568 altera
602 1536 738 1568 leffione
756 1540 818 1568 Aut
838 1538 960 1568 Tmarus
974 1539 1041 1580 jam
1061 1539 1184 1570 Pierius
1199 1547 1380 1577 monuerat,
1401 1539 1474 1571 inde
1490 1538 1624 1570 Ursinus
1639 1549 1676 1569 ac

360 1587 523 1619 Fabricius
545 1587 631 1629 apud
660 1589 772 1620 Burm.
798 1600 871 1620 cum
896 1590 1011 1621 Cerda.

368 1641 441 1669 Asca
458 1638 473 1671 ἦ
488 1638 626 1670 Ῥοδόπην.

1054 1590 1200 1622 variavit
1231 1591 1331 1622 Maro
1360 1591 1592 1622 Theocriteum
1606 1599 1615 1622 ε
1632 1589 1675 1620 ’Ἢ

673 1639 744 1670 Fuit
761 1647 870 1672 tamen
887 1641 955 1673 haec
973 1642 1072 1673 altera
1088 1642 1184 1673 lectio
1200 1643 1401 1685 perantiqua,
1415 1652 1488 1674 cum
1504 1640 1677 1673 eamVale·

289 1719 294 1721 .
356 1691 422 1722 rius
439 1690 563 1721 Probus
588 1691 699 1723 recitet
722 1692 755 1722 in
772 1692 925 1725 Institutt.
969 1694 1020 1725 De
1035 1695 1159 1725 Tmaro
1175 1705 1206 1726 v.
1222 1705 1288 1726 var.
1304 1694 1374 1726 lest.
1393 1695 1432 1725 ad
1447 1695 1526 1725 AEn.
1540 1695 1584 1733 V,
1599 1693 1674 1726 620.
1694 1714 1702 1721 ·

357 1752 412 1781 45.
431 1744 540 1784 generis
559 1744 640 1784 nostri
663 1743 772 1774 Heius.
794 1754 810 1775 e
827 1744 970 1787 scriptis:
993 1746 1189 1790 nqstrigeneris
1205 1745 1305 1790 vulgo
1320 1745 1452 1778 Iccium.
1490 1752 1610 1789 puerum
1624 1752 1676 1778 aut

355 1793 381 1826 s.
397 1794 489 1826 Leid.
504 1802 660 1837 uterque:
683 1793 765 1826 alter
779 1802 809 1827 et
825 1797 919 1840 vestri.

357 1921 409 1947 ler
433 1909 479 1948 ab
506 1909 576 1954 illo,
603 1908 878 1949 secundus-me
893 1922 984 1962 cepe-

356 1971 428 1999 rat.
479 1960 550 1998 Uti
581 1968 668 1999 anni
697 1965 860 2008 accedere,
886 1966 983 2009 addi,

356 2022 419 2049 aut
434 2025 497 2050 nos
515 2015 566 2050 ad
577 2028 677 2050 annos
699 2021 892 2064 pervenire,
917 2031 981 2053 an-

356 2079 411 2102 nos
427 2070 605 2116 attingere,
624 2064 795 2110 dicimur,
817 2065 868 2103 ita
888 2067 925 2104 h.
951 2067 977 2105 l.

355 2131 465 2154 annus
497 2122 601 2166 capit,
640 2123 757 2167 accipit
789 2131 886 2162 eum,
914 2120 978 2168 qui

355 2179 491 2204 annum
526 2168 783 2207 duodecimum
820 2168 980 2220 ingredi-

357 2228 429 2255 tur.
483 2233 546 2269 41.
569 2221 617 2257 Ut
632 2221 722 2264 vidi,
749 2232 786 2258 ιιι*
804 2228 906 2271 perii,
933 2235 979 2259 ex

356 2270 520 2308 Theocr.
547 2270 600 2313 ΙΙ,
623 2276 684 2310 82.
702 2272 775 2316 III,
794 2287 868 2321 423
895 2287 980 2313 cum

356 2321 450 2365 vidi,
472 2332 549 2359 tum
575 2323 692 2360 statim
728 2337 851 2361 amore
880 2338 980 2363 exar-

356 2373 397 2411 fi.
437 2375 568 2411 ὧς--ὧς
601 2387 666 2424 pro
701 2377 877 2415 ὧς--ἕτως
921 2378 980 2415 scu

355 2428 422 2463 42⁴5:
453 2425 612 2463 ut—ita.
670 2443 763 2465 error
794 2441 879 2466 vero
914 2443 982 2480 pro

358 2476 513 2521 insania,
531 2487 565 2515 et
594 2477 679 2516 hinc
695 2491 762 2530 pro
792 2493 926 2518 amore.
945 2495 981 2519 v.

358 2528 483 2567 Cerda
509 2529 546 2567 h.
577 2529 605 2566 l.
638 2530 768 2568 Heius.
792 2532 838 2569 ad
866 2532 981 2569 Ovid.

358 2580 447 2619 Am.
468 2581 518 2626 X,
538 2595 575 2632 9.
604 2580 697 2620 Met.
720 2581 774 2626 X,
797 2595 886 2632 342.

409 2645 473 2682 43.
502 2634 600 2670 Nunc
613 2637 698 2683 siit),
715 2634 792 2672 sero
817 2635 896 2673 scil.
926 2634 983 2672 Ex

357 2681 519 2725 Theocr.
563 2686 639 2723 haec
674 2686 782 2735 Idyll.
818 2685 891 2729 ΙΙΙ,
937 2702 949 2724 1
961 2701 981 2739 ς

356 2734 427 2786 sq.,
452 2728 514 2774 sed
532 2738 647 2774 multo
675 2738 705 2774 is
737 2737 928 2775 modestius
946 2750 982 2776 et

354 2799 402 2824 ex
438 2787 600 2838 imperiti
635 2789 782 2840 pastoris
832 2790 980 2840 persona

355 2837 563 2883 decentius;
610 2853 828 2891 quamquam
880 2842 978 2899 saga-

356 2888 510 2928 ciffimus
532 2890 663 2941 Popius
684 2891 836 2944 Virgilii
868 2905 975 2931 ratio-

1050 1926 1130 1951 nem
1154 1912 1254 1964 sequi
1292 1912 1432 1952 maluit.
1494 1923 1574 1951 cotes
1607 1923 1675 1963 pro

1047 1965 1226 2004 cautibus.
1270 1964 1410 2004 Tmaros
1429 1964 1535 2016 Epiri
1552 1976 1674 2008 mons,

1046 2017 1112 2054 sub
1130 2030 1203 2067 quo
1231 2017 1405 2062 Dodona,
1430 2015 1560 2056 Strabo
1579 2014 1674 2060 VII,

1044 2081 1082 2119 p.
1105 2082 1192 2120 505.
1219 2082 1254 2106 v.
1273 2070 1439 2120 congesta
1470 2082 1492 2105 a
1518 2066 1674 2105 Gesner.

1043 2119 1091 2156 ad
1122 2119 1240 2171 Orph.
1262 2123 1404 2172 Argon.
1426 2121 1513 2169 264.
1542 2118 1674 2156 Rhodo-

1037 2181 1103 2221 pen
1131 2171 1300 2210 Thraciae
1317 2185 1422 2210 nemo
1439 2172 1607 2223 ignorat}
1635 2178 1674 2206 at

1045 2224 1286 2268 Garamantes,
1319 2234 1511 2267 extremaS,
1542 2232 1583 2260 ut
1609 2232 1671 2258 ve-

1043 2284 1134 2312 teres
1152 2275 1362 2320 credebant,
1391 2274 1532 2312 Africae
1566 2272 1673 2324 supra

1045 2325 1244 2364 Gaetuliam
1295 2336 1412 2378 partes
1454 2325 1674 2364 incolentem

1044 2379 1235 2428 populum,
1253 2392 1273 2416 a
1289 2379 1425 2429 pastore
1438 2377 1565 2429 jaffari
1590 2375 1674 2425 quis

1047 2429 1168 2479 quaeso
1197 2430 1317 2468 ferat?
1344 2430 1445 2468 conf.
1476 2429 1563 2467 AEn.
1592 2426 1669 2473 IV,

1049 2481 1120 2532 365
1142 2480 1220 2533 sqq.
1272 2495 1336 2533 45.
1355 2483 1471 2527 edunt,
1500 2494 1568 2532 pro
1592 2477 1671 2517 edi-

1047 2532 1194 2578 derunt,
1213 2544 1429 2585 genuerunt,
1447 2542 1488 2571 ut
1510 2532 1549 2569 in
1567 2528 1671 2584 prosa

1049 2584 1212 2622 oratione
1229 2584 1425 2623 dicendum
1443 2584 1575 2622 fuisset.

1101 2650 1164 2687 47.
1194 2636 1306 2674 Haud
1348 2636 1459 2674 dubie
1498 2635 1670 2672 Medeam

1047 2687 1126 2725 suos
1159 2687 1250 2724 filios
1292 2700 1337 2724 ex
1371 2688 1502 2738 Jasone
1533 2686 1672 2738 perfido

1047 2738 1179 2777 marito
1193 2739 1406 2778 mafiantem
1426 2739 1590 2790 respicit3
1607 2749 1671 2775 cu·

1041 2790 1099 2840 jus
1130 2790 1217 2827 dum
1258 2790 1416 2829 immane
1450 2790 1594 2829 facinus
1624 2787 1671 2825 ad

1045 2843 1221 2879 Amorem
1242 2843 1363 2888 refert,
1382 2841 1517 2893 refugit
1535 2839 1668 2891 fimpli-

1043 2893 1095 2932 cis
1121 2893 1267 2944 pastoris
1286 2894 1424 2932 animus
1450 2894 1598 2932 horrore
1624 2890 1670 2927 ad

1456 2948 1669 2986 memoriam
