1987 3361
475 324 536 359 Lx
865 306 972 356 DE
1039 306 1423 357 VIRGILII

478 445 616 504 derit,
638 456 718 492 aut
741 459 883 507 quam
909 453 1017 489 ante
1039 442 1200 489 oculos
1235 441 1468 498 habuerit,
1491 440 1607 489 dum
1633 446 1791 508 vulga..

479 541 564 577 iam
590 539 839 575 memorat.
911 526 1072 572 Unam
1101 541 1157 570 ex
1185 524 1493 571 Elzevirianis
1530 525 1660 571 fuisse
1694 542 1790 573 non

476 612 669 663 dubito;
707 607 950 672 probabile
981 607 1049 662 sit,
1083 606 1229 668 patris
1254 606 1463 652 Danielis
1490 606 1636 653 fuiffe.
1704 608 1791 654 In..

475 692 663 739 terdum
718 704 873 737 tamen
911 687 1174 733 Pierianam
1222 686 1487 744 lectionem,
1535 703 1645 749 quae
1692 698 1789 734 erat

476 772 669 819 Aldinae
711 771 884 832 primae
939 767 1011 814 vel
1065 768 1297 825 secundae,
1341 781 1466 816 notae
1521 768 1616 816 suae
1656 784 1790 832 vprae--

476 855 601 902 fixit.

542 935 707 983 Codice,-
741 933 912 996 quibus
950 932 1006 981 P.
1046 934 1314 979 Burmannus
1355 933 1460 981 usus
1502 935 1581 991 est,
1622 951 1787 982 omnes

476 1019 572 1066 fere
594 1019 697 1065 sunt
723 1027 926 1064 recentes
950 1032 1035 1062 nec
1060 1016 1223 1078 magni
1249 1016 1479 1062 momenti
1493 1018 1789 1081 omninoque

475 1101 555 1148 ille
578 1100 732 1147 sordes
757 1097 816 1144 ab
840 1096 1040 1143 Heinsio
1057 1097 1229 1159 spretas
1249 1097 1374 1143 inani
1392 1113 1533 1160 opera
1549 1113 1661 1144 cum
1679 1098 1789 1162 pul-

475 1184 655 1231 visculo
675 1182 957 1230 convertisse
979 1182 1208 1229 dicendus
1233 1182 1313 1228 est.
1663 1184 1665 1186 ’

542 1269 706 1315 Codex
742 1267 916 1329 Regius,
960 1282 984 1312 e
1026 1266 1315 1312 bibliotheca
1349 1266 1499 1331 Regia
1534 1268 1789 1326 Parifienfi,

474 1352 674 1399 Heinsio
689 1349 941 1406 concessus,
965 1349 1047 1411 qui
1063 1348 1165 1410 post
1180 1347 1278 1411 ejus
1296 1361 1500 1396 mortem
1521 1351 1571 1396 in
1592 1350 1789 1413 Rykiana

470 1433 767 1496 supellectili,
802 1448 915 1478 mox
949 1430 1074 1493 apud
1097 1431 1377 1490 Mcgsvicimn,
1411 1432 1492 1494 qui
1526 1433 1788 1479 editionem

470 1516 602 1562 suam
621 1514 679 1562 ad
703 1531 812 1560 eum
836 1511 1109 1559 recensuisse
1130 1512 1276 1558 videri
1303 1513 1506 1569 volebat,
1523 1513 1632 1561 hinc
1656 1513 1786 1576 apud

471 1598 678 1656 Hulstum,
703 1594 958 1642 Consulem
985 1593 1261 1657 Haganum,
1298 1593 1400 1650 fuit,
1438 1595 1565 1641 unde
1595 1595 1680 1642 sub
1706 1596 1785 1642 Co-

470 1681 577 1727 dicis
599 1680 797 1739 Hulstani
816 1678 1010 1724 nomine
1032 1676 1262 1732 laudatur,
1280 1689 1331 1723 ut
1346 1678 1471 1740 apud
1491 1678 1782 1726 Masvicium

469 1763 554 1812 sub
579 1762 770 1819 Paristen
787 1777 839 1817 Is,
872 1771 917 1806 et
940 1759 1129 1806 tandem
1167 1760 1439 1806 Bibliothecae
1466 1760 1660 1820 Leideffi
1678 1762 1784 1808 illa-

471 1857 545 1891 tus
581 1843 660 1889 est.
728 1841 970 1904 Antiquus
1017 1839 1151 1886 valde
1187 1852 1231 1887 et
1283 1842 1516 1904 egregius,
1552 1854 1596 1888 et
1631 1843 1783 1891 Servii

468 1924 817 1972 commentario
830 1923 1077 1970 instructus
1093 1923 1171 1969 est.
1192 1940 1235 1968 v.
1253 1923 1356 1985 post
1374 1922 1574 1970 Masvic.
1593 1923 1781 1987 praefat.

469 2007 794 2054 Burmannum
814 2007 863 2052 in
880 2006 1061 2069 praefat.
1081 2007 1139 2052 ad
1159 2005 1329 2069 Virgil.
1349 2017 1394 2052 et
1418 2007 1573 2069 patrui
1591 2008 1780 2056 Admo-

467 2093 700 2138 nitionem
725 2092 783 2136 de
808 2091 936 2138 Edit.
965 2091 1168 2138 Masvie.

536 2174 700 2220 Codex
744 2172 1055 2230 Parrhsfianus
1094 2190 1121 2220 a
1165 2175 1443 2238 possessore„
1472 2196 1616 2241 quem
1658 2162 1778 2228 olim

465 2255 646 2312 habuit,
668 2254 788 2314 Jano
813 2252 1066 2312 Parrhasio,
1091 2258 1173 2319 qui
1198 2269 1301 2303 tum
1325 2259 1554 2306 variantes
1577 2273 1621 2308 et
1646 2275 1777 2309 notas

467 2338 669 2402 margini
694 2336 1013 2399 adscripserat‚
1036 2352 1140 2386 turn
1161 2341 1311 2388 multa
1328 2343 1419 2388 alia
1442 2343 1488 2389 in
1515 2343 1776 2407 Virgilium

465 2430 813 2468 commentatus
833 2433 944 2477 erat,
963 2438 1071 2483 quae
1086 2440 1112 2468 a
1130 2424 1402 2471 Burmanno
1424 2426 1560 2488 praef.
1581 2429 1605 2454 *
1622 2430 1643 2455 ³¹⁶
1662 2429 1686 2454 ³¹⁵
1701 2428 1726 2454 *
1742 2447 1775 2488 4

466 2512 536 2566 (p.
562 2500 638 2565 13)
675 2515 959 2549 enarrantur.
1029 2504 1128 2552 Hic
1156 2507 1318 2553 Codex
1353 2507 1401 2552 in
1435 2507 1774 2558 bibliothecam

463 2587 619 2633 Henr.
643 2586 838 2633 Adriani
866 2587 1044 2633 Markii
1067 2601 1358 2650 pervenerat,
1382 2590 1505 2637 unde
1533 2608 1559 2637 a
1591 2593 1774 2639 Masvi-

462 2671 539 2718 cio
573 2669 833 2715 Markianus
866 2671 1145 2732 appellatur,
1180 2689 1237 2719 ex
1279 2672 1364 2720 hac
1407 2673 1457 2720 in
1490 2673 1773 2722 Hulfianam

462 2764 509 2798 et
553 2751 746 2799 tandem
790 2753 839 2798 in
874 2753 1216 2802 bibliothecam
1261 2754 1542 2802 Leidensem
1575 2755 1770 2803 tranfiit.

396 2833 587 2891 „confi
625 2834 676 2881 P.
713 2833 972 2883 Burmanni
1007 2837 1259 2885 Admonit.
1303 2837 1362 2886 de
1395 2837 1534 2886 Edit.⁴
1565 2837 1777 2887 Masvic„⁴

655 2936 657 2938 ’
720 2931 745 2963 2
1441 2990 1443 2993 ι
1505 2920 1773 2985 Interpola-
