1821 3381
392 303 485 365 362

390 435 527 482 HIne
549 435 706 482 omnis
733 434 864 498 largo
886 435 1104 498 pubescit
1127 437 1266 486 vinea
1289 439 1386 488 fetu
1405 463 1419 496 3

568 301 623 350 P.
677 301 1069 350 VIRGILII
1139 303 1536 357 MARONIS

1596 458 1631 506 3
1638 460 1702 509 90

389 525 685 588 Conplentur
707 525 943 589 vallesque
968 543 1099 574 cavae
1124 527 1358 592 saltusque
1380 530 1626 594 profundi,

386 618 455 665 Et
478 630 780 680 quocumque
805 618 919 665 deus
941 616 1128 665 circum
1151 631 1296 683 caput
1317 620 1417 684 egit
1431 620 1700 673 honestum.

387 708 521 771 Ergo
543 706 634 752 rite
659 704 797 752 suum
822 705 1012 752 Baccho
1035 704 1252 752 dicemus
1276 705 1508 755 honorem

429 871 504 903 390.
529 861 642 902 rubfiit
666 860 802 901 Menag.
837 868 884 900 pr.

976 848 1056 900 391.Δ
1088 858 1315 900 Complenturque
1343 871 1418 890 σανα]
1448 860 1536 891 valles
1578 860 1706 897 Morer.

384 914 608 954 sec.——392.
632 912 758 943 Laudat
774 908 954 941 Columella
972 911 1026 947 111,
1041 918 1094 947 21,
1110 919 1140 947 4.
1184 911 1350 951 quodcunque
1373 910 1519 943 Parthas.
1565 913 1608 942 Et
1622 914 1705 954 quod-

382 978 483 1006 cunque
507 966 580 994 decus
608 962 712 994 Schol.
743 962 863 993 Horat.
890 962 955 992 Sat.
983 962 1009 998 Ι,
1031 970 1063 999 2,
1085 961 1138 999 84,
1163 967 1324 1002 corrupte.
1369 973 1520 1002 quocunque
1540 964 1597 992 deos
1614 963 1703 996 Gud.

384 1016 482 1061 Qod
498 1026 575 1046 vero
593 1014 738 1045 Guellius
753 1020 785 1044 et
801 1024 838 1043 ex
856 1023 893 1043 eo
911 1013 1014 1043 Cerda
1033 1013 1072 1044 ad
1089 1012 1121 1043 h.
1138 1012 1158 1044 l.
1178 1011 1310 1043 laudant
1335 1023 1463 1043 carmen
1479 1013 1512 1044 in
1529 1014 1704 1054 Bacchum,

381 1080 399 1101 e
417 1067 544 1100 Mureti
560 1064 742 1098 Galliambo
758 1064 897 1108 petitum
913 1064 956 1096 est
972 1075 980 1095 :
1005 1075 1046 1096 ne
1065 1063 1196 1103 fallaris,
1211 1067 1580 1108 moneo.——-393.fi‹os
1594 1067 1704 1097 honores

378 1231 549 1282 appensos
567 1239 674 1268 vento
692 1229 830 1280 impelli
848 1242 1006 1279 quaqua-

378 1284 498 1322 versus
524 1293 559 1319 et
586 1281 750 1320 converti
777 1281 943 1318 volebant
969 1295 1006 1318 a·

377 1335 542 1387 gricolae,
586 1333 772 1383 quoniam,
825 1346 897 1382 qua
945 1332 1007 1370 ille

378 1390 465 1425 deus
485 1386 618 1424 faciem
644 1393 884 1427 converterat,
912 1383 1006 1420 sum-

380 1453 439 1476 ma
456 1439 535 1489 agri
555 1439 694 1474 ubertas
712 1436 810 1486 sequi
836 1435 1005 1472 credeba-

376 1501 448 1527 tur.
485 1490 585 1527 conf.
620 1489 672 1526 vs.
708 1500 796 1538 392.
851 1486 1007 1523 Acutius

376 1542 451 1579 haec
482 1542 712 1590 ,conjeeiatffi
756 1552 863 1589 quam
903 1539 1002 1588 quod

377 1593 520 1631 Servius
558 1592 667 1630 habet
712 1591 758 1627 ad
796 1591 882 1628 AEn.
931 1590 1003 1634 VI,

375 1660 465 1696 741,
483 1643 545 1694 qui
563 1645 608 1680 ad
628 1642 877 1693 purgationem
896 1651 1005 1679 vento

373 1700 429 1735 vel
449 1701 531 1734 a'ejre
558 1695 633 1732 fieri
656 1694 829 1732 creditam
849 1694 924 1730 haec
951 1707 1002 1730 re-

376 1750 459 1785 fert.
489 1747 613 1784 Multa
635 1747 691 1784 his
720 1747 766 1783 de
796 1745 899 1782 rebus
917 1759 1000 1782 curn

372 1801 418 1837 ab
437 1800 518 1837 aliis
535 1809 612 1836 tum
631 1799 678 1835 ab
708 1797 924 1835 casaubono
955 1797 1000 1834 de

375 1853 495 1890 Satira
513 1852 646 1888 tradita
665 1850 760 1894 sunt,
795 1849 909 1886 multa
939 1862 1001 1886 ac-

372 1904 533 1941 curatius
550 1915 585 1940 et
601 1902 724 1939 utilius
740 1901 834 1938 tradi
849 1901 997 1950 possent.

373 1955 473 1994 conf.
495 1955 628 1991 Horat.
648 1953 760 2004 Epist.
780 1953 832 1995 ll,
855 1966 889 1994 1,
914 1966 997 2003 145.

373 2008 519 2045 Tibull.
551 2006 585 2049 Ι,
614 2021 652 2056 7,
683 2019 847 2056 35—40.
876 2003 929 2046 H,
963 2019 998 2048 1,

375 2075 418 2111 55
439 2059 490 2109 sq.
546 2059 604 2095 De
629 2057 741 2107 qscil'lis
760 2055 860 2092 inani
890 2069 1000 2105 opera

369 2110 434 2149 alii
453 2111 529 2161 post
550 2110 714 2146 Servium
743 2108 909 2158 plurima.
946 2107 995 2145 cf.

367 2164 408 2202 h.
444 2164 471 2200 l.
506 2162 640 2199 Cerda.
693 2159 862 2210 Inprimis
896 2172 995 2196 com-

369 2226 532 2253 mentum
560 2213 632 2250 fuit
657 2212 819 2260 vulgare,
846 2224 918 2260 quo
949 2211 996 2248 ab

369 2267 547 2317 Erigones
569 2263 759 2315 suspendio
787 2262 996 2299 oscillorum

369 2320 451 2356 usus
476 2325 718 2367 repeteretur3
749 2314 826 2352 vid.
849 2314 994 2364 Hygin.

368 2373 398 2409 f.
426 2383 496 2418 130
514 2380 549 2405 et
567 2367 621 2405 ibi
645 2365 804 2403 Munck.
857 2364 900 2402 In
918 2379 995 2402 ver-

366 2422 424 2459 bis
459 2422 610 2470 Ausonii,
637 2419 743 2469 ‘Trqja
768 2433 851 2468 gens
885 2421 994 2468 miffiz,

366 2474 490 2525 paullo
509 2471 675 2509 licentius
693 2469 728 2506 se
742 2469 852 2518 jafiat
871 2475 992 2519 poeta.

367 2523 542 2567 Ausonii,
569 2522 652 2559 Itali
669 2522 706 2559 h.
727 2522 753 2557 l.
783 2520 881 2564 sunt,
909 2535 994 2558 cum

364 2577 509 2627 proprie
539 2585 681 2612 tantum
716 2572 857 2617 Latini,
884 2572 994 2622 inque

365 2629 420 2666 his
458 2626 594 2664 Albani
626 2638 667 2662 ac
715 2624 892 2667 Romani,
919 2623 994 2661 dici

364 2681 492 2731 possint
510 2676 659 2716 oriundi
676 2677 721 2714 ab
739 2675 799 2720 iis,
826 2676 889 2725 qui
908 2689 992 2712 cum

365 2733 494 2776 AEnea,
540 2730 657 2779 Troja
698 2726 794 2775 miffl,
839 2727 992 2778 profet‘ti

363 2794 476 2820 erant.
534 2795 620 2830 390.
659 2780 836 2818 Exoratus
860 2787 896 2814 et
915 2779 990 2828 pla-

361 2847 464 2872 catus
496 2834 552 2871 his
582 2831 691 2870 sacris
720 2844 762 2868 ac
795 2829 886 2867 festis
903 2830 993 2867 deus

361 2887 537 2925 summam
571 2883 763 2923 vindemiae
794 2881 991 2922 ubertatem

1609 1118 1706 1154 codd.

1076 1229 1166 1267 votis
1212 1229 1346 1267 reddit.
1399 1232 1508 1266 vinea
1541 1228 1702 1278 pubastit,

1074 1281 1156 1318 satis
1197 1281 1306 1318 obvia
1339 1279 1584 1324 transsatione,
1611 1281 1703 1318 vites

1072 1332 1270 1370 exuberant
1285 1333 1379 1385 largo
1383 1337 1481 1383 fetu,
1509 1331 1592 1368 laeto
1614 1345 1700 1369 uva-

1072 1397 1152 1421 rum
1184 1394 1375 1434 proventu.
1432 1383 1550 1420 Valles
1570 1383 1715 1433 saltzfi.

1071 1451 1145 1486 que,
1173 1436 1198 1473 si
1218 1436 1352 1472 vitibus
1382 1435 1518 1472 confita
1535 1435 1630 1479 loca,
1659 1444 1700 1471 ut

1071 1487 1260 1536 probabile
1277 1487 1434 1529 videtur,
1463 1486 1523 1523 hic
1542 1486 1701 1536 expreffa

1070 1538 1166 1584 sunt,
1179 1538 1377 1589 improprie
1395 1538 1569 1575 dicuntur
1581 1538 1628 1574 de
1645 1537 1702 1575 vi-

1065 1590 1155 1634 neis,
1164 1590 1202 1627 in
1215 1591 1322 1641 plano
1333 1599 1369 1626 et
1383 1589 1421 1626 in
1435 1589 1589 1626 collibus
1603 1588 1701 1629 satis.

1073 1642 1185 1680 valles
1195 1642 1285 1679 adeo
1297 1655 1364 1692 pro
1380 1640 1496 1691 planis
1513 1640 1620 1685 locis,
1640 1657 1700 1679 ca-

1073 1710 1150 1737 vae,
1187 1694 1403 1730 Graecorum
1437 1692 1620 1742 exemplo,
1658 1702 1700 1730 ut

1075 1744 1261 1783 Pindar.I.
1277 1759 1315 1794 3,
1328 1759 1339 1782 l
1352 1748 1372 1782 8
1385 1745 1481 1795 κοίλᾳ
1491 1747 1594 1795 νάπᾳ.
1611 1757 1630 1793 3
1663 1758 1701 1784 2.

1073 1794 1557 1834 Pulcherrimushauddubie
1568 1759 1699 1834 vergi&

1074 1847 1183 1886 Nihil
1196 1849 1354 1898 imagine
1365 1849 1433 1885 hac
1452 1847 1626 1892 vividius,
1641 1847 1698 1884 ni-

1071 1900 1124 1936 hil
1138 1900 1350 1950 jucundius.
1405 1899 1620 1937 Praeiverant
1644 1908 1700 1936 ta-

1071 1965 1153 1989 men
1171 1952 1269 1989 haud
1286 1951 1397 1989 dubie
1410 1950 1535 1988 Graeci
1552 1955 1694 2001 poetae:

1069 2003 1252 2053 Compara
1279 2018 1315 2041 v.
1347 2016 1380 2041 e.
1407 2001 1626 2040 callimach.
1656 2001 1696 2039 in

1069 2055 1195 2105 Apoll.
1218 2069 1263 2106 50
1281 2055 1333 2104 sq.
1353 2054 1391 2091 in
1411 2054 1523 2091 Dian.
1554 2067 1627 2103 124
1642 2053 1696 2104 sq.

1068 2106 1228 2143 Statuam
1237 2106 1295 2143 dei
1305 2119 1368 2157 per
1381 2105 1523 2142 vineam
1538 2105 1696 2142 circurn-

1067 2157 1154 2195 ferri
1173 2157 1315 2195 solitam
1334 2158 1403 2194 huc
1422 2158 1601 2194 advocant
1624 2156 1688 2193 In-

1067 2219 1263 2260 terpretes;
1292 2209 1415 2246 saltem
1433 2208 1561 2246 oscilla
1587 2217 1692 2258 pote-

1067 2271 1145 2298 rant
1188 2260 1394 2298 memorari.
1464 2258 1692 2297 Probabilius

1067 2324 1200 2356 tamen,
1219 2312 1378 2349 universe
1396 2316 1542 2363 poetam
1569 2311 1616 2347 de
1634 2310 1696 2348 dei

1065 2364 1231 2415 adspeetu
1274 2363 1457 2414 cogitasse.
1538 2362 1695 2400 Petitum

1064 2426 1183 2453 autem
1217 2428 1262 2452 ex
1309 2415 1458 2466 antiqua
1498 2413 1690 2464 religione,

1064 2481 1134 2518 qua
1170 2466 1355 2517 praesentia
1388 2469 1554 2510 deorum,
1580 2465 1694 2516 inpri-

1064 2520 1133 2557 mis
1154 2518 1338 2569 Apollinis
1354 2527 1390 2555 et
1409 2517 1558 2560 Bacchi,
1585 2516 1693 2554 certis

1062 2570 1153 2608 locis
1177 2584 1219 2607 ac
1237 2569 1458 2621 temporibus
1483 2568 1560 2606 fieri
1586 2568 1693 2606 solita

1062 2622 1260 2665 ferebatur,
1277 2631 1329 2666 et,
1347 2620 1487 2671 quoties
1508 2619 1562 2657 dii
1581 2632 1691 2670 appa-

1062 2684 1194 2718 rerent,
1221 2673 1345 2710 omnia
1370 2672 1503 2717 ridere,
1529 2670 1693 2709 frondes-

1064 2739 1159 2770 cere,
1190 2723 1475 2775 progerminare,
1501 2721 1693 2760 enthusias-

1062 2777 1136 2814 tica
1183 2775 1356 2828 loquendi
1398 2775 1530 2819 forma,
1570 2785 1692 2811 narra.=

1061 2828 1206 2866 bantur.
1259 2838 1358 2877 caput
1374 2826 1534 2877 honestum
1547 2826 1592 2862 est
1611 2825 1692 2874 pul⁹

1062 2881 1206 2926 chrum,
1225 2877 1438 2923 formosum,
1464 2879 1568 2931 quale
1597 2876 1690 2964 Bait:

1627 2940 1646 2967 C
1663 2939 1689 2969 ⁸1
