1821 3381
342 312 433 377 136
500 310 555 359 P.
605 307 978 358 VIRGILII
1048 303 1587 361 MARON15,&C.

347 448 380 480 θ’·
414 448 490 496 Ex
514 446 598 495 illo
623 445 844 508 Corydon
870 441 1093 504 Corydon
1117 441 1182 488 est
1207 451 1422 502 tempore
1444 439 1630 486 nobis.*

396 587 448 621 70.
472 580 555 611 noblis
569 577 654 620 conj.
670 576 826 609 Nannius.
869 574 954 607 Dedi
969 574 1076 605 versus
1100 572 1399 615 interpretationem
1415 570 1668 613 qualemcunque

351 633 386 667 in
402 631 507 665 Notis.
550 631 664 662 Fateor
679 636 799 666 tamen,
819 637 884 659 non
900 626 956 658 nisi
973 636 1059 669 aegre
1075 635 1146 657 eam
1169 634 1208 656 ex
1233 623 1340 655 verbis
1361 623 1518 664 exsculpi:
1543 629 1666 654 totum—

350 695 415 728 que
430 683 557 714 versum
571 680 632 714 effe
647 688 715 713 tam
730 679 880 717 inertem,
900 684 937 710 ut
953 677 1007 710 vix
1023 687 1099 710 eum
1114 687 1133 707 a
1148 675 1291 719 Virgilio
1306 674 1489 718 profeetum
1508 673 1569 705 effe
1585 673 1668 706 mihi

351 734 569 781 persuadeam.

355 861 457 893 κεκτη
497 845 606 895 hujus
629 852 751 882 tamen
778 840 898 880 versus
914 852 987 892 qua
1051 839 1171 888 xydon
1205 837 1340 877 nobilis
1371 837 1433 874 ille
1469 845 1506 874 et
1545 846 1671 888 praeter
1688 852 1696 880 5

356 899 504 939 tandem
522 898 561 934 in
585 909 625 935 re
643 894 845 945 Thyrfidos
862 905 986 931 nume·
1051 903 1174 930 omnes
1207 890 1382 928 excellens
1414 898 1522 925 cantu
1556 888 1675 940 pastor

359 951 410 991 ris
464 949 614 991 raestent,
644 946 709 1006 qui
739 945 862 982 tardus
887 956 986 981 meus
1021 942 1214 981 habetur.
1267 941 1337 978 Sed
1378 939 1548 990 indignus
1589 939 1673 976 Ma·

360 1003 421 1042 sen
439 1015 478 1040 us
494 1001 558 1046 est,
582 998 751 1050 equldem
780 1009 854 1035 non
869 994 987 1049 perci·
1051 1006 1137 1033 rone
1153 994 1201 1031 est
1223 991 1353 1030 versus,
1384 1004 1421 1029 v.
1451 990 1540 1028 Var.
1572 991 1675 1030 Lect.

361 1055 440 1109 pio,
1051 1045 1240 1097 Qantum
1279 1043 1390 1081 raestat
1401 1041 1677 1086 Theocriteum,

417 1118 481 1157 70.
490 1105 548 1143 Ex
559 1101 616 1140 illo
626 1101 694 1147 C.,·
712 1099 987 1154 accipiendum:
1053 1097 1163 1147 Idyll.
1174 1095 1251 1133 VII
1276 1122 1288 1139 ‚
1304 1108 1353 1145 92
1369 1094 1452 1146 1<an
1465 1096 1558 1132 τέτω
1576 1096 1677 1144 Ado·

365 1169 412 1208 ex
428 1169 473 1195 eo
496 1165 658 1208 tempore
672 1151 797 1192 animo
815 1164 896 1192 meo
913 1149 991 1190 Co·
1053 1167 1097 1190 νις
1113 1148 1212 1205 vag&
1222 1151 1354 1197 ποιμέσι
1365 1152 1494 1201 weitos
1507 1149 1631 1195 ἔγεντο.
