1987 3361
290 318 392 372 DE
438 318 805 370 CARMINE
853 319 1269 370 ssUcoLICO.
1400 335 1427 386 5

284 458 334 497 Et
350 458 498 510 zephyri
517 471 603 496 cava
620 470 682 508 per
698 457 914 494 calamorum
933 456 1036 494 sibila
1053 457 1212 509 primum

282 520 446 570 Agrestes
464 518 618 555 docuere
636 530 736 554 cavas
754 516 879 554 inflare
897 516 1055 562 cicutas3

282 577 373 615 Inde
389 576 593 614 minutatim
611 576 731 613 dulces
748 575 907 613 didicere
924 576 1098 626 querelas,

284 636 398 674 Tibia
414 650 500 686 quas
518 636 639 673 fundit
655 634 784 685 digitis
800 635 932 686 pulsata
949 646 1156 680 canentum,

283 697 381 735 Avia
399 710 462 747 per
478 710 621 734 nemora
639 709 679 733 ac
698 698 797 733 silvas
813 695 986 746 saltusque
1004 706 1156 746 reperta,

283 755 349 793 Per
365 757 444 794 loca
459 757 635 808 pastorum
651 755 785 793 deserta
802 764 908 806 atque
925 756 1002 793 otia
1018 755 1079 792 dia
1096 755 1133 793 ἥ.

128 858 326 909 Potuere
364 862 521 924 itaque
558 861 749 906 Arcades
780 869 828 905 et
864 860 1011 915 Siculi,
1044 861 1141 923 qui,
1179 875 1431 929 antequam

126 943 273 989 aratio
295 942 582 1004 frequentior
603 940 726 996 effer,
758 940 826 986 uti
852 940 987 986 bonis
1009 941 1191 1004 pascuis
1215 945 1429 993 abunda-

128 1025 256 1081 bant,
290 1024 356 1069 ita
393 1032 544 1068 totam
584 1022 735 1067 vitam
772 1036 976 1084 gregum
1019 1037 1148 1070 curae
1181 1025 1430 1089 impende-

126 1105 254 1161 bant,
305 1104 534 1151 invitante
578 1103 677 1166 ipsa
721 1104 937 1150 locorum
979 1106 1268 1163 amoenitate,
1314 1109 1429 1156 coeli

125 1186 376 1232 clementia
403 1185 486 1247 (cf.
510 1184 708 1232 Diodor.
736 1185 819 1241 IV,
841 1184 936 1249 84),
960 1186 1107 1232 animi
1139 1204 1164 1233 a
1200 1188 1322 1234 curis
1347 1207 1431 1236 va-

124 1266 299 1312 cuitate
322 1278 367 1312 et
390 1265 506 1322 otio,
529 1266 737 1312 carmina
761 1264 999 1327 pastoritia
1022 1267 1223 1314 condere
1256 1281 1302 1315 et
1325 1269 1432 1317 vul-

123 1347 225 1409 gari
273 1347 355 1393 usu
414 1348 584 1393 habere
602 1371 615 1402 ;
665 1360 859 1410 potuere
909 1334 996 1394 effe
1035 1349 1160 1396 inter
1209 1367 1303 1407 cos,
1346 1353 1430 1414 qui

124 1443 265 1477 cantu
324 1431 619 1488 excellerent,
671 1433 754 1495 qui
814 1433 1072 1479 certamine
1126 1433 1366 1481 vincerent
1381 1436 1427 1494 †.

127 1512 465 1559 Consecrarunt
505 1529 692 1575 quoque
728 1513 975 1576 poetarum
1022 1515 1192 1562 fabulae
1235 1517 1432 1564 nomina

124 1595 363 1655 pastorum
403 1596 571 1642 veteris
608 1596 734 1652 vitae,
770 1609 822 1643 ut
866 1598 1187 1660 Daphnidem.
1232 1600 1325 1646 vid.
1369 1600 1431 1648 ad

124 1677 229 1724 Ecl.
259 1678 316 1723 V.
386 1677 523 1724 Forte
545 1677 687 1724 etiam
711 1677 833 1734 festa,
857 1695 963 1742 quae
986 1680 1218 1741 Apollini,
1243 1680 1428 1737 Dianae,

126 1761 300 1817 Cereri,
338 1760 449 1807 Pani
475 1759 670 1822 aliisque
702 1759 792 1806 diis
832 1762 1016 1808 rusticis
1057 1761 1428 1820 celebrabantur,

122 1844 193 1889 uti
244 1842 471 1908 majorem
511 1843 854 1900 celebritatem,
903 1844 967 1890 ita
1011 1845 1162 1907 majus
1204 1845 1427 1903 studium,

122 1925 352 1989 majorem
375 1938 540 1982 artem,
571 1937 618 1971 et
645 1926 1017 1973 concinnitatem
1050 1927 1316 1973 carminum
1354 1939 1428 1972 at.-

119 2008 296 2062 tulere;
332 2024 427 2070 quo
451 2007 551 2071 ipso
576 2021 786 2071 apparet,
811 2025 895 2056 cur
918 2009 1053 2055 initia
1084 2008 1237 2055 Musae
1276 2008 1428 2055 buco-

119 2089 227 2136 licae
252 2091 309 2136 ad
334 2090 504 2137 festum
528 2091 621 2138 fere
644 2092 813 2138 Dianae
845 2105 925 2139 aut
961 2091 1203 2153 Apollinis
1239 2092 1425 2149 Nomii,

117 2173 364 2220 alteriusve
388 2174 612 2221 Numinis
634 2176 840 2238 agrestis,
863 2175 1115 2221 referantur
1136 2175 1182 2237 ‡.
1252 2174 1425 2221 Enim-

119 2267 243 2309 vero,
267 2254 418 2300 multo
442 2265 657 2317 tempore
679 2255 797 2317 post,
818 2254 937 2301 forte
960 2255 1101 2300 etiam
1119 2254 1222 2316 post
1248 2254 1422 2300 multos

118 2336 248 2392 alios,
298 2334 379 2397 qui
422 2335 550 2382 idem
594 2348 899 2393 tentaverant,
951 2337 1074 2383 inter
1122 2354 1239 2399 quos
1295 2350 1422 2383 certe

118 2415 401 2464 Steslchorus
433 2417 564 2465 fuiffc
594 2419 739 2466 fertur
765 2420 797 2480 11,
832 2431 935 2465 tum
976 2419 1202 2465 Sicelidas
1238 2418 1423 2467 Samius

165 2535 190 2560 ὓ
218 2536 364 2576 Lucret.
381 2537 434 2583 V,
457 2542 547 2588 1381
570 2540 645 2590 sqq.
800 2541 923 2577 auctor
950 2540 986 2577 in
1017 2541 1234 2579 Tentamine
1264 2542 1308 2578 de
1332 2542 1426 2579 Car

165 2589 192 2626 ’1-
211 2587 267 2625 Ex
286 2589 355 2627 hoc
373 2567 505 2634 tamen,
525 2592 622 2649 quod
641 2591 736 2629 inter
801 2591 898 2628 mine
922 2592 1092 2630 bucolico
1119 2593 1324 2642 (Arethusa,
1351 2596 1404 2630 ode
1389 2609 1427 2630 er

116 2641 182 2678 adv
176 2640 313 2677 entitia
335 2651 371 2678 et
396 2641 644 2692 contingentia
666 2643 732 2680 bu-
796 2644 835 2680 di
833 2659 849 2679 e
866 2643 1057 2694 bucolshen
1073 2645 1134 2682 Di
1135 2646 1188 2682 la
1178 2662 1215 2681 ιν
1229 2647 1283 2682 des
1308 2645 1370 2683 Al
1371 2660 1424 2681 er-

114 2692 223 2730 colici
241 2692 408 2729 carminis
425 2693 642 2736 habendum,
665 2707 730 2731 no-
797 2695 917 2732 thums.
974 2695 1133 2740 Berolin‚
1159 2699 1266 2746 1789.
1296 2712 1332 2747 4.
1324 2699 1351 2743 .)

114 2742 180 2780 lim
211 2753 328 2780 toturn
356 2744 425 2781 hoc
449 2758 559 2795 genus
585 2745 731 2795 ejusque
846 2746 869 2794 ss
909 2760 944 2784 ν.
972 2747 1100 2784 Vitam
1135 2747 1243 2800 Virg.
1279 2749 1416 2788 Donat.

115 2806 276 2832 naturam
301 2795 536 2833 constituere:
564 2797 661 2846 quod
676 2797 729 2834 fa-
796 2796 813 2848 ᾧ
836 2801 884 2847 84
900 2799 951 2846 lq.

115 2845 168 2890 eit
185 2839 374 2902 elegantis‘
376 2857 412 2885 et
436 2847 569 2886 amoeni
587 2848 727 2900 ingenii
844 2813 884 2900 114
888 2811 1022 2889 AElian.
1041 2849 1064 2889 1.
1085 2850 1110 2890 l.

1339 2918 1415 2967 seu
