1987 3361
482 290 636 330 cxxcrv
703 279 757 328 Ρ.
795 277 1107 326 MARONIS
1141 275 1428 324 VIRGILII
1462 270 1632 325 VITA

986 412 1051 459 U.
1091 412 1145 458 C.
1184 426 1291 474 701.

509 498 621 544 ⁴Cn.
657 496 872 542 Domitius
909 495 1130 541 Calvinus.
1202 494 1276 540 M.
1315 492 1512 538 Valerius
1548 490 1751 553 Mcffzla.

802 584 843 614 a.
873 566 918 612 C.
948 582 1024 629 53.
1097 566 1272 628 Wrgilz'i
1297 567 1500 626 17—18.

543 659 790 707 Hieronymus
824 658 965 695 Chrou.
1006 656 1133 693 Euseb.
1167 656 1208 693 ad
1247 655 1397 705 Olymp.
1437 655 1524 698 181,
1570 665 1597 701 4
1644 651 1804 704 Viaegilius'

480 723 601 768 samm
627 730 705 770 toga
734 717 961 756 Mediolanum
993 718 1258 769 transgreditur:
1296 725 1326 751 et
1355 716 1423 764 pqst
1454 713 1558 750 breve
1587 722 1708 761 tempus
1739 712 1805 748 Ros

494 795 581 815 mam
593 784 716 826 peaegiae.
773 774 823 811 At
850 776 1014 812 Donatus
1043 774 1073 824 ᾧ.
1105 788 1151 824 7:
1182 775 1249 810 Sed
1283 773 1445 824 Virgilius
1481 772 1645 807 Cremona
1678 769 1805 805 Medio-

494 834 623 878 lanum,
664 844 694 870 et
727 833 800 869 inde
828 832 944 882 paullo
969 836 1034 883 post
1066 831 1228 882 Neapolin
1264 843 1342 869 tran
1356 832 1480 880 iil—fi’
1509 836 1544 867 in
1582 829 1704 866 Urbem
1733 843 1806 866 con-

494 895 584 931 fssslif.
665 892 760 930 Uter
803 892 917 930 verius
959 892 1110 936 dixerit,
1156 905 1236 942 quis
1284 890 1435 927 definire
1470 889 1579 926 ausit?
1623 887 1729 925 Forte
1764 899 1809 926 ne
1839 882 1844 888 ’

499 952 655 988 Romam
687 952 834 1002 quidem
869 950 1017 988 omnino
1045 960 1120 988 tum
1158 950 1269 994 adiit3
1316 958 1391 992 aut,
1419 949 1443 985 fi
1474 947 1583 991 adiit,
1611 946 1650 983 in
1682 957 1809 996 agrum

497 1010 599 1048 suum
629 1024 711 1049 mox
745 1011 777 1048 se
803 1010 973 1055 contulit,
1004 1010 1101 1061 quod
1136 1008 1228 1047 inter
1261 1008 1347 1046 belli
1384 1006 1502 1044 civilis
1533 1005 1639 1044 initia
1673 1005 1812 1043 facium

500 1072 566 1108 esse
584 1071 770 1122 probabile
784 1071 834 1107 fit.

555 1130 613 1168 De
640 1129 862 1181 juvenilibus
893 1128 1046 1180 Virgilii
1081 1127 1310 1180 poematibus
1341 1141 1378 1166 v.
1397 1123 1519 1178 ‘supra
1550 1124 1596 1163 ad
1624 1123 1811 1161 Donatum

502 1189 536 1240 ᾗ.
555 1194 615 1229 28·
1680 1196 1682 1199 '
1722 1200 1744 1221 a

1006 1241 1072 1288 U.
1111 1240 1165 1286 C.
1203 1253 1313 1302 709.

752 1320 798 1366 C.
824 1319 975 1380 Julius
999 1319 1142 1379 Caesar
1170 1318 1247 1374 IV,
1267 1319 1363 1376 stne
1385 1316 1564 1378 Collega.

819 1411 861 1440 a.
891 1393 938 1440 C.
963 1406 1042 1454 45.
1114 1392 1291 1453 lfa-gilii
1313 1389 1509 1452 25—26.

561 1476 686 1515 Alexin
702 1475 771 1513 hoc
787 1490 880 1513 anno
906 1475 1078 1526 scriptum
1108 1473 1276 1523 conjicit,
1294 1473 1448 1523 primam
1466 1477 1561 1508 certe
1578 1466 1741 1505 omnium
1760 1477 1819 1502 ec-

510 1538 673 1589 logarum
692 1537 794 1575 fuiffe
811 1536 998 1574 contendit
1019 1535 1198 1572 Martinus
1217 1535 1255 1571 in
1269 1534 1346 1570 vita
1364 1532 1472 1581 Virg.
1501 1543 1536 1580 p.
1559 1526 1756 1569 XXXIV,
1782 1534 1820 1563 et

510 1599 555 1636 ad
577 1598 656 1635 Ecl.
686 1597 739 1642 V,
768 1599 829 1636 86.
883 1596 940 1633 Ex
959 1595 1074 1633 verbis
1091 1594 1188 1631 enim
1212 1593 1317 1643 hujus
1343 1592 1499 1642 eelogae:
1529 1591 1608 1627 Hac
1625 1598 1656 1625 te
1671 1590 1820 1636 nosfra-

505 1660 575 1712 gili
598 1658 787 1697 donabimus
818 1669 896 1696 ante
923 1663 1050 1702 cicuta‚-
1079 1657 1166 1693 Haec
1192 1671 1260 1699 nos,
1288 1655 1473 1702 Formo-sitm
1506 1651 1655 1700 Cmydon
1681 1646 1822 1685 ardebat

511 1721 653 1764 Alexin,
681 1721 765 1756 Haec
791 1720 902 1756 eadem
927 1720 1030 1755 docuit
1044 1731 1056 1753 :
1087 1717 1208 1767 Cusum
1227 1725 1337 1764 pecus,
1365 1729 1411 1749 an
1442 1711 1633 1749 Meliboei?
1659 1709 1822 1758 eclogam

513 1779 705 1817 secundam
724 1789 759 1815 et
777 1777 919 1815 tertiam
937 1787 1018 1813 ante
1036 1772 1200 1826 quintam
1219 1773 1318 1810 fuisse
1345 1772 1522 1822 scriptam,
1540 1778 1695 1821 apparet.
1752 1766 1824 1802 Vi-

515 1840 621 1876 detur
652 1849 769 1875 autem
797 1837 923 1888 quinta
951 1848 1046 1873 anno
1074 1847 1146 1886 712
1174 1835 1273 1870 edita
1306 1833 1384 1875 effe,
1413 1842 1452 1868 ut
1485 1843 1570 1867 mox
1608 1826 1824 1868 videbimus,-

516 1908 558 1935 ut
586 1899 676 1935 adeo
705 1898 772 1934 hoc
796 1907 891 1934 certe
922 1909 1016 1932 anno
1044 1894 1200 1931 anterior
1217 1894 1258 1930 sit
1277 1891 1416 1930 Alexis.
1468 1890 1549 1939 Jam
1569 1901 1687 1926 autem
1719 1887 1825 1923 Mar-

515 1958 614 1995 tinus
637 1968 671 1995 et
686 1958 756 1994 hoc
776 1957 892 2007 ponit,
920 1954 1124 2005 Virgilium
1141 1952 1275 1990 Caesari
1303 1959 1428 1988 notum
1458 1950 1572 1993 fuiss'e,
1601 1948 1712 1997 idque
1728 1944 1828 1983 haud

517 2017 627 2057 dubie
653 2016 811 2054 carmine
837 2015 973 2065 aliqu0‚
999 2013 1096 2063 quod
1125 2011 1239 2063 ipsum
1265 2023 1408 2048 carmen
1435 2008 1560 2046 Alexin
1589 2006 1690 2043 fuisse
1717 2003 1828 2054 suspi-

523 2088 640 2120 catur,
668 2078 829 2126 adeoque
856 2076 895 2112 in
923 2075 1018 2111 hunc
1038 2082 1171 2109 annum
1191 2071 1332 2121 rejicit3
1360 2068 1518 2119 sequenti
1538 2068 1636 2104 enim
1654 2078 1747 2103 anno
1766 2077 1829 2100 oc-

518 2137 610 2174 cisus
636 2136 708 2174 fuit
737 2136 869 2173 Caesar.
923 2133 1052 2178 Vides,
1080 2142 1119 2170 ut
1147 2131 1301 2183 suspicio
1318 2143 1362 2166 ex
1380 2127 1582 2178 suspicione
1598 2125 1693 2163 neRi
1706 2124 1830 2162 soleats

519 2196 580 2233 Est
609 2206 728 2233 tamen
758 2195 906 2245 Eclogae
936 2188 974 2229 Π
1002 2205 1085 2230 cum
1116 2199 1366 2242 argumentum
1389 2198 1466 2225 tum
1496 2196 1572 2224 tota
1594 2184 1776 2226 tractatio,
1805 2182 1832 2219 fi

521 2254 661 2292 sensum
690 2265 807 2297 tuum,
827 2265 901 2289 non
928 2251 1151 2300 opinionem,
1179 2249 1318 2293 audias,
1345 2244 1538 2297 ejusmodi,
1565 2254 1605 2282 ut
1621 2256 1693 2281 non
1710 2241 1834 2285 facile,

523 2315 588 2353 nisi
607 2315 644 2352 in
656 2314 818 2364 juvenile
834 2312 1037 2363 ingenium,
1065 2311 1191 2347 cadere
1203 2309 1317 2359 poffit.

1020 2387 1088 2435 U.
1126 2387 1183 2434 C.
1217 2399 1326 2447 710.

748 2469 798 2515 C.
826 2465 977 2525 Julius
1001 2461 1145 2522 Caesar
1169 2460 1220 2507 V.
1289 2457 1364 2504 M.
1393 2456 1618 2503 Antonius.

828 2556 871 2585 cz.
900 2537 946 2582 C.
971 2553 1049 2594 44.
1121 2532 1295 2594 Virgilii
1318 2529 1522 2591 26-27.

574 2626 703 2664 Idibus
735 2620 883 2660 Martiis
918 2616 1041 2654 Caesar
1074 2613 1246 2653 ociditur.
1301 2610 1415 2648 Varia
1456 2609 1532 2660 post
1572 2610 1648 2659 ejus
1682 2617 1838 2646 mortem

526 2682 709 2737 prodigia,
731 2695 767 2719 v.
800 2679 877 2717 Dio
907 2674 1037 2718 XLV,
1070 2688 1129 2725 17,
1157 2671 1322 2722 inprimis
1352 2670 1414 2707 Sol
1442 2678 1521 2706 toto
1538 2681 1633 2705 anno
1650 2668 1843 2719 pallidior,

526 2758 563 2782 v.
594 2742 687 2780 ibid.
722 2749 758 2777 et
789 2736 971 2774 Plutarch.
1006 2731 1101 2771 Caes.
1133 2740 1225 2769 extr.
1279 2729 1334 2766 Ea
1363 2736 1622 2766 commemorat
1654 2726 1843 2777 Virgilius>

528 2804 670 2851 Georg.
700 2800 734 2844 Ι,
762 2797 837 2848 466
867 2795 958 2845 sqq.‚
987 2792 1050 2829 ubi
1068 2790 1117 2828 cf.
1157 2789 1251 2826 Not.
1306 2786 1497 2831 Ofiavius,
1522 2786 1732 2823 testamento
1753 2784 1837 2821 Cae.

529 2862 613 2899 saris
641 2871 685 2897 ex
722 2856 898 2895 dodrante
925 2853 1023 2891 heres
1045 2849 1224 2888 institutus
1254 2855 1291 2885 et
1321 2846 1360 2885 in
1387 2844 1566 2884 familiam
1593 2843 1744 2883 Caesaris
1778 2857 1843 2882 n0«
1874 2857 1876 2859 ’

795 2929 821 2955 2
1123 2937 1131 2941 -
1691 2916 1843 2957 menque
