<?xml version="1.0" encoding="UTF-8"?>
<!DOCTYPE html PUBLIC "-//W3C//DTD XHTML 1.0 Transitional//EN"
    "http://www.w3.org/TR/xhtml1/DTD/xhtml1-transitional.dtd">
<html xmlns="http://www.w3.org/1999/xhtml" xml:lang="en" lang="en">
 <head>
  <title>
</title>
<meta http-equiv="Content-Type" content="text/html;charset=utf-8" />
  <meta name='ocr-system' content='tesseract 3.04.00' />
  <meta name='ocr-capabilities' content='ocr_page ocr_carea ocr_par ocr_line ocrx_word'/>
</head>
<body>
  <div class='ocr_page' id='page_1' title='image "./operavarietatele01virguoft/operavarietatele01virguoft_0634.png"; bbox 0 0 1821 3381; ppageno 0'>
   <div class='ocr_carea' id='block_1_1' title="bbox 351 324 446 387">
    <p class='ocr_par' dir='ltr' id='par_1_1' title="bbox 351 324 446 387">
     <span class='ocr_line' id='line_1_1' title="bbox 351 324 446 387; baseline 0 -15"><span class='ocrx_word' id='word_1_1' title='bbox 351 324 446 387; x_wconf 77' lang='lat'>360</span> 
     </span>
    </p>
   </div>
   <div class='ocr_carea' id='block_1_2' title="bbox 527 314 1495 370">
    <p class='ocr_par' dir='ltr' id='par_1_2' title="bbox 527 314 1495 370">
     <span class='ocr_line' id='line_1_2' title="bbox 527 314 1495 370; baseline -0.009 0"><span class='ocrx_word' id='word_1_2' title='bbox 527 322 581 370; x_wconf 88' lang='lat' dir='ltr'>P.</span> <span class='ocrx_word' id='word_1_3' title='bbox 631 319 1028 369; x_wconf 88' lang='lat' dir='ltr'>VIRGI-Lll</span> <span class='ocrx_word' id='word_1_4' title='bbox 1097 314 1495 364; x_wconf 85' lang='lat' dir='ltr'><strong>MARONIS</strong></span> 
     </span>
    </p>
   </div>
   <div class='ocr_carea' id='block_1_3' title="bbox 354 435 1662 506">
    <p class='ocr_par' dir='ltr' id='par_1_3' title="bbox 354 435 1662 506">
     <span class='ocr_line' id='line_1_3' title="bbox 354 435 1662 506; baseline -0.008 -12"><span class='ocrx_word' id='word_1_5' title='bbox 354 448 467 495; x_wconf 89' lang='lat' dir='ltr'>Non</span> <span class='ocrx_word' id='word_1_6' title='bbox 493 447 635 493; x_wconf 82' lang='lat' dir='ltr'>aliam</span> <span class='ocrx_word' id='word_1_7' title='bbox 657 446 720 491; x_wconf 92' lang='lat' dir='ltr'>ob</span> <span class='ocrx_word' id='word_1_8' title='bbox 744 443 937 506; x_wconf 84' lang='lat' dir='ltr'>culpam</span> <span class='ocrx_word' id='word_1_9' title='bbox 962 441 1150 489; x_wconf 85' lang='lat' dir='ltr'>Baccho</span> <span class='ocrx_word' id='word_1_10' title='bbox 1170 456 1309 504; x_wconf 83' lang='lat' dir='ltr'>caper</span> <span class='ocrx_word' id='word_1_11' title='bbox 1327 438 1548 486; x_wconf 87' lang='lat' dir='ltr'>omnibus</span> <span class='ocrx_word' id='word_1_12' title='bbox 1569 435 1662 484; x_wconf 88' lang='lat' dir='ltr'>aris</span> 
     </span>
    </p>
   </div>
   <div class='ocr_carea' id='block_1_4' title="bbox 356 529 1478 596">
    <p class='ocr_par' dir='ltr' id='par_1_4' title="bbox 356 529 1478 596">
     <span class='ocr_line' id='line_1_4' title="bbox 356 529 1478 596; baseline -0.008 -11"><span class='ocrx_word' id='word_1_13' title='bbox 356 537 595 585; x_wconf 65' lang='lat' dir='ltr'>Caeditur:</span> <span class='ocrx_word' id='word_1_14' title='bbox 632 547 678 583; x_wconf 85' lang='lat' dir='ltr'>et</span> <span class='ocrx_word' id='word_1_15' title='bbox 700 547 878 586; x_wconf 87' lang='lat' dir='ltr'>veteres</span> <span class='ocrx_word' id='word_1_16' title='bbox 904 534 1066 580; x_wconf 88' lang='lat' dir='ltr'>ineunt</span> <span class='ocrx_word' id='word_1_17' title='bbox 1089 530 1336 596; x_wconf 85' lang='lat' dir='ltr'>proscenia</span> <span class='ocrx_word' id='word_1_18' title='bbox 1361 529 1478 588; x_wconf 90' lang='lat' dir='ltr'>ludi,</span> 
     </span>
    </p>
   </div>
   <div class='ocr_carea' id='block_1_5' title="bbox 1565 531 1653 593">
    <p class='ocr_par' dir='ltr' id='par_1_5' title="bbox 1565 531 1653 593">
     <span class='ocr_line' id='line_1_5' title="bbox 1565 531 1653 593; baseline -0.011 -18"><span class='ocrx_word' id='word_1_19' title='bbox 1565 531 1653 593; x_wconf 84' lang='lat'>381</span> 
     </span>
    </p>
   </div>
   <div class='ocr_carea' id='block_1_6' title="bbox 354 619 1565 688">
    <p class='ocr_par' dir='ltr' id='par_1_6' title="bbox 354 619 1565 688">
     <span class='ocr_line' id='line_1_6' title="bbox 354 619 1565 688; baseline -0.007 -15"><span class='ocrx_word' id='word_1_20' title='bbox 354 626 653 688; x_wconf 67' lang='lat' dir='ltr'><strong>Praemiaque</strong></span> <span class='ocrx_word' id='word_1_21' title='bbox 678 621 880 688; x_wconf 82' lang='lat' dir='ltr'>ingeniis</span> <span class='ocrx_word' id='word_1_22' title='bbox 903 639 1052 686; x_wconf 85' lang='lat' dir='ltr'>pagos</span> <span class='ocrx_word' id='word_1_23' title='bbox 1076 633 1121 669; x_wconf 89' lang='lat' dir='ltr'>et</span> <span class='ocrx_word' id='word_1_24' title='bbox 1143 620 1358 683; x_wconf 81' lang='lat' dir='ltr'>compita</span> <span class='ocrx_word' id='word_1_25' title='bbox 1380 619 1565 666; x_wconf 90' lang='lat' dir='ltr'>circum</span> 
     </span>
    </p>
   </div>
   <div class='ocr_carea' id='block_1_7' title="bbox 354 710 1461 780">
    <p class='ocr_par' dir='ltr' id='par_1_7' title="bbox 354 710 1461 780">
     <span class='ocr_line' id='line_1_7' title="bbox 354 710 1461 780; baseline -0.008 -15"><span class='ocrx_word' id='word_1_26' title='bbox 354 717 573 766; x_wconf 83' lang='lat' dir='ltr'>Thefidae</span> <span class='ocrx_word' id='word_1_27' title='bbox 600 716 821 780; x_wconf 89' lang='lat' dir='ltr'>posuere;</span> <span class='ocrx_word' id='word_1_28' title='bbox 856 727 996 778; x_wconf 85' lang='lat' dir='ltr'>atque</span> <span class='ocrx_word' id='word_1_29' title='bbox 1020 714 1140 761; x_wconf 85' lang='lat' dir='ltr'>inter</span> <span class='ocrx_word' id='word_1_30' title='bbox 1163 711 1335 775; x_wconf 83' lang='lat' dir='ltr'>pocula</span> <span class='ocrx_word' id='word_1_31' title='bbox 1359 710 1461 757; x_wconf 81' lang='lat' dir='ltr'>laeti</span> 
     </span>
    </p>
   </div>
   <div class='ocr_carea' id='block_1_8' title="bbox 353 844 1664 959">
    <p class='ocr_par' dir='ltr' id='par_1_8' title="bbox 353 844 1664 959">
     <span class='ocr_line' id='line_1_8' title="bbox 395 844 1664 913; baseline -0.006 -11"><span class='ocrx_word' id='word_1_32' title='bbox 395 870 470 910; x_wconf 81' lang='lat'><strong>380.</strong></span> <span class='ocrx_word' id='word_1_33' title='bbox 493 871 525 901; x_wconf 83' lang='lat' dir='ltr'>ob</span> <span class='ocrx_word' id='word_1_34' title='bbox 545 869 661 913; x_wconf 62' lang='lat' dir='ltr'>cazgffirm</span> <span class='ocrx_word' id='word_1_35' title='bbox 677 879 757 900; x_wconf 85' lang='lat' dir='ltr'>unus</span> <span class='ocrx_word' id='word_1_36' title='bbox 772 867 932 900; x_wconf 73' lang='lat' dir='ltr'>Arundel.</span> <span class='ocrx_word' id='word_1_37' title='bbox 957 874 989 898; x_wconf 90' lang='lat' dir='ltr'>et</span> <span class='ocrx_word' id='word_1_38' title='bbox 1012 844 1116 898; x_wconf 78' lang='lat' dir='ltr'>Schol.</span> <span class='ocrx_word' id='word_1_39' title='bbox 1137 865 1230 897; x_wconf 79' lang='lat' dir='ltr'>Statii</span> <span class='ocrx_word' id='word_1_40' title='bbox 1251 864 1360 896; x_wconf 87' lang='lat' dir='ltr'><strong>Theb.</strong></span> <span class='ocrx_word' id='word_1_41' title='bbox 1376 867 1419 903; x_wconf 87' lang='lat' dir='ltr'>V,</span> <span class='ocrx_word' id='word_1_42' title='bbox 1439 872 1514 905; x_wconf 80' lang='lat'>259.</span> <span class='ocrx_word' id='word_1_43' title='bbox 1560 859 1664 893; x_wconf 74' lang='lat' dir='ltr'>Bacchi</span> 
     </span>
     <span class='ocr_line' id='line_1_9' title="bbox 353 912 1664 959; baseline -0.008 -6"><span class='ocrx_word' id='word_1_44' title='bbox 353 921 508 959; x_wconf 61' lang='lat' dir='ltr'>parmas„</span> <span class='ocrx_word' id='word_1_45' title='bbox 533 929 567 952; x_wconf 87' lang='lat' dir='ltr'>ut</span> <span class='ocrx_word' id='word_1_46' title='bbox 599 920 682 951; x_wconf 80' lang='lat' dir='ltr'>sint:</span> <span class='ocrx_word' id='word_1_47' title='bbox 708 919 857 950; x_wconf 87' lang='lat' dir='ltr'>omnibus</span> <span class='ocrx_word' id='word_1_48' title='bbox 880 917 942 950; x_wconf 87' lang='lat' dir='ltr'>aris</span> <span class='ocrx_word' id='word_1_49' title='bbox 960 917 1089 954; x_wconf 81' lang='lat' dir='ltr'>Bacchi,</span> <span class='ocrx_word' id='word_1_50' title='bbox 1112 917 1151 947; x_wconf 87' lang='lat' dir='ltr'>de</span> <span class='ocrx_word' id='word_1_51' title='bbox 1172 915 1287 957; x_wconf 85' lang='lat' dir='ltr'>quibus</span> <span class='ocrx_word' id='word_1_52' title='bbox 1310 915 1383 947; x_wconf 75' lang='lat' dir='ltr'>sane</span> <span class='ocrx_word' id='word_1_53' title='bbox 1409 914 1484 946; x_wconf 84' lang='lat' dir='ltr'>solis</span> <span class='ocrx_word' id='word_1_54' title='bbox 1510 914 1554 946; x_wconf 87' lang='lat' dir='ltr'>est</span> <span class='ocrx_word' id='word_1_55' title='bbox 1582 912 1664 944; x_wconf 83' lang='lat' dir='ltr'>acci·</span> 
     </span>
    </p>
   </div>
   <div class='ocr_carea' id='block_1_9' title="bbox 517 991 600 997">
    <p class='ocr_par' dir='ltr' id='par_1_9' title="bbox 517 991 600 997">
     <span class='ocr_line' id='line_1_10' title="bbox 517 991 600 997; baseline 0 0"><span class='ocrx_word' id='word_1_56' title='bbox 517 991 600 997; x_wconf 95' lang='lat' dir='ltr'> </span> 
     </span>
    </p>
   </div>
   <div class='ocr_carea' id='block_1_10' title="bbox 351 974 515 1016">
    <p class='ocr_par' dir='ltr' id='par_1_10' title="bbox 351 974 515 1016">
     <span class='ocr_line' id='line_1_11' title="bbox 351 974 515 1016; baseline -0.006 -12"><span class='ocrx_word' id='word_1_57' title='bbox 351 974 515 1016; x_wconf 79' lang='lat' dir='ltr'>piendum.</span> 
     </span>
    </p>
   </div>
   <div class='ocr_carea' id='block_1_11' title="bbox 605 964 1665 1013">
    <p class='ocr_par' dir='ltr' id='par_1_11' title="bbox 605 964 1665 1013">
     <span class='ocr_line' id='line_1_12' title="bbox 605 964 1665 1013; baseline -0.007 -10"><span class='ocrx_word' id='word_1_58' title='bbox 605 972 678 1012; x_wconf 80' lang='lat'>382.</span> <span class='ocrx_word' id='word_1_59' title='bbox 704 974 819 1013; x_wconf 74' lang='lat' dir='ltr'><em>ingentes</em></span> <span class='ocrx_word' id='word_1_60' title='bbox 843 969 895 1001; x_wconf 90' lang='lat' dir='ltr'>vel</span> <span class='ocrx_word' id='word_1_61' title='bbox 927 971 1040 1011; x_wconf 74' lang='lat' dir='ltr'>ingentis</span> <span class='ocrx_word' id='word_1_62' title='bbox 1065 967 1163 1009; x_wconf 81' lang='lat' dir='ltr'>vulgo</span> <span class='ocrx_word' id='word_1_63' title='bbox 1191 967 1335 1005; x_wconf 61' lang='lat' dir='ltr'>lectum3</span> <span class='ocrx_word' id='word_1_64' title='bbox 1368 966 1424 997; x_wconf 74' lang='lat' dir='ltr'>etsi</span> <span class='ocrx_word' id='word_1_65' title='bbox 1449 965 1572 996; x_wconf 79' lang='lat' dir='ltr'>Pierius</span> <span class='ocrx_word' id='word_1_66' title='bbox 1596 964 1665 1006; x_wconf 77' lang='lat' dir='ltr'>jam</span> 
     </span>
    </p>
   </div>
   <div class='ocr_carea' id='block_1_12' title="bbox 354 1015 1663 1063">
    <p class='ocr_par' dir='ltr' id='par_1_12' title="bbox 354 1015 1663 1063">
     <span class='ocr_line' id='line_1_13' title="bbox 354 1015 1663 1063; baseline -0.006 -7"><span class='ocrx_word' id='word_1_67' title='bbox 354 1024 635 1058; x_wconf 79' lang='lat' dir='ltr'>commendaverat</span> <span class='ocrx_word' id='word_1_68' title='bbox 663 1022 821 1053; x_wconf 84' lang='lat' dir='ltr'>alterum:</span> <span class='ocrx_word' id='word_1_69' title='bbox 856 1021 896 1052; x_wconf 78' lang='lat' dir='ltr'>ad</span> <span class='ocrx_word' id='word_1_70' title='bbox 921 1021 1007 1063; x_wconf 90' lang='lat' dir='ltr'>quod</span> <span class='ocrx_word' id='word_1_71' title='bbox 1037 1018 1256 1061; x_wconf 85' lang='lat' dir='ltr'>recipiendum</span> <span class='ocrx_word' id='word_1_72' title='bbox 1281 1017 1406 1049; x_wconf 84' lang='lat' dir='ltr'>mireris</span> <span class='ocrx_word' id='word_1_73' title='bbox 1427 1016 1594 1053; x_wconf 68' lang='lat' dir='ltr'>Heinfium</span> <span class='ocrx_word' id='word_1_74' title='bbox 1611 1015 1663 1048; x_wconf 84' lang='lat' dir='ltr'>hic</span> 
     </span>
    </p>
   </div>
   <div class='ocr_carea' id='block_1_13' title="bbox 351 1072 744 1108">
    <p class='ocr_par' dir='ltr' id='par_1_13' title="bbox 351 1072 744 1108">
     <span class='ocr_line' id='line_1_14' title="bbox 351 1072 744 1108; baseline -0.01 -1"><span class='ocrx_word' id='word_1_75' title='bbox 351 1077 432 1108; x_wconf 77' lang='lat' dir='ltr'>adeo</span> <span class='ocrx_word' id='word_1_76' title='bbox 463 1074 613 1106; x_wconf 75' lang='lat' dir='ltr'>timidum</span> <span class='ocrx_word' id='word_1_77' title='bbox 644 1072 744 1104; x_wconf 82' lang='lat' dir='ltr'>fuisse.</span> 
     </span>
    </p>
   </div>
   <div class='ocr_carea' id='block_1_14' title="bbox 801 1067 1667 1114">
    <p class='ocr_par' dir='ltr' id='par_1_14' title="bbox 801 1067 1667 1114">
     <span class='ocr_line' id='line_1_15' title="bbox 801 1067 1667 1114; baseline -0.002 -12"><span class='ocrx_word' id='word_1_78' title='bbox 801 1073 922 1114; x_wconf 69' lang='lat' dir='ltr'>Ingcniis</span> <span class='ocrx_word' id='word_1_79' title='bbox 946 1070 1096 1114; x_wconf 86' lang='lat' dir='ltr'>praeclare</span> <span class='ocrx_word' id='word_1_80' title='bbox 1126 1069 1266 1112; x_wconf 80' lang='lat' dir='ltr'>reposuit</span> <span class='ocrx_word' id='word_1_81' title='bbox 1297 1070 1498 1100; x_wconf 82' lang='lat' dir='ltr'>Burmannus</span> <span class='ocrx_word' id='word_1_82' title='bbox 1523 1078 1560 1100; x_wconf 80' lang='lat' dir='ltr'>ex</span> <span class='ocrx_word' id='word_1_83' title='bbox 1583 1067 1667 1100; x_wconf 47' lang='lat' dir='ltr'>antiq</span> 
     </span>
    </p>
   </div>
   <div class='ocr_carea' id='block_1_15' title="bbox 351 1121 1324 1171">
    <p class='ocr_par' dir='ltr' id='par_1_15' title="bbox 351 1121 1324 1171">
     <span class='ocr_line' id='line_1_16' title="bbox 351 1121 1324 1171; baseline -0.006 -13"><span class='ocrx_word' id='word_1_84' title='bbox 351 1125 504 1171; x_wconf 84' lang='lat' dir='ltr'>quiffimis</span> <span class='ocrx_word' id='word_1_85' title='bbox 520 1125 629 1164; x_wconf 82' lang='lat' dir='ltr'>Pierii,</span> <span class='ocrx_word' id='word_1_86' title='bbox 652 1123 871 1167; x_wconf 82' lang='lat' dir='ltr'>Philargyrio,</span> <span class='ocrx_word' id='word_1_87' title='bbox 893 1122 963 1155; x_wconf 89' lang='lat' dir='ltr'>cod.</span> <span class='ocrx_word' id='word_1_88' title='bbox 985 1121 1101 1158; x_wconf 85' lang='lat' dir='ltr'>Urfini,</span> <span class='ocrx_word' id='word_1_89' title='bbox 1125 1129 1157 1153; x_wconf 84' lang='lat' dir='ltr'>et</span> <span class='ocrx_word' id='word_1_90' title='bbox 1173 1121 1222 1153; x_wconf 90' lang='lat' dir='ltr'>ed.</span> <span class='ocrx_word' id='word_1_91' title='bbox 1241 1122 1324 1153; x_wconf 87' lang='lat' dir='ltr'>Ven.</span> 
     </span>
    </p>
   </div>
   <div class='ocr_carea' id='block_1_16' title="bbox 338 1238 981 1757">
    <p class='ocr_par' dir='ltr' id='par_1_16' title="bbox 338 1238 981 1757">
     <span class='ocr_line' id='line_1_17' title="bbox 404 1238 972 1293; baseline -0.009 -12"><span class='ocrx_word' id='word_1_92' title='bbox 404 1244 622 1293; x_wconf 82' lang='lat'><strong>380—389.</strong></span> <span class='ocrx_word' id='word_1_93' title='bbox 650 1240 770 1278; x_wconf 87' lang='lat' dir='ltr'>Varro</span> <span class='ocrx_word' id='word_1_94' title='bbox 788 1239 834 1278; x_wconf 89' lang='lat' dir='ltr'>de</span> <span class='ocrx_word' id='word_1_95' title='bbox 853 1239 900 1277; x_wconf 89' lang='lat' dir='ltr'>R.</span> <span class='ocrx_word' id='word_1_96' title='bbox 923 1238 972 1276; x_wconf 87' lang='lat' dir='ltr'>R.</span> 
     </span>
     <span class='ocr_line' id='line_1_18' title="bbox 351 1293 976 1344; baseline -0.01 -12"><span class='ocrx_word' id='word_1_97' title='bbox 351 1293 386 1339; x_wconf 84' lang='grc' dir='ltr'>Ῑ,</span> <span class='ocrx_word' id='word_1_98' title='bbox 403 1307 441 1339; x_wconf 84' lang='lat' dir='ltr'>z,</span> <span class='ocrx_word' id='word_1_99' title='bbox 467 1297 523 1332; x_wconf 81' lang='lat'>18.</span> <span class='ocrx_word' id='word_1_100' title='bbox 551 1307 593 1344; x_wconf 85' lang='lat'>19</span> <span class='ocrx_word' id='word_1_101' title='bbox 612 1294 785 1343; x_wconf 67' lang='lat' dir='ltr'>Qzaedam</span> <span class='ocrx_word' id='word_1_102' title='bbox 811 1298 896 1329; x_wconf 76' lang='lat' dir='ltr'>enim</span> <span class='ocrx_word' id='word_1_103' title='bbox 915 1301 976 1340; x_wconf 83' lang='lat' dir='ltr'>pe-</span> 
     </span>
     <span class='ocr_line' id='line_1_19' title="bbox 351 1345 978 1394; baseline -0.006 -10"><span class='ocrx_word' id='word_1_104' title='bbox 351 1347 445 1384; x_wconf 62' lang='lat' dir='ltr'>eudes</span> <span class='ocrx_word' id='word_1_105' title='bbox 477 1345 619 1384; x_wconf 78' lang='lat' dir='ltr'>cullurae</span> <span class='ocrx_word' id='word_1_106' title='bbox 640 1347 725 1394; x_wconf 86' lang='lat' dir='ltr'>sunt</span> <span class='ocrx_word' id='word_1_107' title='bbox 756 1348 902 1381; x_wconf 73' lang='lat' dir='ltr'>inimicce</span> <span class='ocrx_word' id='word_1_108' title='bbox 937 1358 978 1380; x_wconf 78' lang='lat' dir='ltr'>ac</span> 
     </span>
     <span class='ocr_line' id='line_1_20' title="bbox 351 1397 978 1448; baseline -0.008 -13"><span class='ocrx_word' id='word_1_109' title='bbox 351 1413 494 1441; x_wconf 76' lang='lat' dir='ltr'>veneno,</span> <span class='ocrx_word' id='word_1_110' title='bbox 522 1408 559 1434; x_wconf 89' lang='lat' dir='ltr'>ut</span> <span class='ocrx_word' id='word_1_111' title='bbox 592 1398 676 1448; x_wconf 73' lang='lat' dir='ltr'>fiee,</span> <span class='ocrx_word' id='word_1_112' title='bbox 699 1412 781 1447; x_wconf 80' lang='lat' dir='ltr'>quas</span> <span class='ocrx_word' id='word_1_113' title='bbox 809 1397 894 1438; x_wconf 71' lang='lat' dir='ltr'>dixi,</span> <span class='ocrx_word' id='word_1_114' title='bbox 923 1409 978 1430; x_wconf 77' lang='lat' dir='ltr'>ca-</span> 
     </span>
     <span class='ocr_line' id='line_1_21' title="bbox 344 1445 978 1501; baseline -0.011 -14"><span class='ocrx_word' id='word_1_115' title='bbox 344 1461 447 1501; x_wconf 70' lang='lat' dir='ltr'>prae,·</span> <span class='ocrx_word' id='word_1_116' title='bbox 490 1466 540 1486; x_wconf 73' lang='lat' dir='ltr'>eae</span> <span class='ocrx_word' id='word_1_117' title='bbox 573 1454 657 1485; x_wconf 77' lang='lat' dir='ltr'>enim</span> <span class='ocrx_word' id='word_1_118' title='bbox 691 1453 800 1485; x_wconf 78' lang='lat' dir='ltr'>onmia</span> <span class='ocrx_word' id='word_1_119' title='bbox 842 1445 978 1484; x_wconf 76' lang='lat' dir='ltr'>novella</span> 
     </span>
     <span class='ocr_line' id='line_1_22' title="bbox 338 1501 979 1551; baseline -0.006 -13"><span class='ocrx_word' id='word_1_120' title='bbox 338 1504 429 1551; x_wconf 67' lang='lat' dir='ltr'>J‘ata</span> <span class='ocrx_word' id='word_1_121' title='bbox 459 1501 620 1551; x_wconf 66' lang='lat' dir='ltr'>carpendo</span> <span class='ocrx_word' id='word_1_122' title='bbox 654 1507 877 1548; x_wconf 80' lang='lat' dir='ltr'>corrumpunt,</span> <span class='ocrx_word' id='word_1_123' title='bbox 917 1512 979 1534; x_wconf 79' lang='lat' dir='ltr'>non</span> 
     </span>
     <span class='ocr_line' id='line_1_23' title="bbox 349 1548 979 1601; baseline -0.008 -10"><span class='ocrx_word' id='word_1_124' title='bbox 349 1559 519 1591; x_wconf 77' lang='lat' dir='ltr'>minimum</span> <span class='ocrx_word' id='word_1_125' title='bbox 548 1557 636 1588; x_wconf 73' lang='lat' dir='ltr'>vites</span> <span class='ocrx_word' id='word_1_126' title='bbox 663 1562 763 1601; x_wconf 77' lang='lat' dir='ltr'>atque</span> <span class='ocrx_word' id='word_1_127' title='bbox 787 1548 979 1586; x_wconf 65' lang='lat' dir='ltr'>oleas—Sic·</span> 
     </span>
     <span class='ocr_line' id='line_1_24' title="bbox 338 1601 979 1655; baseline -0.008 -14"><span class='ocrx_word' id='word_1_128' title='bbox 338 1608 495 1655; x_wconf 55' lang='lat' dir='ltr'>fabium,</span> <span class='ocrx_word' id='word_1_129' title='bbox 523 1615 560 1641; x_wconf 83' lang='lat' dir='ltr'>ut</span> <span class='ocrx_word' id='word_1_130' title='bbox 588 1601 706 1640; x_wconf 74' lang='lat' dir='ltr'>Libero</span> <span class='ocrx_word' id='word_1_131' title='bbox 727 1604 839 1652; x_wconf 77' lang='lat' dir='ltr'>patri,</span> <span class='ocrx_word' id='word_1_132' title='bbox 872 1611 979 1649; x_wconf 79' lang='lat' dir='ltr'>reper-</span> 
     </span>
     <span class='ocr_line' id='line_1_25' title="bbox 350 1652 979 1698; baseline -0.01 -5"><span class='ocrx_word' id='word_1_133' title='bbox 350 1661 417 1693; x_wconf 86' lang='lat' dir='ltr'><em>tori</em></span> <span class='ocrx_word' id='word_1_134' title='bbox 444 1661 544 1698; x_wconf 61' lang='lat' dir='ltr'>z&#39;itis,</span> <span class='ocrx_word' id='word_1_135' title='bbox 587 1653 674 1692; x_wconf 82' lang='lat' dir='ltr'>hirci</span> <span class='ocrx_word' id='word_1_136' title='bbox 717 1652 979 1694; x_wconf 76' lang='lat' dir='ltr'><em>immolarentur,</em></span> 
     </span>
     <span class='ocr_line' id='line_1_26' title="bbox 346 1707 981 1757; baseline -0.003 -15"><span class='ocrx_word' id='word_1_137' title='bbox 346 1708 498 1757; x_wconf 81' lang='lat' dir='ltr'><em>proinde,</em></span> <span class='ocrx_word' id='word_1_138' title='bbox 526 1717 563 1744; x_wconf 79' lang='lat' dir='ltr'>ut</span> <span class='ocrx_word' id='word_1_139' title='bbox 585 1713 690 1755; x_wconf 83' lang='lat' dir='ltr'>capite</span> <span class='ocrx_word' id='word_1_140' title='bbox 717 1707 835 1742; x_wconf 72' lang='lat' dir='ltr'>darent</span> <span class='ocrx_word' id='word_1_141' title='bbox 847 1715 981 1754; x_wconf 77' lang='lat' dir='ltr'>poenas.</span> 
     </span>
    </p>
   </div>
   <div class='ocr_carea' id='block_1_17' title="bbox 351 1755 989 1801">
    <p class='ocr_par' dir='ltr' id='par_1_17' title="bbox 351 1755 989 1801">
     <span class='ocr_line' id='line_1_27' title="bbox 351 1755 989 1801; baseline -0.005 -7"><span class='ocrx_word' id='word_1_142' title='bbox 351 1758 399 1795; x_wconf 86' lang='lat' dir='ltr'>Et</span> <span class='ocrx_word' id='word_1_143' title='bbox 417 1768 524 1796; x_wconf 77' lang='lat' dir='ltr'>notus</span> <span class='ocrx_word' id='word_1_144' title='bbox 540 1757 587 1794; x_wconf 86' lang='lat' dir='ltr'>est</span> <span class='ocrx_word' id='word_1_145' title='bbox 612 1757 712 1795; x_wconf 88' lang='lat' dir='ltr'>locus</span> <span class='ocrx_word' id='word_1_146' title='bbox 735 1755 847 1794; x_wconf 83' lang='lat' dir='ltr'>Ovid.</span> <span class='ocrx_word' id='word_1_147' title='bbox 886 1756 989 1801; x_wconf 52' lang='lat' dir='ltr'>Fast„</span> 
     </span>
    </p>
   </div>
   <div class='ocr_carea' id='block_1_18' title="bbox 351 1807 985 2944">
    <p class='ocr_par' dir='ltr' id='par_1_18' title="bbox 351 1807 985 2944">
     <span class='ocr_line' id='line_1_28' title="bbox 352 1807 979 1861; baseline -0.008 -13"><span class='ocrx_word' id='word_1_148' title='bbox 352 1810 387 1854; x_wconf 88' lang='lat'>1,</span> <span class='ocrx_word' id='word_1_149' title='bbox 416 1823 487 1861; x_wconf 79' lang='lat'>353</span> <span class='ocrx_word' id='word_1_150' title='bbox 505 1810 604 1859; x_wconf 74' lang='lat' dir='ltr'>sqq-3</span> <span class='ocrx_word' id='word_1_151' title='bbox 632 1819 667 1845; x_wconf 89' lang='lat' dir='ltr'>et</span> <span class='ocrx_word' id='word_1_152' title='bbox 686 1807 825 1858; x_wconf 86' lang='lat' dir='ltr'>quoties</span> <span class='ocrx_word' id='word_1_153' title='bbox 849 1820 922 1844; x_wconf 91' lang='lat' dir='ltr'>non</span> <span class='ocrx_word' id='word_1_154' title='bbox 939 1807 979 1843; x_wconf 88' lang='lat' dir='ltr'>in</span> 
     </span>
     <span class='ocr_line' id='line_1_29' title="bbox 351 1859 978 1912; baseline -0.006 -14"><span class='ocrx_word' id='word_1_155' title='bbox 351 1862 506 1912; x_wconf 76' lang='lat' dir='ltr'>gemmis</span> <span class='ocrx_word' id='word_1_156' title='bbox 523 1874 629 1911; x_wconf 83' lang='lat' dir='ltr'>caper</span> <span class='ocrx_word' id='word_1_157' title='bbox 646 1859 738 1897; x_wconf 79' lang='lat' dir='ltr'>vites</span> <span class='ocrx_word' id='word_1_158' title='bbox 758 1868 818 1895; x_wconf 81' lang='lat' dir='ltr'>aut</span> <span class='ocrx_word' id='word_1_159' title='bbox 837 1859 978 1895; x_wconf 78' lang='lat' dir='ltr'>arbores</span> 
     </span>
     <span class='ocr_line' id='line_1_30' title="bbox 351 1910 978 1953; baseline -0.008 -3"><span class='ocrx_word' id='word_1_160' title='bbox 351 1914 519 1950; x_wconf 76' lang='lat' dir='ltr'>arrodens</span> <span class='ocrx_word' id='word_1_161' title='bbox 537 1911 720 1949; x_wconf 88' lang='lat' dir='ltr'>occurrit?</span> <span class='ocrx_word' id='word_1_162' title='bbox 749 1910 858 1946; x_wconf 64' lang='lat' dir='ltr'>Refte</span> <span class='ocrx_word' id='word_1_163' title='bbox 882 1911 978 1953; x_wconf 82' lang='lat' dir='ltr'>haec3</span> 
     </span>
     <span class='ocr_line' id='line_1_31' title="bbox 352 1961 981 2014; baseline -0.005 -13"><span class='ocrx_word' id='word_1_164' title='bbox 352 1965 449 2002; x_wconf 88' lang='lat' dir='ltr'>unde</span> <span class='ocrx_word' id='word_1_165' title='bbox 467 1964 549 2001; x_wconf 82' lang='lat' dir='ltr'>satis</span> <span class='ocrx_word' id='word_1_166' title='bbox 566 1973 710 2014; x_wconf 77' lang='lat' dir='ltr'>apparet</span> <span class='ocrx_word' id='word_1_167' title='bbox 726 1961 836 2012; x_wconf 84' lang='lat' dir='ltr'>primi</span> <span class='ocrx_word' id='word_1_168' title='bbox 862 1961 981 1999; x_wconf 84' lang='lat' dir='ltr'>versus</span> 
     </span>
     <span class='ocr_line' id='line_1_32' title="bbox 351 2012 980 2059; baseline -0.006 -7"><span class='ocrx_word' id='word_1_169' title='bbox 351 2015 539 2059; x_wconf 84' lang='lat' dir='ltr'>sententia,</span> <span class='ocrx_word' id='word_1_170' title='bbox 567 2016 615 2053; x_wconf 90' lang='lat' dir='ltr'>ob</span> <span class='ocrx_word' id='word_1_171' title='bbox 648 2015 738 2052; x_wconf 84' lang='lat' dir='ltr'>hanc</span> <span class='ocrx_word' id='word_1_172' title='bbox 768 2012 906 2050; x_wconf 79' lang='lat' dir='ltr'>vitibus</span> <span class='ocrx_word' id='word_1_173' title='bbox 936 2013 980 2049; x_wconf 82' lang='lat' dir='ltr'>il-</span> 
     </span>
     <span class='ocr_line' id='line_1_33' title="bbox 351 2064 979 2104; baseline -0.005 0"><span class='ocrx_word' id='word_1_174' title='bbox 351 2068 459 2104; x_wconf 80' lang='lat' dir='ltr'>latam</span> <span class='ocrx_word' id='word_1_175' title='bbox 491 2080 625 2104; x_wconf 79' lang='lat' dir='ltr'>noxam</span> <span class='ocrx_word' id='word_1_176' title='bbox 655 2066 797 2103; x_wconf 83' lang='lat' dir='ltr'>hircum</span> <span class='ocrx_word' id='word_1_177' title='bbox 822 2065 861 2102; x_wconf 84' lang='lat' dir='ltr'>in</span> <span class='ocrx_word' id='word_1_178' title='bbox 892 2064 979 2101; x_wconf 85' lang='lat' dir='ltr'>Bac-</span> 
     </span>
     <span class='ocr_line' id='line_1_34' title="bbox 352 2116 981 2160; baseline -0.008 -3"><span class='ocrx_word' id='word_1_179' title='bbox 352 2119 413 2156; x_wconf 82' lang='lat' dir='ltr'>chi</span> <span class='ocrx_word' id='word_1_180' title='bbox 455 2119 562 2156; x_wconf 87' lang='lat' dir='ltr'>sacris</span> <span class='ocrx_word' id='word_1_181' title='bbox 605 2117 774 2160; x_wconf 57' lang='lat' dir='ltr'>mactari3</span> <span class='ocrx_word' id='word_1_182' title='bbox 810 2125 847 2154; x_wconf 86' lang='lat' dir='ltr'>at</span> <span class='ocrx_word' id='word_1_183' title='bbox 883 2116 981 2153; x_wconf 87' lang='lat' dir='ltr'>enim</span> 
     </span>
     <span class='ocr_line' id='line_1_35' title="bbox 351 2168 981 2208; baseline -0.005 -1"><span class='ocrx_word' id='word_1_184' title='bbox 351 2171 500 2208; x_wconf 85' lang='lat' dir='ltr'>eandem</span> <span class='ocrx_word' id='word_1_185' title='bbox 526 2170 638 2207; x_wconf 85' lang='lat' dir='ltr'>etiam</span> <span class='ocrx_word' id='word_1_186' title='bbox 665 2169 714 2205; x_wconf 92' lang='lat' dir='ltr'>ob</span> <span class='ocrx_word' id='word_1_187' title='bbox 741 2168 895 2205; x_wconf 79' lang='lat' dir='ltr'>cauffam</span> <span class='ocrx_word' id='word_1_188' title='bbox 926 2169 981 2208; x_wconf 47' lang='grc' dir='ltr'>1ης-</span> 
     </span>
     <span class='ocr_line' id='line_1_36' title="bbox 352 2219 979 2260; baseline -0.006 -1"><span class='ocrx_word' id='word_1_189' title='bbox 352 2222 394 2259; x_wconf 89' lang='lat' dir='ltr'>di</span> <span class='ocrx_word' id='word_1_190' title='bbox 428 2222 559 2260; x_wconf 80' lang='lat' dir='ltr'>scenici</span> <span class='ocrx_word' id='word_1_191' title='bbox 595 2220 706 2258; x_wconf 58' lang='lat' dir='ltr'>faoi?</span> <span class='ocrx_word' id='word_1_192' title='bbox 743 2219 894 2258; x_wconf 86' lang='lat' dir='ltr'>eandem</span> <span class='ocrx_word' id='word_1_193' title='bbox 931 2219 979 2255; x_wconf 94' lang='lat' dir='ltr'>ob</span> 
     </span>
     <span class='ocr_line' id='line_1_37' title="bbox 353 2270 981 2311; baseline -0.005 -1"><span class='ocrx_word' id='word_1_194' title='bbox 353 2274 508 2311; x_wconf 79' lang='lat' dir='ltr'>caussam</span> <span class='ocrx_word' id='word_1_195' title='bbox 549 2272 799 2310; x_wconf 79' lang='lat' dir='ltr'>ascoliasmus?</span> <span class='ocrx_word' id='word_1_196' title='bbox 847 2270 981 2308; x_wconf 83' lang='lat' dir='ltr'><strong>hincne</strong></span> 
     </span>
     <span class='ocr_line' id='line_1_38' title="bbox 354 2322 979 2372; baseline -0.008 -9"><span class='ocrx_word' id='word_1_197' title='bbox 354 2325 559 2363; x_wconf 77' lang='lat' dir='ltr'>Liberalia?</span> <span class='ocrx_word' id='word_1_198' title='bbox 600 2334 636 2360; x_wconf 92' lang='lat' dir='ltr'>et</span> <span class='ocrx_word' id='word_1_199' title='bbox 680 2323 843 2372; x_wconf 76' lang='lat' dir='ltr'>reliqua?</span> <span class='ocrx_word' id='word_1_200' title='bbox 888 2322 979 2359; x_wconf 84' lang='lat' dir='ltr'>Haec</span> 
     </span>
     <span class='ocr_line' id='line_1_39' title="bbox 357 2373 979 2414; baseline -0.005 -1"><span class='ocrx_word' id='word_1_201' title='bbox 357 2376 495 2414; x_wconf 86' lang='lat' dir='ltr'>nemini</span> <span class='ocrx_word' id='word_1_202' title='bbox 531 2375 675 2414; x_wconf 79' lang='lat' dir='ltr'>molesta</span> <span class='ocrx_word' id='word_1_203' title='bbox 709 2374 819 2411; x_wconf 85' lang='lat' dir='ltr'>fuere.</span> <span class='ocrx_word' id='word_1_204' title='bbox 873 2373 979 2410; x_wconf 86' lang='lat' dir='ltr'>Scili-</span> 
     </span>
     <span class='ocr_line' id='line_1_40' title="bbox 355 2424 981 2480; baseline -0.008 -14"><span class='ocrx_word' id='word_1_205' title='bbox 355 2440 412 2466; x_wconf 85' lang='lat' dir='ltr'>cet</span> <span class='ocrx_word' id='word_1_206' title='bbox 452 2427 618 2480; x_wconf 81' lang='lat' dir='ltr'>po&#39;e&#39;ticus</span> <span class='ocrx_word' id='word_1_207' title='bbox 657 2435 803 2464; x_wconf 84' lang='lat' dir='ltr'>ornatus</span> <span class='ocrx_word' id='word_1_208' title='bbox 844 2424 981 2462; x_wconf 87' lang='lat' dir='ltr'>senten-</span> 
     </span>
     <span class='ocr_line' id='line_1_41' title="bbox 355 2477 980 2529; baseline -0.01 -11"><span class='ocrx_word' id='word_1_209' title='bbox 355 2481 416 2518; x_wconf 77' lang='lat' dir='ltr'>tiae</span> <span class='ocrx_word' id='word_1_210' title='bbox 463 2481 555 2518; x_wconf 67' lang='lat' dir='ltr'>recte</span> <span class='ocrx_word' id='word_1_211' title='bbox 591 2477 812 2529; x_wconf 84' lang='lat' dir='ltr'>accipiendae</span> <span class='ocrx_word' id='word_1_212' title='bbox 842 2485 878 2513; x_wconf 94' lang='lat' dir='ltr'>et</span> <span class='ocrx_word' id='word_1_213' title='bbox 923 2477 980 2513; x_wconf 90' lang='lat' dir='ltr'>in-</span> 
     </span>
     <span class='ocr_line' id='line_1_42' title="bbox 355 2528 981 2583; baseline -0.008 -14"><span class='ocrx_word' id='word_1_214' title='bbox 355 2531 613 2583; x_wconf 76' lang='lat' dir='ltr'>terpungendae</span> <span class='ocrx_word' id='word_1_215' title='bbox 687 2528 822 2571; x_wconf 87' lang='lat' dir='ltr'>obfuit,</span> <span class='ocrx_word' id='word_1_216' title='bbox 901 2542 981 2578; x_wconf 86' lang='lat' dir='ltr'>quae</span> 
     </span>
     <span class='ocr_line' id='line_1_43' title="bbox 356 2579 982 2633; baseline -0.008 -12"><span class='ocrx_word' id='word_1_217' title='bbox 356 2584 406 2622; x_wconf 87' lang='lat' dir='ltr'>ita</span> <span class='ocrx_word' id='word_1_218' title='bbox 451 2582 646 2633; x_wconf 76' lang='lat' dir='ltr'>procedere</span> <span class='ocrx_word' id='word_1_219' title='bbox 678 2580 809 2618; x_wconf 87' lang='lat' dir='ltr'>debet:</span> <span class='ocrx_word' id='word_1_220' title='bbox 848 2579 902 2616; x_wconf 87' lang='lat' dir='ltr'>Ea</span> <span class='ocrx_word' id='word_1_221' title='bbox 937 2580 982 2616; x_wconf 90' lang='lat' dir='ltr'>de</span> 
     </span>
     <span class='ocr_line' id='line_1_44' title="bbox 356 2630 983 2683; baseline -0.005 -12"><span class='ocrx_word' id='word_1_222' title='bbox 356 2636 473 2671; x_wconf 79' lang='lat' dir='ltr'>cauffa</span> <span class='ocrx_word' id='word_1_223' title='bbox 500 2646 607 2683; x_wconf 88' lang='lat' dir='ltr'>caper</span> <span class='ocrx_word' id='word_1_224' title='bbox 640 2633 679 2670; x_wconf 89' lang='lat' dir='ltr'>in</span> <span class='ocrx_word' id='word_1_225' title='bbox 711 2630 846 2669; x_wconf 77' lang='lat' dir='ltr'>Bacchi</span> <span class='ocrx_word' id='word_1_226' title='bbox 877 2630 983 2668; x_wconf 84' lang='lat' dir='ltr'>sacris</span> 
     </span>
     <span class='ocr_line' id='line_1_45' title="bbox 356 2681 985 2729; baseline -0.01 -6"><span class='ocrx_word' id='word_1_227' title='bbox 356 2687 579 2729; x_wconf 80' lang='lat' dir='ltr'>immolatur,</span> <span class='ocrx_word' id='word_1_228' title='bbox 604 2694 653 2728; x_wconf 87' lang='lat' dir='ltr'>et,</span> <span class='ocrx_word' id='word_1_229' title='bbox 682 2697 765 2721; x_wconf 88' lang='lat' dir='ltr'>cum</span> <span class='ocrx_word' id='word_1_230' title='bbox 784 2682 912 2719; x_wconf 89' lang='lat' dir='ltr'>-hircus</span> <span class='ocrx_word' id='word_1_231' title='bbox 934 2681 985 2718; x_wconf 85' lang='lat' dir='ltr'>se-</span> 
     </span>
     <span class='ocr_line' id='line_1_46' title="bbox 357 2732 983 2778; baseline -0.01 -3"><span class='ocrx_word' id='word_1_232' title='bbox 357 2739 428 2775; x_wconf 88' lang='lat' dir='ltr'>mel</span> <span class='ocrx_word' id='word_1_233' title='bbox 451 2737 591 2774; x_wconf 83' lang='lat' dir='ltr'>Baccho</span> <span class='ocrx_word' id='word_1_234' title='bbox 618 2736 714 2772; x_wconf 82' lang='lat' dir='ltr'>sacer</span> <span class='ocrx_word' id='word_1_235' title='bbox 740 2734 837 2778; x_wconf 82' lang='lat' dir='ltr'>effet,</span> <span class='ocrx_word' id='word_1_236' title='bbox 864 2732 900 2769; x_wconf 87' lang='lat' dir='ltr'>in</span> <span class='ocrx_word' id='word_1_237' title='bbox 924 2746 983 2770; x_wconf 86' lang='lat' dir='ltr'>ve-</span> 
     </span>
     <span class='ocr_line' id='line_1_47' title="bbox 357 2784 982 2838; baseline -0.01 -12"><span class='ocrx_word' id='word_1_238' title='bbox 357 2799 432 2827; x_wconf 88' lang='lat' dir='ltr'>tere</span> <span class='ocrx_word' id='word_1_239' title='bbox 485 2787 665 2838; x_wconf 84' lang='lat' dir='ltr'>tragoedia</span> <span class='ocrx_word' id='word_1_240' title='bbox 711 2784 982 2822; x_wconf 72' lang='lat' dir='ltr'>Athenienfium</span> 
     </span>
     <span class='ocr_line' id='line_1_48' title="bbox 356 2837 982 2891; baseline -0.01 -14"><span class='ocrx_word' id='word_1_241' title='bbox 356 2853 462 2890; x_wconf 79' lang='lat' dir='ltr'>caper</span> <span class='ocrx_word' id='word_1_242' title='bbox 479 2839 594 2891; x_wconf 73' lang='lat' dir='ltr'>poetis</span> <span class='ocrx_word' id='word_1_243' title='bbox 611 2837 797 2889; x_wconf 77' lang='lat' dir='ltr'>praemium</span> <span class='ocrx_word' id='word_1_244' title='bbox 811 2845 886 2873; x_wconf 88' lang='lat' dir='ltr'>erat</span> <span class='ocrx_word' id='word_1_245' title='bbox 901 2848 982 2886; x_wconf 87' lang='lat' dir='ltr'>pro-</span> 
     </span>
     <span class='ocr_line' id='line_1_49' title="bbox 357 2892 982 2944; baseline -0.008 -14"><span class='ocrx_word' id='word_1_246' title='bbox 357 2892 526 2944; x_wconf 72' lang='lat' dir='ltr'>positum,</span> <span class='ocrx_word' id='word_1_247' title='bbox 543 2897 686 2931; x_wconf 71' lang='lat' dir='ltr'>carmine</span> <span class='ocrx_word' id='word_1_248' title='bbox 703 2893 760 2942; x_wconf 80' lang='lat' dir='ltr'>qui</span> <span class='ocrx_word' id='word_1_249' title='bbox 776 2892 905 2941; x_wconf 78' lang='lat' dir='ltr'>tragico</span> <span class='ocrx_word' id='word_1_250' title='bbox 922 2894 982 2926; x_wconf 75' lang='lat' dir='ltr'>‘vi-</span> 
     </span>
    </p>
   </div>
   <div class='ocr_carea' id='block_1_19' title="bbox 1028 1233 1708 2981">
    <p class='ocr_par' dir='ltr' id='par_1_19' title="bbox 1038 1233 1708 1803">
     <span class='ocr_line' id='line_1_50' title="bbox 1038 1233 1666 1277; baseline -0.006 -2"><span class='ocrx_word' id='word_1_251' title='bbox 1038 1237 1101 1275; x_wconf 83' lang='lat' dir='ltr'>lem</span> <span class='ocrx_word' id='word_1_252' title='bbox 1127 1241 1276 1275; x_wconf 81' lang='lat' dir='ltr'>certavit</span> <span class='ocrx_word' id='word_1_253' title='bbox 1306 1236 1343 1274; x_wconf 76' lang='lat' dir='ltr'>cb</span> <span class='ocrx_word' id='word_1_254' title='bbox 1368 1237 1494 1274; x_wconf 78' lang='lat' dir='ltr'>hircum</span> <span class='ocrx_word' id='word_1_255' title='bbox 1529 1233 1666 1277; x_wconf 58' lang='lat' dir='ltr'>Horat*⁵⁴</span> 
     </span>
     <span class='ocr_line' id='line_1_51' title="bbox 1039 1286 1662 1338; baseline -0.002 -13"><span class='ocrx_word' id='word_1_256' title='bbox 1039 1289 1123 1326; x_wconf 88' lang='lat' dir='ltr'>Art.</span> <span class='ocrx_word' id='word_1_257' title='bbox 1146 1301 1232 1326; x_wconf 91' lang='lat'><strong>220.</strong></span> <span class='ocrx_word' id='word_1_258' title='bbox 1258 1288 1307 1326; x_wconf 89' lang='lat' dir='ltr'>cf.</span> <span class='ocrx_word' id='word_1_259' title='bbox 1326 1289 1468 1326; x_wconf 85' lang='lat' dir='ltr'>Tibull.</span> <span class='ocrx_word' id='word_1_260' title='bbox 1484 1286 1538 1331; x_wconf 88' lang='grc' dir='ltr'>ΙΙ,</span> <span class='ocrx_word' id='word_1_261' title='bbox 1563 1301 1594 1330; x_wconf 88' lang='lat'>1,</span> <span class='ocrx_word' id='word_1_262' title='bbox 1616 1300 1662 1338; x_wconf 78' lang='lat'>55</span> 
     </span>
     <span class='ocr_line' id='line_1_52' title="bbox 1039 1337 1666 1383; baseline -0.003 -7"><span class='ocrx_word' id='word_1_263' title='bbox 1039 1350 1074 1376; x_wconf 90' lang='lat' dir='ltr'>et</span> <span class='ocrx_word' id='word_1_264' title='bbox 1100 1340 1153 1377; x_wconf 83' lang='lat' dir='ltr'>ibi</span> <span class='ocrx_word' id='word_1_265' title='bbox 1185 1340 1293 1383; x_wconf 59' lang='lat' dir='ltr'>Non,</span> <span class='ocrx_word' id='word_1_266' title='bbox 1321 1353 1385 1376; x_wconf 79' lang='lat' dir='ltr'>nec</span> <span class='ocrx_word' id='word_1_267' title='bbox 1415 1353 1487 1376; x_wconf 88' lang='lat' dir='ltr'>non</span> <span class='ocrx_word' id='word_1_268' title='bbox 1510 1337 1666 1375; x_wconf 80' lang='lat' dir='ltr'>hircinis</span> 
     </span>
     <span class='ocr_line' id='line_1_53' title="bbox 1039 1390 1708 1441; baseline -0.003 -13"><span class='ocrx_word' id='word_1_269' title='bbox 1039 1391 1194 1441; x_wconf 80' lang='lat' dir='ltr'>pellibus</span> <span class='ocrx_word' id='word_1_270' title='bbox 1227 1402 1321 1428; x_wconf 83' lang='lat' dir='ltr'>utres</span> <span class='ocrx_word' id='word_1_271' title='bbox 1363 1390 1462 1434; x_wconf 60' lang='lat' dir='ltr'>faeti,</span> <span class='ocrx_word' id='word_1_272' title='bbox 1490 1390 1528 1426; x_wconf 90' lang='lat' dir='ltr'>in</span> <span class='ocrx_word' id='word_1_273' title='bbox 1574 1403 1665 1439; x_wconf 86' lang='lat' dir='ltr'>quos</span> <span class='ocrx_word' id='word_1_274' title='bbox 1706 1402 1708 1404; x_wconf 89' lang='lat'>·</span> 
     </span>
     <span class='ocr_line' id='line_1_54' title="bbox 1039 1441 1665 1484; baseline -0.002 -5"><span class='ocrx_word' id='word_1_275' title='bbox 1039 1444 1118 1480; x_wconf 91' lang='lat' dir='ltr'>oleo</span> <span class='ocrx_word' id='word_1_276' title='bbox 1137 1441 1299 1480; x_wconf 47' lang='lat' dir='ltr'>inunctos</span> <span class='ocrx_word' id='word_1_277' title='bbox 1316 1442 1510 1479; x_wconf 83' lang='lat' dir='ltr'>adfilirent.</span> <span class='ocrx_word' id='word_1_278' title='bbox 1550 1441 1665 1484; x_wconf 87' lang='lat' dir='ltr'>Tum,</span> 
     </span>
     <span class='ocr_line' id='line_1_55' title="bbox 1039 1492 1666 1545; baseline 0 -14"><span class='ocrx_word' id='word_1_279' title='bbox 1039 1495 1137 1544; x_wconf 82' lang='lat' dir='ltr'>quod</span> <span class='ocrx_word' id='word_1_280' title='bbox 1156 1499 1276 1545; x_wconf 80' lang='lat' dir='ltr'>po&#39;etae</span> <span class='ocrx_word' id='word_1_281' title='bbox 1295 1493 1424 1531; x_wconf 84' lang='lat' dir='ltr'>licebat</span> <span class='ocrx_word' id='word_1_282' title='bbox 1442 1492 1479 1530; x_wconf 88' lang='lat' dir='ltr'>in</span> <span class='ocrx_word' id='word_1_283' title='bbox 1497 1502 1666 1531; x_wconf 86' lang='lat' dir='ltr'>ornatum</span> 
     </span>
     <span class='ocr_line' id='line_1_56' title="bbox 1039 1544 1666 1597; baseline -0.005 -14"><span class='ocrx_word' id='word_1_284' title='bbox 1039 1546 1257 1597; x_wconf 85' lang='lat' dir='ltr'>captandum</span> <span class='ocrx_word' id='word_1_285' title='bbox 1271 1544 1460 1596; x_wconf 79' lang='lat' dir='ltr'>exspatiari</span> <span class='ocrx_word' id='word_1_286' title='bbox 1480 1544 1666 1594; x_wconf 89' lang='lat' dir='ltr'>quomodo</span> 
     </span>
     <span class='ocr_line' id='line_1_57' title="bbox 1040 1595 1667 1634; baseline -0.005 0"><span class='ocrx_word' id='word_1_287' title='bbox 1040 1610 1084 1634; x_wconf 82' lang='lat' dir='ltr'>ex</span> <span class='ocrx_word' id='word_1_288' title='bbox 1104 1598 1318 1634; x_wconf 70' lang='lat' dir='ltr'>Graecorum</span> <span class='ocrx_word' id='word_1_289' title='bbox 1344 1596 1415 1634; x_wconf 81' lang='lat' dir='ltr'>inis</span> <span class='ocrx_word' id='word_1_290' title='bbox 1441 1595 1546 1633; x_wconf 84' lang='lat' dir='ltr'>sacris</span> <span class='ocrx_word' id='word_1_291' title='bbox 1566 1595 1667 1632; x_wconf 88' lang='lat' dir='ltr'>Lati·</span> 
     </span>
     <span class='ocr_line' id='line_1_58' title="bbox 1041 1647 1665 1699; baseline -0.005 -14"><span class='ocrx_word' id='word_1_292' title='bbox 1041 1663 1085 1686; x_wconf 90' lang='lat' dir='ltr'>na</span> <span class='ocrx_word' id='word_1_293' title='bbox 1103 1649 1262 1699; x_wconf 77' lang='lat' dir='ltr'>ejusdem</span> <span class='ocrx_word' id='word_1_294' title='bbox 1281 1649 1340 1686; x_wconf 87' lang='lat' dir='ltr'>dei</span> <span class='ocrx_word' id='word_1_295' title='bbox 1368 1648 1464 1698; x_wconf 80' lang='lat' dir='ltr'>sacra</span> <span class='ocrx_word' id='word_1_296' title='bbox 1484 1647 1665 1690; x_wconf 83' lang='lat' dir='ltr'>fluxerint,</span> 
     </span>
     <span class='ocr_line' id='line_1_59' title="bbox 1041 1699 1669 1738; baseline -0.002 -1"><span class='ocrx_word' id='word_1_297' title='bbox 1041 1710 1310 1738; x_wconf 81' lang='lat' dir='ltr'>commemorat.</span> <span class='ocrx_word' id='word_1_298' title='bbox 1366 1699 1516 1736; x_wconf 84' lang='lat' dir='ltr'>Illustris</span> <span class='ocrx_word' id='word_1_299' title='bbox 1563 1699 1669 1736; x_wconf 73' lang='lat' dir='ltr'>locus</span> 
     </span>
     <span class='ocr_line' id='line_1_60' title="bbox 1040 1750 1513 1803; baseline -0.004 -14"><span class='ocrx_word' id='word_1_300' title='bbox 1040 1753 1110 1796; x_wconf 85' lang='lat' dir='ltr'>est3</span> <span class='ocrx_word' id='word_1_301' title='bbox 1141 1752 1277 1803; x_wconf 81' lang='lat' dir='ltr'>singula</span> <span class='ocrx_word' id='word_1_302' title='bbox 1295 1750 1513 1789; x_wconf 83' lang='lat' dir='ltr'>videbimus.</span> 
     </span>
    </p>

    <p class='ocr_par' dir='ltr' id='par_1_20' title="bbox 1028 1804 1675 2935">
     <span class='ocr_line' id='line_1_61' title="bbox 1097 1804 1667 1852; baseline -0.002 -10"><span class='ocrx_word' id='word_1_303' title='bbox 1097 1807 1182 1852; x_wconf 83' lang='lat'>381.</span> <span class='ocrx_word' id='word_1_304' title='bbox 1204 1811 1348 1841; x_wconf 72' lang='lat' dir='ltr'>‘veteres</span> <span class='ocrx_word' id='word_1_305' title='bbox 1378 1804 1450 1841; x_wconf 77' lang='lat' dir='ltr'>ludi</span> <span class='ocrx_word' id='word_1_306' title='bbox 1464 1807 1578 1848; x_wconf 74' lang='lat' dir='ltr'>ineunt</span> <span class='ocrx_word' id='word_1_307' title='bbox 1589 1812 1667 1852; x_wconf 82' lang='lat' dir='ltr'>pro-</span> 
     </span>
     <span class='ocr_line' id='line_1_62' title="bbox 1028 1853 1669 1906; baseline -0.005 -14"><span class='ocrx_word' id='word_1_308' title='bbox 1028 1858 1159 1906; x_wconf 75' lang='lat' dir='ltr'>scenia,</span> <span class='ocrx_word' id='word_1_309' title='bbox 1178 1867 1258 1905; x_wconf 73' lang='lat' dir='ltr'>pro,</span> <span class='ocrx_word' id='word_1_310' title='bbox 1276 1854 1386 1902; x_wconf 69' lang='lat' dir='ltr'>olim,</span> <span class='ocrx_word' id='word_1_311' title='bbox 1407 1853 1564 1904; x_wconf 83' lang='lat' dir='ltr'>antiquis</span> <span class='ocrx_word' id='word_1_312' title='bbox 1582 1865 1669 1890; x_wconf 84' lang='lat' dir='ltr'>tern-</span> 
     </span>
     <span class='ocr_line' id='line_1_63' title="bbox 1042 1905 1668 1956; baseline -0.005 -12"><span class='ocrx_word' id='word_1_313' title='bbox 1042 1906 1206 1956; x_wconf 86' lang='lat' dir='ltr'>poribus,</span> <span class='ocrx_word' id='word_1_314' title='bbox 1231 1905 1309 1943; x_wconf 88' lang='lat' dir='ltr'>ludi</span> <span class='ocrx_word' id='word_1_315' title='bbox 1355 1907 1395 1944; x_wconf 83' lang='lat' dir='ltr'>in</span> <span class='ocrx_word' id='word_1_316' title='bbox 1438 1905 1576 1950; x_wconf 79' lang='lat' dir='ltr'>scenam</span> <span class='ocrx_word' id='word_1_317' title='bbox 1613 1906 1668 1942; x_wconf 87' lang='lat' dir='ltr'>in·</span> 
     </span>
     <span class='ocr_line' id='line_1_64' title="bbox 1043 1956 1668 2002; baseline -0.002 -8"><span class='ocrx_word' id='word_1_318' title='bbox 1043 1957 1158 2002; x_wconf 62' lang='lat' dir='ltr'>ducti,</span> <span class='ocrx_word' id='word_1_319' title='bbox 1213 1958 1318 2002; x_wconf 62' lang='lat' dir='ltr'>facti,</span> <span class='ocrx_word' id='word_1_320' title='bbox 1372 1956 1529 1994; x_wconf 68' lang='lat' dir='ltr'>exhibiti</span> <span class='ocrx_word' id='word_1_321' title='bbox 1574 1957 1668 2001; x_wconf 16' lang='lat' dir='ltr'>sunt.»</span> 
     </span>
     <span class='ocr_line' id='line_1_65' title="bbox 1037 2008 1669 2059; baseline 0 -13"><span class='ocrx_word' id='word_1_322' title='bbox 1037 2013 1252 2059; x_wconf 76' lang='lat' dir='ltr'>proscenium,</span> <span class='ocrx_word' id='word_1_323' title='bbox 1272 2009 1415 2058; x_wconf 81' lang='lat' dir='ltr'>proprie</span> <span class='ocrx_word' id='word_1_324' title='bbox 1430 2019 1510 2045; x_wconf 83' lang='lat' dir='ltr'>ante</span> <span class='ocrx_word' id='word_1_325' title='bbox 1528 2008 1669 2046; x_wconf 85' lang='lat' dir='ltr'>scenam</span> 
     </span>
     <span class='ocr_line' id='line_1_66' title="bbox 1043 2059 1667 2110; baseline -0.003 -13"><span class='ocrx_word' id='word_1_326' title='bbox 1043 2061 1159 2098; x_wconf 82' lang='lat' dir='ltr'>versus</span> <span class='ocrx_word' id='word_1_327' title='bbox 1205 2060 1434 2103; x_wconf 78' lang='lat' dir='ltr'>orchestram,</span> <span class='ocrx_word' id='word_1_328' title='bbox 1487 2059 1667 2110; x_wconf 84' lang='lat' dir='ltr'>pulpitum</span> 
     </span>
     <span class='ocr_line' id='line_1_67' title="bbox 1043 2110 1669 2162; baseline -0.005 -13"><span class='ocrx_word' id='word_1_329' title='bbox 1043 2112 1212 2157; x_wconf 86' lang='lat' dir='ltr'>habebat,</span> <span class='ocrx_word' id='word_1_330' title='bbox 1253 2125 1326 2162; x_wconf 92' lang='lat' dir='ltr'>quo</span> <span class='ocrx_word' id='word_1_331' title='bbox 1368 2113 1502 2148; x_wconf 65' lang='lat' dir='ltr'>aetores</span> <span class='ocrx_word' id='word_1_332' title='bbox 1544 2110 1669 2161; x_wconf 75' lang='lat' dir='ltr'>prodi-</span> 
     </span>
     <span class='ocr_line' id='line_1_68' title="bbox 1044 2162 1671 2212; baseline -0.003 -12"><span class='ocrx_word' id='word_1_333' title='bbox 1044 2163 1144 2208; x_wconf 85' lang='lat' dir='ltr'>bant,</span> <span class='ocrx_word' id='word_1_334' title='bbox 1171 2165 1210 2201; x_wconf 88' lang='lat' dir='ltr'>h.</span> <span class='ocrx_word' id='word_1_335' title='bbox 1247 2164 1272 2204; x_wconf 70' lang='lat' dir='ltr'>l,</span> <span class='ocrx_word' id='word_1_336' title='bbox 1306 2162 1455 2200; x_wconf 82' lang='lat' dir='ltr'>omnino</span> <span class='ocrx_word' id='word_1_337' title='bbox 1481 2175 1548 2212; x_wconf 88' lang='lat' dir='ltr'>pro</span> <span class='ocrx_word' id='word_1_338' title='bbox 1566 2162 1671 2199; x_wconf 85' lang='lat' dir='ltr'>scena</span> 
     </span>
     <span class='ocr_line' id='line_1_69' title="bbox 1043 2212 1671 2265; baseline -0.002 -14"><span class='ocrx_word' id='word_1_339' title='bbox 1043 2215 1210 2265; x_wconf 71' lang='lat' dir='ltr'>positum.</span> <span class='ocrx_word' id='word_1_340' title='bbox 1267 2217 1353 2264; x_wconf 81' lang='lat'><strong>382.</strong></span> <span class='ocrx_word' id='word_1_341' title='bbox 1390 2216 1476 2262; x_wconf 83' lang='lat'><strong>383.</strong></span> <span class='ocrx_word' id='word_1_342' title='bbox 1518 2212 1671 2263; x_wconf 61' lang='lat' dir='ltr'><em>Thffidae</em></span> 
     </span>
     <span class='ocr_line' id='line_1_70' title="bbox 1044 2266 1673 2316; baseline -0.003 -13"><span class='ocrx_word' id='word_1_343' title='bbox 1044 2266 1286 2310; x_wconf 80' lang='lat' dir='ltr'>Atheniensis,</span> <span class='ocrx_word' id='word_1_344' title='bbox 1329 2270 1464 2315; x_wconf 73' lang='lat' dir='ltr'>postccre</span> <span class='ocrx_word' id='word_1_345' title='bbox 1507 2272 1673 2316; x_wconf 51' lang='lat' dir='ltr'>praemiffi</span> 
     </span>
     <span class='ocr_line' id='line_1_71' title="bbox 1042 2317 1672 2370; baseline -0.002 -16"><span class='ocrx_word' id='word_1_346' title='bbox 1042 2331 1109 2368; x_wconf 87' lang='lat' dir='ltr'>pro</span> <span class='ocrx_word' id='word_1_347' title='bbox 1143 2317 1307 2369; x_wconf 84' lang='lat' dir='ltr'>praemio,</span> <span class='ocrx_word' id='word_1_348' title='bbox 1333 2318 1494 2362; x_wconf 80' lang='lat' dir='ltr'>hircum,</span> <span class='ocrx_word' id='word_1_349' title='bbox 1519 2321 1672 2370; x_wconf 79' lang='lat' dir='ltr'>ingeniis,</span> 
     </span>
     <span class='ocr_line' id='line_1_72' title="bbox 1043 2369 1671 2422; baseline -0.002 -16"><span class='ocrx_word' id='word_1_350' title='bbox 1043 2370 1081 2406; x_wconf 89' lang='lat' dir='ltr'>h.</span> <span class='ocrx_word' id='word_1_351' title='bbox 1115 2369 1248 2422; x_wconf 66' lang='lat' dir='ltr'>potitis,</span> <span class='ocrx_word' id='word_1_352' title='bbox 1273 2374 1393 2411; x_wconf 79' lang='lat' dir='ltr'>circum</span> <span class='ocrx_word' id='word_1_353' title='bbox 1402 2379 1506 2419; x_wconf 76' lang='lat' dir='ltr'>pagos</span> <span class='ocrx_word' id='word_1_354' title='bbox 1531 2381 1564 2406; x_wconf 84' lang='lat' dir='ltr'>et</span> <span class='ocrx_word' id='word_1_355' title='bbox 1587 2383 1671 2406; x_wconf 84' lang='lat' dir='ltr'>com·</span> 
     </span>
     <span class='ocr_line' id='line_1_73' title="bbox 1035 2419 1672 2472; baseline -0.005 -13"><span class='ocrx_word' id='word_1_356' title='bbox 1035 2426 1130 2472; x_wconf 82' lang='lat' dir='ltr'>pita.</span> <span class='ocrx_word' id='word_1_357' title='bbox 1185 2422 1287 2464; x_wconf 81' lang='lat' dir='ltr'>Nota</span> <span class='ocrx_word' id='word_1_358' title='bbox 1304 2420 1350 2457; x_wconf 88' lang='lat' dir='ltr'>de</span> <span class='ocrx_word' id='word_1_359' title='bbox 1378 2419 1495 2470; x_wconf 81' lang='lat' dir='ltr'>prima</span> <span class='ocrx_word' id='word_1_360' title='bbox 1520 2419 1571 2457; x_wconf 85' lang='lat' dir='ltr'>rei</span> <span class='ocrx_word' id='word_1_361' title='bbox 1597 2419 1672 2457; x_wconf 88' lang='lat' dir='ltr'>sce-</span> 
     </span>
     <span class='ocr_line' id='line_1_74' title="bbox 1041 2470 1670 2523; baseline -0.005 -13"><span class='ocrx_word' id='word_1_362' title='bbox 1041 2473 1135 2510; x_wconf 83' lang='lat' dir='ltr'>nicae</span> <span class='ocrx_word' id='word_1_363' title='bbox 1151 2472 1295 2523; x_wconf 87' lang='lat' dir='ltr'>origine</span> <span class='ocrx_word' id='word_1_364' title='bbox 1310 2471 1442 2509; x_wconf 83' lang='lat' dir='ltr'>fabula.</span> <span class='ocrx_word' id='word_1_365' title='bbox 1461 2485 1497 2509; x_wconf 87' lang='lat' dir='ltr'>v.</span> <span class='ocrx_word' id='word_1_366' title='bbox 1518 2470 1670 2508; x_wconf 88' lang='lat' dir='ltr'>Horatii</span> 
     </span>
     <span class='ocr_line' id='line_1_75' title="bbox 1042 2521 1670 2576; baseline -0.002 -15"><span class='ocrx_word' id='word_1_367' title='bbox 1042 2526 1126 2563; x_wconf 87' lang='lat' dir='ltr'>Art.</span> <span class='ocrx_word' id='word_1_368' title='bbox 1149 2539 1191 2576; x_wconf 85' lang='lat'>27</span> <span class='ocrx_word' id='word_1_369' title='bbox 1199 2538 1218 2575; x_wconf 80' lang='grc'><em>5</em></span> <span class='ocrx_word' id='word_1_370' title='bbox 1238 2524 1306 2575; x_wconf 67' lang='lat' dir='ltr'>sq„</span> <span class='ocrx_word' id='word_1_371' title='bbox 1332 2536 1410 2573; x_wconf 86' lang='lat' dir='ltr'>quae</span> <span class='ocrx_word' id='word_1_372' title='bbox 1428 2523 1473 2559; x_wconf 86' lang='lat' dir='ltr'>ad</span> <span class='ocrx_word' id='word_1_373' title='bbox 1494 2521 1670 2573; x_wconf 81' lang='lat' dir='ltr'>Dionyfia</span> 
     </span>
     <span class='ocr_line' id='line_1_76' title="bbox 1043 2574 1673 2624; baseline -0.005 -11"><span class='ocrx_word' id='word_1_374' title='bbox 1043 2576 1191 2620; x_wconf 86' lang='lat' dir='ltr'>ruralia,</span> <span class='ocrx_word' id='word_1_375' title='bbox 1211 2577 1259 2614; x_wconf 77' lang='grc' dir='ltr'>τοὶ</span> <span class='ocrx_word' id='word_1_376' title='bbox 1276 2577 1359 2613; x_wconf 71' lang='grc' dir='ltr'>κατ’</span> <span class='ocrx_word' id='word_1_377' title='bbox 1376 2574 1492 2624; x_wconf 67' lang='grc' dir='ltr'><em>ἀγξὲς,</em></span> <span class='ocrx_word' id='word_1_378' title='bbox 1530 2587 1595 2624; x_wconf 91' lang='lat' dir='ltr'>per</span> <span class='ocrx_word' id='word_1_379' title='bbox 1609 2586 1673 2624; x_wconf 83' lang='lat' dir='ltr'>pa-</span> 
     </span>
     <span class='ocr_line' id='line_1_77' title="bbox 1038 2625 1670 2678; baseline -0.006 -13"><span class='ocrx_word' id='word_1_380' title='bbox 1038 2641 1103 2678; x_wconf 85' lang='lat' dir='ltr'>gos</span> <span class='ocrx_word' id='word_1_381' title='bbox 1128 2628 1253 2677; x_wconf 73' lang='lat' dir='ltr'>ucique</span> <span class='ocrx_word' id='word_1_382' title='bbox 1270 2625 1446 2678; x_wconf 84' lang='lat' dir='ltr'>pertinet:</span> <span class='ocrx_word' id='word_1_383' title='bbox 1475 2639 1495 2662; x_wconf 89' lang='lat' dir='ltr'>e</span> <span class='ocrx_word' id='word_1_384' title='bbox 1515 2634 1670 2675; x_wconf 90' lang='lat' dir='ltr'>quorum</span> 
     </span>
     <span class='ocr_line' id='line_1_78' title="bbox 1037 2676 1672 2729; baseline -0.006 -13"><span class='ocrx_word' id='word_1_385' title='bbox 1037 2691 1167 2729; x_wconf 88' lang='lat' dir='ltr'>genere</span> <span class='ocrx_word' id='word_1_386' title='bbox 1184 2692 1269 2716; x_wconf 88' lang='lat' dir='ltr'>cum</span> <span class='ocrx_word' id='word_1_387' title='bbox 1288 2678 1333 2715; x_wconf 86' lang='lat' dir='ltr'>ab</span> <span class='ocrx_word' id='word_1_388' title='bbox 1358 2676 1468 2714; x_wconf 83' lang='lat' dir='ltr'>initio</span> <span class='ocrx_word' id='word_1_389' title='bbox 1487 2677 1593 2713; x_wconf 83' lang='lat' dir='ltr'>effent</span> <span class='ocrx_word' id='word_1_390' title='bbox 1623 2677 1672 2713; x_wconf 76' lang='grc' dir='ltr'>τοὶ</span> 
     </span>
     <span class='ocr_line' id='line_1_79' title="bbox 1042 2727 1674 2776; baseline -0.005 -8"><span class='ocrx_word' id='word_1_391' title='bbox 1042 2735 1071 2769; x_wconf 79' lang='grc' dir='ltr'>ἐν</span> <span class='ocrx_word' id='word_1_392' title='bbox 1104 2733 1257 2776; x_wconf 76' lang='grc' dir='ltr'>Λίμναις,</span> <span class='ocrx_word' id='word_1_393' title='bbox 1299 2730 1327 2767; x_wconf 83' lang='lat' dir='ltr'>s.</span> <span class='ocrx_word' id='word_1_394' title='bbox 1361 2729 1486 2766; x_wconf 78' lang='lat' dir='ltr'>Lenaea</span> <span class='ocrx_word' id='word_1_395' title='bbox 1519 2727 1674 2774; x_wconf 79' lang='lat' dir='ltr'>(diversa</span> 
     </span>
     <span class='ocr_line' id='line_1_80' title="bbox 1041 2780 1675 2834; baseline -0.008 -14"><span class='ocrx_word' id='word_1_396' title='bbox 1041 2781 1189 2834; x_wconf 83' lang='lat' dir='ltr'>quidem</span> <span class='ocrx_word' id='word_1_397' title='bbox 1213 2792 1248 2818; x_wconf 85' lang='lat' dir='ltr'>et</span> <span class='ocrx_word' id='word_1_398' title='bbox 1270 2782 1347 2818; x_wconf 79' lang='lat' dir='ltr'>haec</span> <span class='ocrx_word' id='word_1_399' title='bbox 1377 2793 1399 2817; x_wconf 89' lang='lat' dir='ltr'>a</span> <span class='ocrx_word' id='word_1_400' title='bbox 1426 2780 1590 2831; x_wconf 61' lang='lat' dir='ltr'>Dtbrgystis</span> <span class='ocrx_word' id='word_1_401' title='bbox 1616 2794 1675 2815; x_wconf 87' lang='lat' dir='ltr'>ur-</span> 
     </span>
     <span class='ocr_line' id='line_1_81' title="bbox 1043 2829 1675 2884; baseline -0.008 -13"><span class='ocrx_word' id='word_1_402' title='bbox 1043 2835 1154 2876; x_wconf 83' lang='lat' dir='ltr'>banis,</span> <span class='ocrx_word' id='word_1_403' title='bbox 1197 2833 1256 2870; x_wconf 84' lang='lat' dir='ltr'>seu</span> <span class='ocrx_word' id='word_1_404' title='bbox 1291 2831 1516 2884; x_wconf 82' lang='lat' dir='ltr'>majoribus),</span> <span class='ocrx_word' id='word_1_405' title='bbox 1561 2829 1675 2871; x_wconf 54' lang='lat' dir='ltr'>aufiis</span> 
     </span>
     <span class='ocr_line' id='line_1_82' title="bbox 1044 2879 1675 2935; baseline -0.017 -10"><span class='ocrx_word' id='word_1_406' title='bbox 1044 2896 1163 2925; x_wconf 80' lang='lat' dir='ltr'>tamen</span> <span class='ocrx_word' id='word_1_407' title='bbox 1181 2884 1279 2923; x_wconf 80' lang='lat' dir='ltr'>urbis</span> <span class='ocrx_word' id='word_1_408' title='bbox 1302 2883 1452 2935; x_wconf 55' lang='lat' dir='ltr'>opibus2</span> <span class='ocrx_word' id='word_1_409' title='bbox 1477 2893 1517 2929; x_wconf 81' lang='lat' dir='ltr'>ea</span> <span class='ocrx_word' id='word_1_410' title='bbox 1543 2879 1675 2932; x_wconf 80' lang='lat' dir='ltr'>praeci-</span> 
     </span>
    </p>

    <p class='ocr_par' dir='ltr' id='par_1_21' title="bbox 1562 2943 1675 2981">
     <span class='ocr_line' id='line_1_83' title="bbox 1562 2943 1675 2981; baseline 0 -13"><span class='ocrx_word' id='word_1_411' title='bbox 1562 2943 1675 2981; x_wconf 78' lang='lat' dir='ltr'>puam</span> 
     </span>
    </p>
   </div>
  </div>
 </body>
</html>
