1987 3361
516 303 638 339 tx1v
865 285 979 336 DE
1045 283 1481 334 VIRGILII

579 423 744 470 Codex
770 421 1136 484 Cantabrtgv'etgfis,
1166 436 1190 467 e
1211 415 1436 467 biblioth.
1463 416 1617 481 Regia
1652 417 1829 466 Canta-

510 506 743 634 bngodex
790 586 1058 642 Bodlet'anus‚
1106 599 1131 629 e
1178 582 1404 630 biblioth.
1452 581 1635 630 Bodlei.
1687 579 1827 629 Oxo..

510 671 674 719 nienfi.

575 752 688 799 Duo
712 751 1010 798 Armulelicmt'.

576 833 688 880 Duo
714 832 975 887 Meadiam'‚·
1005 849 1122 895 quos
1156 833 1273 879 olim
1319 831 1380 878 ab
1415 830 1673 878 immortali
1707 828 1843 876 Viro.

511 914 654 961 Rich.
679 915 890 970 Meadio,
912 913 994 959 fibi
1014 913 1197 959 oblatos
1221 912 1271 959 P.
1293 912 1587 958 Burmannus
1604 911 1828 974 neglexe-

511 1009 598 1054 rat,
620 1007 671 1043 ut
695 1013 718 1042 e
739 994 877 1059 praef.
897 995 955 1041 ad
983 995 1151 1058 Vix-gil.
1171 1006 1386 1058 apparet.

972 1132 1368 1161 Qun<z=w<1>⁸

576 1235 696 1284 Sunt
718 1251 906 1300 quoque
930 1236 1177 1293 editiones,
1207 1235 1255 1282 in
1287 1235 1461 1299 quibus
1489 1236 1632 1282 variae
1660 1236 1827 1284 lectio-

509 1320 583 1367 nis
599 1332 846 1382 apparatus
864 1319 1121 1382 apponitur
1140 1334 1232 1365 non
1250 1335 1306 1364 ex
1323 1334 1446 1365 novo
1467 1330 1512 1365 et
1526 1319 1702 1366 intacto
1720 1319 1828 1367 fon-

509 1414 556 1449 te
571 1402 753 1458 duetus,
769 1417 933 1448 verum
951 1413 1198 1464 tamquam
1220 1417 1243 1447 e
1258 1400 1448 1447 diverfis
1463 1399 1593 1448 venis
1612 1401 1658 1448 in
1677 1419 1826 1449 unum

508 1483 696 1530 alveum
720 1484 993 1532 corrivatus,
1065 1484 1314 1547 Ejusmodi
1339 1484 1503 1532 filvula
1528 1486 1668 1533 variae
1691 1487 1846 1534 leffi»

509 1568 611 1614 onis
635 1585 691 1614 ex
714 1567 814 1614 aliis
838 1568 946 1616 edd.
982 1568 1219 1632 congestae
1243 1567 1448 1632 subjecta
1473 1568 1538 1615 est
1562 1569 1622 1615 ad
1645 1570 1828 1616 calcem

509 1649 623 1695 edit.
645 1649 885 1712 Knapton.
945 1651 1071 1697 Aliae
1101 1651 1150 1698 in
1170 1650 1515 1713 antiquioribus
1534 1671 1544 1699 :
1575 1663 1628 1698 ut
1651 1652 1700 1699 in
1718 1652 1825 1700 edd.

511 1731 799 1780 Fabricianis
823 1746 868 1781 et
891 1735 1231 1792 BafilienfibuS‚
1248 1747 1353 1781 tum
1379 1735 1428 1781 in
1447 1735 1598 1784 Henr.
1625 1737 1831 1800 Stepha-

510 1813 561 1860 ni
583 1814 696 1861 edit.
722 1831 864 1878 porro
885 1818 932 1864 in
957 1818 1064 1865 edd.
1091 1818 1340 1865 Pulmann.
1399 1818 1522 1865 Mox
1544 1820 1592 1867 in
1616 1820 1825 1870 Elzevir.

509 1908 562 1942 ut
600 1897 736 1945 1622.
778 1899 913 1961 1636,
947 1900 1208 1964 subjectum
1244 1900 1383 1948 video
1416 1901 1476 1948 ad
1509 1903 1691 1950 calcem
1724 1905 1829 1952 ani-

511 1977 891 2027 madverfionum
914 1982 1147 2041 libellum,
1163 1984 1211 2030 in
1232 1983 1402 2046 quibus
1433 1969 1553 2041 loca,
1591 2001 1828 2049 perpauca

508 2073 685 2112 tamen,
701 2063 1064 2119 constituuntur,
1084 2065 1290 2111 maxime
1308 2081 1332 2111 e
1349 2064 1578 2111 Florentis
1600 2066 1829 2114 Christia-

510 2153 575 2209 ni,
590 2149 782 2213 Josephi
805 2146 1049 2210 Scaligeri,
1064 2145 1191 2194 Petri
1208 2148 1430 2195 Scriverii
1448 2161 1494 2194 et
1517 2148 1642 2196 Dan.
1667 2148 1829 2197 Hein-

511 2233 565 2281 fii
585 2231 766 2280 critica.

971 2365 1364 2397 &affl-moe

577 2468 811 2518 Praeclara
832 2471 990 2534 aliqua
1025 2484 1072 2519 et
1095 2474 1186 2520 rari
1220 2474 1430 2537 exempli
1453 2473 1750 2523 humanitate
1769 2492 1824 2524 ae

512 2552 842 2601 benevolentia
867 2554 915 2601 b.
941 2554 1039 2615 Jul.
1067 2555 1160 2602 Car
1183 2555 1456 2620 Schlaegeri,
1476 2556 1632 2604 ufibus
1656 2557 1826 2606 nostris

507 2637 658 2684 oblati
681 2648 727 2682 et
750 2636 810 2683 ad
833 2652 916 2684 nos
935 2636 1055 2684 miffi
1073 2637 1180 2685 sunt
1196 2638 1396 2686 Codices
1421 2654 1446 2686 e
1462 2638 1726 2687 Bibliotheca
1740 2637 1829 2685 Go-

510 2718 639 2767 thcma
659 2730 780 2766 tres:

1649 2802 1825 2852 Primus
