1987 3361
392 256 877 314 CODICIBUS
940 262 1103 314 MSS.
1316 285 1401 317 1.x1

87 399 480 464 Interpolationes
539 413 597 444 ex
663 411 717 444 ea
782 397 1037 443 memorari
1093 397 1193 446 vidi
1247 401 1402 464 pluri„-

86 500 202 531 mas.

154 565 319 611 Codex
360 564 629 610 Francz‘mms,
715 560 767 607 P.
822 559 1048 608 Francius
1084 575 1174 609 tres
1211 564 1402 628 Virgilii

87 648 289 695 Codices
312 646 586 710 poffederat.
658 645 732 690 Ex
756 660 851 690 uno
883 645 1130 692 vetustiore
1161 647 1403 694 membra-

86 747 233 777 naceo
278 728 551 774 varietatem
577 727 789 773 lectionis
811 744 837 773 a
860 727 981 787 Jano
1006 727 1300 775 Broukhufio
1320 745 1404 776 ex-

11 812 14 816 ’
85 821 299 872 cerptam
322 818 368 854 et
391 807 588 853 editioni
615 808 903 856 Commelin.
936 808 1074 867 1646,
1108 826 1153 867 4.
1190 810 1403 873 adscrip-

84 904 185 939 tam
201 906 314 937 cum
331 890 603 936 Burmanno
622 891 1057 937 communicaverat
1072 891 1135 937 D’
1153 891 1402 938 Orvillius.

85 989 228 1037 penes
252 990 397 1036 quem
419 974 564 1020 etiam
598 975 790 1021 alterius
827 975 1018 1022 Codicis
1052 976 1405 1023 membranacei

86 1052 337 1104 Franciani
362 1055 680 1119 fragmentum
705 1074 730 1102 a
755 1057 917 1104 medio
951 1057 1062 1104 AEn.
1094 1058 1152 1104 ad
1188 1058 1404 1105 medium

86 1136 195 1183 libri
214 1136 279 1181 VI
303 1137 408 1184 fuit.
447 1137 638 1184 Tertius
663 1137 770 1184 satis
795 1139 1017 1195 vetustus,
1039 1140 1122 1200 qui
1145 1139 1404 1186 AEneidem

85 1219 434 1281 complectitur,
459 1232 617 1264 utrum
640 1221 768 1265 idem
792 1221 862 1274 fit,
886 1222 968 1281 qui
994 1236 1118 1267 nunc
1143 1222 1189 1267 in
1213 1222 1405 1268 Amste-

84 1297 355 1344 laedamensi
373 1297 663 1344 bibliotheca
689 1298 957 1346 adservatur
973 1300 1219 1348 dubitatur
1242 1319 1267 1348 a
1286 1303 1406 1350 Bur-

85 1397 261 1427 manno
279 1380 511 1427 Secundo.
561 1380 776 1428 Omnino
802 1383 860 1429 ad
886 1383 1042 1429 infimi
1067 1383 1243 1430 ordinis
1259 1385 1401 1432 codd.

86 1461 310 1508 videntur
335 1462 579 1509 Franciani
616 1463 704 1509 effe
738 1464 1019 1527 ablegandi3
1056 1481 1165 1526 quae
1193 1466 1322 1512 enim
1348 1483 1405 1513 ex

85 1543 144 1589 iis
168 1544 433 1600 laudantur,
454 1543 559 1590 sunt
593 1561 722 1591 mera
747 1546 1031 1609 plerumque
1055 1547 1187 1602 vitia,
1221 1547 1404 1594 aberra-

85 1627 235 1674 tiones
259 1639 306 1673 et
330 1626 534 1672 indoCtae
559 1627 962 1690 interpolationes,

155 1708 318 1755 Codex
354 1708 583 1756 Tollicznus.
653 1709 751 1755 Sub
798 1711 888 1757 hoc
923 1711 1117 1758 nomine
1157 1712 1407 1761 laudantur

86 1791 297 1838 vanlec'c.
324 1791 371 1838 in
393 1790 629 1854 Georgica
652 1809 677 1837 a
692 1792 792 1852 Jac.
807 1793 969 1840 Tollio
987 1810 1043 1840 ex
1057 1794 1177 1840 Cod.
1200 1811 1406 1858 papyra-

84 1889 172 1922 ceo
195 1872 500 1918 bibliothecae
527 1872 926 1937 Teutoburgenfis
951 1874 1160 1921 collectae
1183 1888 1230 1921 et
1263 1877 1405 1924 editi-

85 1956 166 2002 oni
192 1956 477 2002 Commelin.
518 1957 641 2016 1646
665 1957 931 2021 adscriptae,
966 1976 1111 2022 quam
1137 1958 1405 2006 D’Orvilli-

86 2054 139 2085 us
163 2038 433 2084 Burmanno
454 2039 798 2100 excerpendam
815 2041 1133 2088 commiserat.

154 2120 355 2167 Codices
380 2120 591 2180 Leidensts
624 2121 715 2179 duo,
748 2138 864 2185 quos
890 2124 989 2188 ipse
1014 2124 1066 2172 P.
1106 2126 1402 2179 Burmannus

86 2203 308 2250 contulit.

154 2286 319 2333 Codex
344 2287 639 2338 Zulichemies.

155 2369 318 2418 Codex
355 2370 575 2429 Vqffiamzs,
608 2390 665 2419 an
699 2390 818 2421 unus
848 2391 904 2423 ex
945 2375 1002 2423 iis
1038 2377 1196 2438 fuerit,
1229 2383 1403 2446 quibus

87 2451 312 2498 Heinsius
336 2451 440 2498 usus
464 2452 542 2510 est,
566 2455 687 2501 mihi
710 2471 804 2501 non
828 2457 991 2520 liquet.

153 2534 318 2582 Codex
342 2535 629 2592 Graevz'anus;
662 2537 745 2600 qui
780 2538 1040 2588 admodum
1073 2559 1234 2593 recens
1272 2548 1403 2596 fuisse

85 2615 288 2662 videtur.

153 2700 317 2747 Codex
341 2701 558 2751 Oudartii.

155 2781 318 2830 Codex
355 2784 704 2852 Vranstavierffis,
746 2781 1055 2841 bibliothecae
1105 2794 1404 2844 Elisabetha-

1314 2894 1405 2933 nae,
