1821 3381
692 297 970 365 [295]

477 646 1041 688 EXCURSUS
1123 648 1158 692 Ῐ.

560 750 636 799 De
669 764 814 802 aratro
850 755 1099 818 Wrgiliano.

163 848 332 933 GEOR
340 903 378 930 G.
397 893 432 937 I,
464 894 534 945 169
553 895 630 947 sqq.
648 897 809 937 Continuo
826 904 861 937 in
875 899 985 950 silet-is
1002 916 1130 953 magna
1146 907 1192 939 vi
1200 905 1303 952 flexa
1327 905 1483 944 domatur

155 950 205 991 In
221 952 330 990 burim
345 965 377 990 et
394 959 653 1006 curvifhrmam
668 964 787 1009 accipit
803 959 910 998 ulmus
932 968 1049 998 aratri
1057 974 1071 998 .·
1099 963 1191 1000 Huic
1212 980 1236 1000 a
1247 967 1356 1014 stirpe
1379 969 1480 1015 pedes

155 1019 239 1048 temo
250 1022 421 1062 protentus
450 1021 486 1052 in
502 1021 592 1061 050,·
623 1018 727 1054 Binae
742 1034 840 1056 aures
865 1020 993 1070 duplici
1014 1030 1181 1070 aptantur
1205 1024 1358 1061 dentalia
1375 1027 1478 1074 dorsb.

155 1070 314 1112 Caeditur
327 1084 360 1110 et
373 1074 448 1112 tilia
473 1078 644 1128 antejago
658 1077 746 1115 levis
763 1078 901 1130 altaque
901 1083 1031 1132 fagus,
1059 1081 1243 1134 Slivaque,
1269 1098 1347 1135 quae
1359 1099 1478 1124 currus

153 1145 178 1178 a
193 1139 285 1182 tergo
300 1142 451 1183 torqueat
466 1139 554 1172 imos.

203 1187 366 1240 Exposui
396 1193 518 1231 locum
547 1203 722 1245 quantum
748 1196 853 1247 potui
871 1210 938 1247 pro
957 1196 1128 1237 sermonis
1144 1201 1311 1248 ratione3
1338 1202 1400 1240 etfi
1420 1204 1475 1243 rei

148 1251 302 1298 agrariae
318 1250 450 1301 peritia
477 1266 552 1290 non
577 1253 660 1290 satis
678 1254 880 1293 instrustus.
925 1258 1151 1296 *Admodum
1170 1259 1292 1312 itaque
1309 1262 1473 1307 laetabar,

148 1319 234 1346 cum
264 1311 341 1360 post
367 1310 432 1348 illa
458 1325 478 1349 a
508 1326 567 1351 me
593 1312 725 1364 scripta
740 1314 902 1353 viderem
920 1317 1039 1355 virum
1058 1319 1224 1367 dotium,
1252 1321 1304 1358 rei
1320 1322 1474 1372 agrariae

144 1369 322 1419 peritum,
350 1385 505 1423 eumque
535 1374 890 1424 perspicaciflimum,
916 1379 957 1415 de
985 1390 1102 1417 aratro
1119 1390 1273 1419 veterum
1300 1393 1472 1420 accurate

144 1441 253 1479 agere
269 1432 571 1485 (Betrachtungen
594 1434 757 1484 teutschen
777 1437 948 1475 Patrioten
965 1437 1066 1490 heilzg
1082 1440 1156 1476 III
1169 1442 1278 1479 Band
1292 1446 1406 1491 1780,
1426 1453 1468 1492 p·

146 1491 220 1536 283
237 1493 374 1543 spq.),·
408 1492 555 1542 repetiit
582 1493 707 1531 eadem
727 1494 804 1532 fere
829 1494 869 1533 in
901 1497 998 1534 Ac‘Zis
1026 1498 1136 1536 Acad.
1166 1500 1274 1537 Elea.
1310 1501 1468 1553 Mogunt.

147 1560 262 1598 1779,
289 1563 327 1600 p.
368 1564 437 1603 ¹²5
460 1552 536 1603 sqq.
593 1552 794 1603 Proponam
823 1567 867 1592 ex
885 1567 943 1599 eo,
971 1569 1050 1606 quae
1074 1557 1120 1594 ad
1145 1556 1348 1608 Virgilium
1369 1561 1467 1610 spec-

142 1614 237 1652 tant,
264 1619 369 1648 acute
398 1611 523 1662 utique
549 1621 586 1649 et
614 1612 801 1663 ingeniose
818 1613 1012 1665 disputata.
1067 1616 1126 1654 De
1141 1619 1279 1656 caeteris
1295 1619 1467 1670 dispiciet

139 1665 257 1704 bonus
277 1668 430 1707 Hesiodi
448 1672 584 1714 editor,
610 1671 634 1707 fi
652 1671 731 1720 quis
746 1672 821 1721 ejus
838 1673 995 1710 carmini
1011 1674 1209 1724 aliquando
1226 1677 1420 1728 obtigerit.

192 1725 318 1765 Primo
350 1729 496 1767 versus:
525 1730 686 1768 Caednur
707 1739 739 1766 et
767 1730 842 1767 tilia
868 1736 1042 1784 antejago
1066 1733 1169 1779 levis,
1197 1736 1335 1787 altaque
1348 1742 1465 1791 fagus

138 1786 268 1831 Stivae,
294 1803 371 1839 quae
401 1805 516 1827 currus
546 1805 570 1826 a
594 1799 684 1840 tergo
700 1799 851 1840 torqueat
862 1797 965 1828 imos:
991 1804 1012 1828 e
1030 1792 1187 1830 Martini
1202 1796 1348 1844 judicio
1366 1810 1458 1836 con-

135 1846 272 1892 stituit3
300 1848 433 1899 eosque
455 1849 554 1886 bono
583 1849 682 1886 sensu
710 1862 832 1886 carere
856 1850 1079 1899 pronuntiat,
1107 1852 1172 1890 nifi
1198 1859 1308 1904 cursus
1337 1869 1460 1896 ernen-

136 1905 246 1944 detur
259 1920 343 1946 cum
360 1909 443 1946 viro
460 1909 569 1946 dotto
593 1908 689 1960 apud
707 1909 927 1949 Martinum.
981 1910 1179 1953 Enimvero
1197 1913 1245 1950 fic
1275 1915 1386 1953 Maro
1405 1918 1459 1954 la-

133 1965 210 2004 tine
226 1967 349 2006 dicere
368 1982 442 2006 non
460 1970 581 2020 potuit
598 1982 607 2006 :
636 1970 736 2020 quod
752 1968 870 2007 sensus
888 1983 1066 2022 quemque
1083 1971 1165 2010 suus
1182 1974 1313 2013 docere
1329 1978 1457 2028 potest,

132 2024 161 2061 fi
178 2025 350 2065 sermonis
369 2028 469 2066 usum
486 2029 626 2066 habeat.
683 2028 736 2065 At
754 2044 886 2067 currum
915 2043 982 2081 pro
1000 2043 1117 2071 aratro
1136 2039 1212 2070 rotis
1229 2037 1382 2086 ifflrulio
1399 2037 1456 2074 di-

131 2096 213 2122 cere
227 2099 292 2138 per
307 2087 444 2138 poetici
461 2088 632 2126 sermonis
647 2088 808 2125 indolem
826 2098 862 2126 et
879 2089 980 2127 usum
998 2090 1102 2128 licuit
1118 2107 1128 2137 ;
1147 2105 1246 2137 eum,
1266 2094 1302 2132 h.
1322 2108 1355 2133 e.
1375 2109 1455 2134 ara-

130 2152 244 2190 trum,
273 2146 382 2197 regit,
409 2164 433 2185 a
456 2159 545 2200 tergo
574 2158 700 2199 torquet
723 2157 864 2193 arator;
891 2155 952 2186 imi
978 2165 1094 2188 currus
1119 2151 1283 2202 epitheto
1301 2165 1453 2193 ornante

130 2203 223 2242 dieti
247 2204 326 2243 sunt
344 2220 418 2244 non
437 2208 554 2245 minus
573 2208 730 2258 poetice,
758 2218 932 2258 quatenus
948 2222 1094 2251 vomexe
1118 2211 1191 2247 alte
1208 2211 1375 2261 impresso
1395 2213 1452 2251 in-

129 2262 244 2302 ferior
270 2265 380 2303 aratri
400 2280 480 2316 pars
511 2267 661 2318 desuper
680 2267 725 2304 ab
742 2279 801 2310 e0,
829 2267 892 2317 qui
910 2269 1033 2306 stivam
1056 2270 1276 2315 moderatur,
1294 2271 1452 2312 flectitur

127 2336 171 2363 ac
190 2325 351 2375 regitur3
380 2326 468 2364 Exit
485 2327 621 2377 itaque,
642 2327 752 2364 modo
768 2327 915 2378 genium
932 2329 1072 2379 poe’tici
1086 2329 1259 2367 sermonis
1277 2339 1410 2377 teneaS,
1427 2345 1450 2370 e

129 2381 338 2435 Virgiliana
364 2386 516 2423 lefflone
532 2387 706 2424 sententia
731 2387 871 2431 eadem,
898 2401 1006 2439 quam
1028 2388 1099 2428 viri
1116 2388 1215 2426 dotti
1234 2387 1368 2427 inferre
1383 2404 1449 2428 vo..

127 2443 209 2481 lunt
241 2458 305 2496 per
322 2445 512 2484 lechonem
540 2457 760 2498 corruptam.
817 2447 942 2498 Negat
968 2448 1025 2485 vir
1041 2449 1168 2486 doc'ius
1183 2458 1341 2486 aratrum
1358 2451 1450 2491 rotis

126 2504 335 2542 instructum
367 2506 441 2556 jam
475 2517 552 2543 tum
584 2506 788 2544 innotuisse.
844 2507 964 2558 Atqui
994 2518 1120 2546 notum
1149 2508 1243 2546 illud
1261 2508 1362 2546 fuisse
1380 2510 1446 2548 hio

126 2563 202 2614 ipse
235 2565 337 2602 locus
366 2566 497 2603 docere
523 2565 689 2603 debebat.
744 2565 855 2618 Qod
889 2579 910 2603 a
937 2567 1080 2606 Catone
1107 2577 1143 2605 et
1161 2566 1326 2605 Varrone
1346 2569 1441 2607 illud

123 2636 196 2660 non
215 2635 534 2669 commemoratum
553 2625 614 2667 est,
634 2638 699 2676 pro
715 2635 930 2676 argumento
947 2626 1082 2664 idoneo
1099 2628 1165 2664 ‹.·ffe
1187 2627 1311 2677 nequit
1327 2641 1335 2664 :
1357 2641 1443 2666 cum

125 2692 250 2721 neuter
276 2684 316 2722 id
347 2694 448 2734 agat,
475 2695 515 2722 ut
541 2686 856 2724 instrumentorum
883 2686 1094 2723 rusticorum
1115 2686 1267 2723 formam
1296 2686 1437 2725 curiose

122 2740 317 2781 describat.
374 2742 445 2781 Fae
472 2757 556 2781 vero
585 2754 775 2794 utrumque
806 2743 846 2780 id
874 2743 998 2795 egisse,
1024 2743 1124 2794 quod
1157 2756 1230 2780 non
1248 2743 1346 2793 egit:
1374 2757 1441 2794 po-

124 2801 197 2840 tuit
224 2801 418 2841 secundum
451 2802 548 2846 illos,
575 2803 729 2854 Virgilii
758 2812 877 2847 aetate,
905 2803 944 2840 in
974 2815 1063 2853 agro
1091 2802 1311 2846 MantuanQ
1337 2803 1441 2841 aliud

129 2861 194 2904 usu
225 2861 374 2910 habexi;
402 2861 596 2903 Innotuete
622 2863 698 2915 post
727 2874 826 2901 arma
855 2875 877 2900 a
894 2861 996 2912 juno
1014 2859 1155 2900 Caesaxe
1172 2860 1212 2898 in
1233 2860 1378 2959 Galliasl
1393 2861 1440 2897 il-

1381 2931 1438 2959 ata
