1821 3381
272 249 819 316 GEORGICON',
893 252 1049 303 LIB.
1096 252 1189 303 ΙΙΙ.
1293 273 1388 321 429

73 383 250 436 Monte
273 388 431 436 minor
452 388 727 451 procumbit
748 413 761 440 ;
794 401 841 434 at
865 388 962 435 ima
987 388 1209 435 exaestuat
1229 389 1358 437 unda

75 476 362 534 verticibus,
386 475 668 537 nigramque
689 474 783 519 alte
807 472 1032 534 subjecstat
1047 489 1255 522 arenam.
1293 488 1381 535 241

139 568 300 615 Omne
322 567 439 614 adeo
461 583 610 630 genus
632 567 683 614 in
719 566 851 613 terris
889 565 1234 630 hominumque
1266 568 1390 616 fera-

271 672 488 719 rumque,

76 752 140 801 Et
162 768 315 816 genus
339 767 627 813 aequoreum,
649 753 872 816 pecudes,
897 755 1135 818 pidiaeque
1157 755 1387 817 volucres,

77 851 135 898 In
161 850 302 897 furias
328 849 583 912 ignemque
606 861 775 894 ruunt:
822 852 976 896 Amor
994 850 1214 898 omnibus
1238 853 1385 900 idem.

78 940 320 1006 Tempore
339 958 433 989 non
451 942 545 988 alio
567 942 832 988 catulorum
853 942 1001 988 oblita
1024 943 1175 991 leaena
1295 958 1383 1008 245

76 1034 258 1082 Saevior
278 1034 452 1081 erravit
475 1034 658 1097 campis
676 1058 688 1088 ;
726 1050 811 1081 nec
837 1034 1001 1081 funera
1024 1034 1168 1100 volgo

77 1129 203 1176 Tam
223 1129 373 1176 multa
391 1127 616 1174 informes
636 1127 728 1174 ursi
751 1128 1046 1192 stragemque
1066 1130 1239 1179 dedere

75 1221 167 1270 Per
185 1220 347 1275 filvas;
383 1231 488 1267 tum
511 1218 658 1266 saevus
684 1235 809 1282 aper,
833 1231 937 1266 tum
959 1220 1153 1283 peffima
1176 1223 1331 1286 tigris.

120 1380 196 1409 240.
215 1381 248 1403 at
262 1385 318 1404 una
334 1379 408 1403 tres.
450 1371 550 1414 etjam
565 1372 653 1403 Gud.
670 1382 688 1402 a
710 1381 756 1402 m.
770 1381 817 1414 pr·
909 1379 982 1409 241.
997 1371 1155 1415 fiaebveffat
1172 1373 1295 1408 Medic.
1320 1377 1387 1409 Ro-

77 1430 202 1460 manus,
212 1423 327 1465 optimi
342 1434 417 1454 cum
432 1425 561 1465 Mena-g.
574 1433 624 1465 pr.
640 1424 765 1454 Moret.
779 1430 882 1464 quart.
901 1422 1019 1464 fragm.
1038 1424 1164 1458 Moret.
1180 1426 1240 1458 Ed.
1250 1428 1390 1464 Mediol.

78 1474 180 1505 Goth.
193 1474 251 1506 sec.
295 1475 344 1506 Sic
359 1483 391 1506 et
406 1475 549 1506 variatur
564 1477 688 1517 Georg.
704 1472 760 1512 lv,
778 1474 852 1513 385.
895 1474 1053 1506 Vorticibus
1065 1483 1096 1506 et
1112 1474 1163 1507 hic
1175 1477 1296 1509 Medic.
1314 1491 1388 1512 cum

76 1525 138 1564 al.;
160 1533 192 1557 et
207 1526 241 1557 id
254 1526 432 1557 constanter
442 1526 529 1568 sequi
545 1526 679 1558 debebat
696 1526 810 1557 Heins.
902 1534 976 1562 242.
993 1537 1047 1569 que
1064 1527 1131 1568 post
1144 1528 1281 1571 firarum
1303 1530 1389 1562 abest

77 1585 97 1606 a
130 1577 239 1608 tribus.
332 1586 407 1616 243.
440 1578 557 1620 pecudis
587 1580 670 1608 Ven.
700 1587 727 1608 et
748 1576 868 1620 pecudes
898 1576 992 1607 Leid.
1026 1576 1083 1607 sec.
1173 1579 1245 1616 246.
1273 1581 1391 1612 Saevior

76 1630 198 1659 occurrit
227 1629 329 1670 campis
348 1629 471 1658 Moret.
501 1628 581 1664 sec.;
606 1628 695 1669 quod
719 1638 783 1658 non
813 1627 915 1658 miror
942 1627 1073 1659 arrisisse
1100 1629 1232 1661 Heinsio
1254 1639 1287 1663 et
1308 1634 1391 1664 Bur·

79 1687 207 1709 manno.
301 1687 372 1719 247.
409 1679 528 1721 infames
551 1681 611 1721 ¹¹(st
637 1678 766 1710 Zulich.
819 1687 878 1710 tum
914 1679 1004 1709 multa
1025 1679 1180 1711 Rottend.
1209 1681 1299 1713 alter.

78 1727 155 1766 248.
178 1731 239 1759 Per
246 1730 347 1769 silvas
377 1729 490 1760 Heins.
504 1740 521 1760 e
539 1730 657 1761 Medic.
690 1736 723 1762 et
745 1729 814 1761 aliis
835 1729 1063 1771 compluribus,
1083 1740 1147 1761 non
1163 1731 1312 1771 restituit,
1333 1735 1390 1767 sed

77 1782 235 1813 revocasse
251 1783 352 1814 videri
369 1779 477 1821 debet,
503 1793 579 1814 nam
604 1783 643 1814 sic
663 1783 731 1825 jam
747 1784 888 1824 Nauger.
904 1782 1066 1821 ediderat3
1089 1783 1256 1826 irrepserat
1269 1786 1388 1820 iterum

78 1830 112 1865 in
129 1833 238 1875 vulgg.
256 1835 440 1876 Pet-filvam‚
455 1833 541 1876 quod
552 1834 606 1865 alii
627 1833 757 1868 habent.
800 1843 866 1866 tunc
882 1833 934 1865 hic
952 1841 983 1865 et
997 1834 1107 1877 paullo
1121 1835 1191 1877 post
1208 1837 1307 1868 Goth.
1324 1850 1386 1884 pn,

79 1891 116 1916 ut
131 1883 214 1914 forte
224 1882 342 1927 piures,
359 1896 390 1917 v.
407 1896 434 1917 c.
450 1887 622 1916 Romanus.

78 2011 194 2058 tione,
221 2027 305 2052 cum
333 2013 496 2052 Martino
520 2012 627 2064 jungi
640 2026 704 2050 :—

80 2063 237 2115 albescere
258 2077 353 2116 ponto
372 2068 526 2118 Longius.
582 2067 634 2102 At
661 2081 703 2103 ex

79 2116 150 2153 alta
172 2130 243 2154 non
261 2131 344 2154 cum
362 2118 427 2154 illo
441 2131 543 2169 cape,
560 2129 604 2154 ex
622 2130 702 2167 pro-

80 2167 221 2213 fundo3
249 2169 444 2220 opponitur
461 2169 557 2206 enim
575 2168 703 2206 littori.

80 2218 138 2255 Ita
156 2219 278 2257 malim
294 2220 401 2257 etiam
430 2220 560 2257 addere
579 2220 704 2270 longius

79 2285 119 2308 en
135 2270 274 2322 altoque.
312 2272 391 2309 Nec
411 2281 528 2309 tamen
545 2272 591 2308 est
604 2271 704 2320 quod

80 2322 314 2372 reprehendas
338 2323 377 2360 in
403 2321 701 2373 interpunfflone‚

108 2387 187 2410 uam
223 2373 448 2419 admifimus3
491 2374 703 2424 respondent

79 2386 170 2462 ghi:
211 2424 337 2475 longius
375 2442 417 2463 ex
445 2426 572 2476 alfoque
589 2428 703 2475 finum

81 2477 205 2518 trahit,
248 2487 298 2519 et,
359 2477 491 2514 volutus
540 2479 590 2514 ad
638 2487 704 2512 ter-

83 2541 173 2565 ram.
213 2529 327 2575 finum
353 2528 462 2567 trahit
478 2530 618 2576 fluam,
654 2527 704 2563 fa-

82 2578 150 2621 cit,
199 2578 368 2622 sinuatur,
412 2592 456 2616 ex
489 2580 561 2617 alto
591 2578 705 2617 versus

78 2629 193 2674 littus.

137 2694 209 2732 242
238 2681 288 2731 sq.
330 2681 442 2719 Multi
460 2686 576 2731 poiz'tae
608 2680 706 2718 varie

83 2732 181 2770 hunc
214 2735 332 2770 locum
364 2734 569 2770 traeiarunt.
635 2732 704 2769 Sed

79 2784 248 2835 proxime
279 2785 392 2824 noster
423 2783 585 2823 Lucretii
601 2782 703 2822 vesti-

766 2012 828 2064 gia
844 2014 960 2064 preffit
970 2028 982 2057 ς
1000 2013 1164 2064 inprimis
1181 2015 1214 2061 I,
1238 2032 1281 2056 12
1294 2018 1389 2070 sqq„

766 2077 836 2102 una
854 2078 937 2103 curn
964 2065 1114 2103 Aristot.
1140 2068 1224 2106 loco
1250 2070 1388 2109 Histor-

767 2115 894 2154 Anim.
915 2116 985 2161 VI,
1013 2119 1071 2155 18.
1125 2122 1210 2164 246.
1240 2130 1388 2167 erravit,

766 2181 831 2217 pro
855 2168 916 2212 est,
950 2168 1016 2205 effe
1047 2168 1144 2207 solet.
1201 2170 1387 2210 poeticam

765 2218 965 2257 orationem
979 2220 1181 2258 considera:
1200 2222 1297 2261 die‘ta
1313 2225 1389 2262 haec

767 2283 833 2320 pro
850 2282 859 2306 z
889 2280 964 2308 turn
983 2272 1078 2316 ferae,
1092 2273 1251 2323 equibus
1264 2276 1390 2314 leaenas

767 2331 802 2359 et
821 2321 914 2359 ursas
946 2323 1065 2373 primo
1097 2324 1181 2361 loco
1212 2328 1390 2373 nominat,

765 2373 1006 2411 efferatiffimae
1038 2374 1127 2413 sunt.
1182 2390 1267 2426 247.
1285 2384 1391 2430 infor-

768 2439 830 2461 mes
856 2427 935 2474 ursi,
956 2426 1146 2470 deformes,
1173 2438 1305 2479 turpes,
1338 2431 1389 2469 cf.

769 2475 902 2514 Cerda.
966 2477 1023 2514 De
1049 2478 1148 2515 rabie
1166 2480 1327 2518 ursorum
1345 2495 1391 2519 ex

770 2526 919 2565 Veneris
950 2528 1112 2572 stimulis,
1146 2539 1184 2566 ut
1215 2531 1391 2571 dilanient

768 2578 909 2624 obvios,
935 2579 1010 2617 vid.
1041 2580 1190 2618 Aristot.
1229 2596 1288 2626 11,
1317 2586 1391 2622 Ar..

769 2643 858 2667 rom.
875 2629 947 2675 VI,
970 2635 1028 2669 18.
1083 2646 1168 2682 249.
1185 2632 1297 2670 Conf.
1316 2636 1390 2674 loc.

768 2694 825 2731 ap.
847 2682 1040 2720 Calabrum
1061 2681 1212 2734 Paralip.
1238 2684 1285 2729 V,
1303 2701 1389 2737 373.

771 2747 855 2783 374.
886 2747 970 2783 377.
992 2738 1075 2784 378.
1131 2733 1295 2773 Formam
1311 2752 1391 2775 ora·

768 2783 878 2823 tionis
895 2784 1050 2823 vidimus
1064 2785 1140 2835 jam
1160 2786 1235 2838 sup.
1255 2787 1287 2832 I,
1315 2804 1387 2840 447

1313 2842 1390 2879 Heu
