<?xml version="1.0" encoding="UTF-8"?>
<!DOCTYPE html PUBLIC "-//W3C//DTD XHTML 1.0 Transitional//EN"
    "http://www.w3.org/TR/xhtml1/DTD/xhtml1-transitional.dtd">
<html xmlns="http://www.w3.org/1999/xhtml" xml:lang="en" lang="en">
 <head>
  <title>
</title>
<meta http-equiv="Content-Type" content="text/html;charset=utf-8" />
  <meta name='ocr-system' content='tesseract 3.04.00' />
  <meta name='ocr-capabilities' content='ocr_page ocr_carea ocr_par ocr_line ocrx_word'/>
</head>
<body>
  <div class='ocr_page' id='page_1' title='image "./operavarietatele01virguoft_0136.png"; bbox 0 0 1987 3361; ppageno 0'>
   <div class='ocr_carea' id='block_1_1' title="bbox 520 288 1402 340">
    <p class='ocr_par' dir='ltr' id='par_1_1' title="bbox 520 288 1402 340">
     <span class='ocr_line' id='line_1_1' title="bbox 520 288 1402 340; baseline 0.014 -11"><span class='ocrx_word' id='word_1_1' title='bbox 520 299 617 330; x_wconf 89' lang='lat' dir='ltr'><strong>cxx</strong></span> <span class='ocrx_word' id='word_1_2' title='bbox 866 288 971 336; x_wconf 91' lang='lat' dir='ltr'><strong>DE</strong></span> <span class='ocrx_word' id='word_1_3' title='bbox 1020 290 1402 340; x_wconf 90' lang='lat' dir='ltr'>VIRGILII</span> 
     </span>
    </p>
   </div>
   <div class='ocr_carea' id='block_1_2' title="bbox 513 419 1834 773">
    <p class='ocr_par' dir='ltr' id='par_1_2' title="bbox 516 419 1834 601">
     <span class='ocr_line' id='line_1_2' title="bbox 570 419 1834 484; baseline 0.011 -29"><span class='ocrx_word' id='word_1_4' title='bbox 570 419 615 456; x_wconf 84' lang='lat' dir='ltr'><strong>P.</strong></span> <span class='ocrx_word' id='word_1_5' title='bbox 644 421 687 457; x_wconf 88' lang='lat' dir='ltr'><strong>V.</strong></span> <span class='ocrx_word' id='word_1_6' title='bbox 720 421 778 459; x_wconf 91' lang='lat' dir='ltr'><strong>M.</strong></span> <span class='ocrx_word' id='word_1_7' title='bbox 815 424 943 473; x_wconf 72' lang='lat' dir='ltr'><em>Opera,</em></span> <span class='ocrx_word' id='word_1_8' title='bbox 972 425 1064 462; x_wconf 79' lang='lat' dir='ltr'><em>Phil.</em></span> <span class='ocrx_word' id='word_1_9' title='bbox 1085 427 1353 465; x_wconf 62' lang='lat' dir='ltr'><em>Melanchthom&#39;s</em></span> <span class='ocrx_word' id='word_1_10' title='bbox 1372 428 1543 478; x_wconf 71' lang='lat' dir='ltr'><strong>1&#39;lllfi7‘ata</strong></span> <span class='ocrx_word' id='word_1_11' title='bbox 1547 430 1693 479; x_wconf 80' lang='lat' dir='ltr'><strong>scholiis.</strong></span> <span class='ocrx_word' id='word_1_12' title='bbox 1730 432 1834 484; x_wconf 60' lang='lat' dir='ltr'><strong>1:inst</strong></span> 
     </span>
     <span class='ocr_line' id='line_1_3' title="bbox 516 476 1833 538; baseline 0.011 -27"><span class='ocrx_word' id='word_1_13' title='bbox 516 476 588 512; x_wconf 76' lang='lat' dir='ltr'><strong>dem</strong></span> <span class='ocrx_word' id='word_1_14' title='bbox 607 478 787 528; x_wconf 62' lang='lat' dir='ltr'><strong>Optssivzla,</strong></span> <span class='ocrx_word' id='word_1_15' title='bbox 815 481 925 518; x_wconf 58' lang='lat' dir='ltr'><em>Culcx</em></span> <span class='ocrx_word' id='word_1_16' title='bbox 944 486 1083 534; x_wconf 61' lang='lat' dir='ltr'><strong>iiyispem</strong></span> <span class='ocrx_word' id='word_1_17' title='bbox 1113 502 1136 522; x_wconf 76' lang='lat' dir='ltr'><em>a</em></span> <span class='ocrx_word' id='word_1_18' title='bbox 1155 487 1197 523; x_wconf 86' lang='lat' dir='ltr'><strong>P.</strong></span> <span class='ocrx_word' id='word_1_19' title='bbox 1234 486 1355 523; x_wconf 79' lang='lat' dir='ltr'><em>Bembo</em></span> <span class='ocrx_word' id='word_1_20' title='bbox 1375 494 1553 538; x_wconf 80' lang='lat' dir='ltr'><strong>recognita.</strong></span> <span class='ocrx_word' id='word_1_21' title='bbox 1613 488 1749 527; x_wconf 83' lang='lat' dir='ltr'><strong>Parifiis</strong></span> <span class='ocrx_word' id='word_1_22' title='bbox 1766 503 1833 528; x_wconf 59' lang='lat' dir='ltr'><strong>ex-</strong></span> 
     </span>
     <span class='ocr_line' id='line_1_4' title="bbox 516 533 1829 601; baseline 0.014 -33"><span class='ocrx_word' id='word_1_23' title='bbox 516 533 669 571; x_wconf 69' lang='lat' dir='ltr'>cudebat</span> <span class='ocrx_word' id='word_1_24' title='bbox 685 536 744 584; x_wconf 67' lang='lat' dir='ltr'><strong>jn.</strong></span> <span class='ocrx_word' id='word_1_25' title='bbox 766 537 952 576; x_wconf 80' lang='lat' dir='ltr'><strong>Lodoicus</strong></span> <span class='ocrx_word' id='word_1_26' title='bbox 1657 549 1691 585; x_wconf 91' lang='lat'><strong>8.</strong></span> <span class='ocrx_word' id='word_1_27' title='bbox 1717 551 1829 601; x_wconf 79' lang='lat'><strong>¹538·-</strong></span> 
     </span>
    </p>

    <p class='ocr_par' dir='ltr' id='par_1_3' title="bbox 567 591 1723 657">
     <span class='ocr_line' id='line_1_5' title="bbox 567 591 1723 657; baseline 0.015 -30"><span class='ocrx_word' id='word_1_28' title='bbox 567 591 750 630; x_wconf 78' lang='lat' dir='ltr'><strong>Maittair.</strong></span> <span class='ocrx_word' id='word_1_29' title='bbox 772 597 906 635; x_wconf 83' lang='lat' dir='ltr'><strong>Annal.</strong></span> <span class='ocrx_word' id='word_1_30' title='bbox 926 598 1007 636; x_wconf 88' lang='lat' dir='ltr'><strong>Ind.</strong></span> <span class='ocrx_word' id='word_1_31' title='bbox 1028 612 1064 649; x_wconf 89' lang='lat' dir='ltr'><strong>p.</strong></span> <span class='ocrx_word' id='word_1_32' title='bbox 1084 613 1169 652; x_wconf 85' lang='lat'><strong>329.</strong></span> <span class='ocrx_word' id='word_1_33' title='bbox 1224 600 1322 638; x_wconf 88' lang='lat' dir='ltr'>Vide</span> <span class='ocrx_word' id='word_1_34' title='bbox 1339 603 1449 640; x_wconf 89' lang='lat' dir='ltr'>modo</span> <span class='ocrx_word' id='word_1_35' title='bbox 1468 603 1589 656; x_wconf 87' lang='lat' dir='ltr'><strong>Lugd.</strong></span> <span class='ocrx_word' id='word_1_36' title='bbox 1614 618 1723 657; x_wconf 87' lang='grc'>1537.</span> 
     </span>
    </p>

    <p class='ocr_par' dir='ltr' id='par_1_4' title="bbox 513 653 1834 773">
     <span class='ocr_line' id='line_1_6' title="bbox 567 653 1834 713; baseline 0.009 -25"><span class='ocrx_word' id='word_1_37' title='bbox 567 653 793 704; x_wconf 51' lang='lat' dir='ltr'><strong>Pamphi-(ists</strong></span> <span class='ocrx_word' id='word_1_38' title='bbox 812 662 846 692; x_wconf 73' lang='lat' dir='ltr'><strong>in</strong></span> <span class='ocrx_word' id='word_1_39' title='bbox 863 656 967 692; x_wconf 80' lang='lat' dir='ltr'><strong>XVI.</strong></span> <span class='ocrx_word' id='word_1_40' title='bbox 1002 665 1160 696; x_wconf 71' lang='lat' dir='ltr'><em>orationes</em></span> <span class='ocrx_word' id='word_1_41' title='bbox 1181 660 1332 710; x_wconf 77' lang='lat' dir='ltr'><em>Vergilii,</em></span> <span class='ocrx_word' id='word_1_42' title='bbox 1359 677 1433 711; x_wconf 78' lang='lat' dir='ltr'><strong>quae</strong></span> <span class='ocrx_word' id='word_1_43' title='bbox 1449 665 1574 713; x_wconf 77' lang='lat' dir='ltr'><em>quidem</em></span> <span class='ocrx_word' id='word_1_44' title='bbox 1589 670 1692 713; x_wconf 85' lang='lat' dir='ltr'><em>primo</em></span> <span class='ocrx_word' id='word_1_45' title='bbox 1708 665 1834 702; x_wconf 82' lang='lat' dir='ltr'><strong>AEnei-.</strong></span> 
     </span>
     <span class='ocr_line' id='line_1_7' title="bbox 513 711 1828 773; baseline 0.012 -28"><span class='ocrx_word' id='word_1_46' title='bbox 513 711 567 746; x_wconf 83' lang='lat' dir='ltr'><strong>dos</strong></span> <span class='ocrx_word' id='word_1_47' title='bbox 580 711 661 748; x_wconf 64' lang='lat' dir='ltr'><em>libro</em></span> <span class='ocrx_word' id='word_1_48' title='bbox 679 720 890 752; x_wconf 56' lang='lat' dir='ltr'><strong>coutinentia.</strong></span> <span class='ocrx_word' id='word_1_49' title='bbox 945 715 1010 752; x_wconf 80' lang='lat' dir='ltr'><strong>Per</strong></span> <span class='ocrx_word' id='word_1_50' title='bbox 1028 716 1224 768; x_wconf 86' lang='lat' dir='ltr'>Gasparem</span> <span class='ocrx_word' id='word_1_51' title='bbox 1245 719 1495 764; x_wconf 80' lang='lat' dir='ltr'><strong>Heldelinum,</strong></span> <span class='ocrx_word' id='word_1_52' title='bbox 1523 721 1828 773; x_wconf 87' lang='lat' dir='ltr'><strong>Ludimagistrum</strong></span> 
     </span>
    </p>
   </div>
   <div class='ocr_carea' id='block_1_3' title="bbox 513 769 1831 881">
    <p class='ocr_par' dir='ltr' id='par_1_5' title="bbox 513 769 1831 881">
     <span class='ocr_line' id='line_1_8' title="bbox 513 769 1831 836; baseline 0.013 -31"><span class='ocrx_word' id='word_1_53' title='bbox 513 769 802 811; x_wconf 75' lang='lat' dir='ltr'><strong>Lindaviensem.</strong></span> <span class='ocrx_word' id='word_1_54' title='bbox 855 776 1090 827; x_wconf 82' lang='lat' dir='ltr'><strong>Argentorati</strong></span> <span class='ocrx_word' id='word_1_55' title='bbox 1101 791 1158 828; x_wconf 82' lang='lat' dir='ltr'><strong>ap.</strong></span> <span class='ocrx_word' id='word_1_56' title='bbox 1178 778 1371 817; x_wconf 82' lang='lat' dir='ltr'>Cratonem</span> <span class='ocrx_word' id='word_1_57' title='bbox 1390 779 1554 830; x_wconf 87' lang='lat' dir='ltr'><strong>Mylium</strong></span> <span class='ocrx_word' id='word_1_58' title='bbox 1659 786 1696 821; x_wconf 89' lang='lat'><strong>8.</strong></span> <span class='ocrx_word' id='word_1_59' title='bbox 1716 785 1831 836; x_wconf 83' lang='grc'>1538..</span> 
     </span>
     <span class='ocr_line' id='line_1_9' title="bbox 571 830 790 881; baseline 0.014 -14"><span class='ocrx_word' id='word_1_60' title='bbox 571 830 633 880; x_wconf 84' lang='grc' dir='ltr'>(Β.</span> <span class='ocrx_word' id='word_1_61' title='bbox 653 832 704 869; x_wconf 82' lang='grc' dir='ltr'>Α.</span> <span class='ocrx_word' id='word_1_62' title='bbox 721 831 790 881; x_wconf 85' lang='lat' dir='ltr'><strong>G.)</strong></span> 
     </span>
    </p>
   </div>
   <div class='ocr_carea' id='block_1_4' title="bbox 504 929 1827 2161">
    <p class='ocr_par' dir='ltr' id='par_1_6' title="bbox 1121 929 1230 968">
     <span class='ocr_line' id='line_1_10' title="bbox 1121 929 1230 968; baseline 0 -1"><span class='ocrx_word' id='word_1_63' title='bbox 1121 929 1230 968; x_wconf 82' lang='lat'>¹539·</span> 
     </span>
    </p>

    <p class='ocr_par' dir='ltr' id='par_1_7' title="bbox 504 978 1827 1213">
     <span class='ocr_line' id='line_1_11' title="bbox 563 978 1827 1040; baseline 0.01 -27"><span class='ocrx_word' id='word_1_64' title='bbox 563 978 608 1014; x_wconf 89' lang='lat' dir='ltr'><strong>P.</strong></span> <span class='ocrx_word' id='word_1_65' title='bbox 646 979 687 1016; x_wconf 91' lang='lat' dir='ltr'><strong>V.</strong></span> <span class='ocrx_word' id='word_1_66' title='bbox 723 981 780 1018; x_wconf 89' lang='lat' dir='ltr'><strong>M.</strong></span> <span class='ocrx_word' id='word_1_67' title='bbox 816 983 931 1033; x_wconf 80' lang='lat' dir='ltr'><em>Opera</em></span> <span class='ocrx_word' id='word_1_68' title='bbox 949 1001 1034 1022; x_wconf 72' lang='lat' dir='ltr'><strong>mene</strong></span> <span class='ocrx_word' id='word_1_69' title='bbox 1050 986 1173 1022; x_wconf 79' lang='lat' dir='ltr'><em>demum</em></span> <span class='ocrx_word' id='word_1_70' title='bbox 1194 986 1271 1022; x_wconf 86' lang='lat' dir='ltr'><strong>Nic.</strong></span> <span class='ocrx_word' id='word_1_71' title='bbox 1307 985 1482 1036; x_wconf 55' lang='lat' dir='ltr'><em>Erythraei</em></span> <span class='ocrx_word' id='word_1_72' title='bbox 1494 997 1592 1037; x_wconf 84' lang='lat' dir='ltr'><em>operae</em></span> <span class='ocrx_word' id='word_1_73' title='bbox 1605 991 1640 1024; x_wconf 82' lang='lat' dir='ltr'><strong>in</strong></span> <span class='ocrx_word' id='word_1_74' title='bbox 1651 990 1827 1040; x_wconf 66' lang='lat' dir='ltr'><strong>pristinam</strong></span> 
     </span>
     <span class='ocr_line' id='line_1_12' title="bbox 510 1034 1826 1095; baseline 0.01 -24"><span class='ocrx_word' id='word_1_75' title='bbox 510 1034 674 1073; x_wconf 61' lang='lat' dir='ltr'><em>lemanem</em></span> <span class='ocrx_word' id='word_1_76' title='bbox 707 1042 867 1088; x_wconf 57' lang='lat' dir='ltr'><strong>nstin-lta,</strong></span> <span class='ocrx_word' id='word_1_77' title='bbox 894 1044 1015 1079; x_wconf 75' lang='lat' dir='ltr'><em>additis</em></span> <span class='ocrx_word' id='word_1_78' title='bbox 1033 1045 1178 1095; x_wconf 37' lang='lat' dir='ltr'><em>chsdem·</em></span> <span class='ocrx_word' id='word_1_79' title='bbox 1179 1043 1322 1093; x_wconf 80' lang='lat' dir='ltr'><em>scholiis,</em></span> <span class='ocrx_word' id='word_1_80' title='bbox 1350 1060 1406 1081; x_wconf 74' lang='lat' dir='ltr'><strong>nec</strong></span> <span class='ocrx_word' id='word_1_81' title='bbox 1422 1059 1484 1082; x_wconf 73' lang='lat' dir='ltr'><strong>non</strong></span> <span class='ocrx_word' id='word_1_82' title='bbox 1509 1045 1734 1095; x_wconf 78' lang='lat' dir='ltr'><em>observatione</em></span> <span class='ocrx_word' id='word_1_83' title='bbox 1749 1046 1826 1085; x_wconf 84' lang='lat' dir='ltr'><em>dili-</em></span> 
     </span>
     <span class='ocr_line' id='line_1_13' title="bbox 504 1098 1827 1155; baseline 0.011 -26"><span class='ocrx_word' id='word_1_84' title='bbox 504 1101 603 1143; x_wconf 80' lang='lat' dir='ltr'><em>genti</em></span> <span class='ocrx_word' id='word_1_85' title='bbox 627 1112 698 1133; x_wconf 82' lang='lat' dir='ltr'><strong>cum</strong></span> <span class='ocrx_word' id='word_1_86' title='bbox 725 1098 865 1135; x_wconf 71' lang='lat' dir='ltr'><em>hcemiae</em></span> <span class='ocrx_word' id='word_1_87' title='bbox 895 1108 1009 1146; x_wconf 78' lang='lat' dir='ltr'><em>omnis,</em></span> <span class='ocrx_word' id='word_1_88' title='bbox 1036 1114 1104 1140; x_wconf 75' lang='lat' dir='ltr'><strong>tum</strong></span> <span class='ocrx_word' id='word_1_89' title='bbox 1133 1104 1315 1155; x_wconf 62' lang='lat' dir='ltr'><strong>diligentiae</strong></span> <span class='ocrx_word' id='word_1_90' title='bbox 1342 1104 1564 1142; x_wconf 72' lang='lat' dir='ltr'><em>M&#39;arom&#39;anae</em></span> <span class='ocrx_word' id='word_1_91' title='bbox 1586 1112 1621 1143; x_wconf 83' lang='lat' dir='ltr'><strong>in</strong></span> <span class='ocrx_word' id='word_1_92' title='bbox 1642 1113 1767 1152; x_wconf 84' lang='lat' dir='ltr'><em>metris,</em></span> <span class='ocrx_word' id='word_1_93' title='bbox 1793 1117 1827 1144; x_wconf 72' lang='lat' dir='ltr'><strong>et</strong></span> 
     </span>
     <span class='ocr_line' id='line_1_14' title="bbox 507 1155 1825 1213; baseline 0.013 -24"><span class='ocrx_word' id='word_1_94' title='bbox 507 1155 612 1191; x_wconf 72' lang='lat' dir='ltr'><em>indice</em></span> <span class='ocrx_word' id='word_1_95' title='bbox 650 1159 854 1206; x_wconf 68' lang='lat' dir='ltr'><strong>copiosffmo.</strong></span> <span class='ocrx_word' id='word_1_96' title='bbox 912 1160 1076 1199; x_wconf 75' lang='lat' dir='ltr'><strong>venetiis</strong></span> <span class='ocrx_word' id='word_1_97' title='bbox 1109 1175 1171 1213; x_wconf 80' lang='lat' dir='ltr'><strong>per</strong></span> <span class='ocrx_word' id='word_1_98' title='bbox 1214 1163 1274 1212; x_wconf 84' lang='lat' dir='ltr'><strong>Jo.</strong></span> <span class='ocrx_word' id='word_1_99' title='bbox 1321 1165 1410 1202; x_wconf 85' lang='lat' dir='ltr'>Ant.</span> <span class='ocrx_word' id='word_1_100' title='bbox 1448 1164 1613 1211; x_wconf 78' lang='lat' dir='ltr'><strong>Sabium,</strong></span> <span class='ocrx_word' id='word_1_101' title='bbox 1642 1166 1691 1202; x_wconf 88' lang='grc' dir='ltr'><strong>Π·</strong></span> <span class='ocrx_word' id='word_1_102' title='bbox 1723 1167 1825 1209; x_wconf 68' lang='lat' dir='ltr'><strong>Voll.</strong></span> 
     </span>
    </p>

    <p class='ocr_par' dir='ltr' id='par_1_8' title="bbox 1521 1226 1825 1279">
     <span class='ocr_line' id='line_1_15' title="bbox 1521 1226 1825 1279; baseline 0.016 -19"><span class='ocrx_word' id='word_1_103' title='bbox 1521 1226 1689 1277; x_wconf 87' lang='grc'>8.1538.</span> <span class='ocrx_word' id='word_1_104' title='bbox 1714 1240 1825 1279; x_wconf 67' lang='grc'>1539.</span> 
     </span>
    </p>

    <p class='ocr_par' dir='ltr' id='par_1_9' title="bbox 506 1271 1826 1513">
     <span class='ocr_line' id='line_1_16' title="bbox 563 1271 1826 1333; baseline 0.012 -25"><span class='ocrx_word' id='word_1_105' title='bbox 563 1271 667 1310; x_wconf 87' lang='lat' dir='ltr'><strong>Inani</strong></span> <span class='ocrx_word' id='word_1_106' title='bbox 681 1276 893 1324; x_wconf 67' lang='lat' dir='ltr'>jastatione‚</span> <span class='ocrx_word' id='word_1_107' title='bbox 922 1293 1029 1329; x_wconf 81' lang='lat' dir='ltr'>quam</span> <span class='ocrx_word' id='word_1_108' title='bbox 1058 1281 1174 1318; x_wconf 83' lang='lat' dir='ltr'><strong>Henr.</strong></span> <span class='ocrx_word' id='word_1_109' title='bbox 1208 1280 1405 1331; x_wconf 77' lang='lat' dir='ltr'>Stephanus</span> <span class='ocrx_word' id='word_1_110' title='bbox 1423 1296 1564 1333; x_wconf 86' lang='lat' dir='ltr'>quoque</span> <span class='ocrx_word' id='word_1_111' title='bbox 1582 1283 1769 1324; x_wconf 87' lang='lat' dir='ltr'>subsannat</span> <span class='ocrx_word' id='word_1_112' title='bbox 1786 1286 1826 1323; x_wconf 85' lang='lat' dir='ltr'><strong>in</strong></span> 
     </span>
     <span class='ocr_line' id='line_1_17' title="bbox 508 1331 1826 1398; baseline 0.012 -32"><span class='ocrx_word' id='word_1_113' title='bbox 508 1331 609 1380; x_wconf 77' lang='lat' dir='ltr'><strong>praef.</strong></span> <span class='ocrx_word' id='word_1_114' title='bbox 630 1333 698 1369; x_wconf 59' lang='lat' dir='ltr'><strong>suae</strong></span> <span class='ocrx_word' id='word_1_115' title='bbox 710 1334 814 1380; x_wconf 66' lang='lat' dir='ltr'><strong>edit„</strong></span> <span class='ocrx_word' id='word_1_116' title='bbox 843 1337 881 1374; x_wconf 86' lang='lat' dir='ltr'><strong>in</strong></span> <span class='ocrx_word' id='word_1_117' title='bbox 899 1338 1016 1376; x_wconf 81' lang='lat' dir='ltr'><strong>lucem</strong></span> <span class='ocrx_word' id='word_1_118' title='bbox 1035 1340 1111 1377; x_wconf 86' lang='lat' dir='ltr'><strong>edit</strong></span> <span class='ocrx_word' id='word_1_119' title='bbox 1131 1340 1256 1377; x_wconf 82' lang='lat' dir='ltr'><strong>Sabius</strong></span> <span class='ocrx_word' id='word_1_120' title='bbox 1275 1340 1433 1390; x_wconf 82' lang='lat' dir='ltr'>ineptam</span> <span class='ocrx_word' id='word_1_121' title='bbox 1451 1341 1628 1390; x_wconf 82' lang='lat' dir='ltr'><strong>Erythraei</strong></span> <span class='ocrx_word' id='word_1_122' title='bbox 1647 1345 1826 1398; x_wconf 78' lang='lat' dir='ltr'><strong>opellam3.</strong></span> 
     </span>
     <span class='ocr_line' id='line_1_18' title="bbox 506 1390 1822 1449; baseline 0.011 -23"><span class='ocrx_word' id='word_1_123' title='bbox 506 1390 554 1426; x_wconf 87' lang='lat' dir='ltr'><strong>de</strong></span> <span class='ocrx_word' id='word_1_124' title='bbox 572 1405 641 1441; x_wconf 87' lang='lat' dir='ltr'><strong>qua</strong></span> <span class='ocrx_word' id='word_1_125' title='bbox 653 1393 728 1442; x_wconf 83' lang='lat' dir='ltr'><strong>jam</strong></span> <span class='ocrx_word' id='word_1_126' title='bbox 748 1394 902 1433; x_wconf 83' lang='lat' dir='ltr'><strong>vidimus</strong></span> <span class='ocrx_word' id='word_1_127' title='bbox 921 1411 953 1435; x_wconf 86' lang='lat' dir='ltr'><strong>a.</strong></span> <span class='ocrx_word' id='word_1_128' title='bbox 991 1412 1099 1449; x_wconf 89' lang='grc'>1500.</span> <span class='ocrx_word' id='word_1_129' title='bbox 1154 1398 1362 1436; x_wconf 74' lang='lat' dir='ltr'>Memorant</span> <span class='ocrx_word' id='word_1_130' title='bbox 1379 1413 1457 1438; x_wconf 85' lang='lat' dir='ltr'><strong>eam</strong></span> <span class='ocrx_word' id='word_1_131' title='bbox 1477 1400 1665 1441; x_wconf 81' lang='lat' dir='ltr'><strong>Maittaire</strong></span> <span class='ocrx_word' id='word_1_132' title='bbox 1681 1404 1731 1444; x_wconf 87' lang='lat' dir='ltr'><strong>T.</strong></span> <span class='ocrx_word' id='word_1_133' title='bbox 1747 1405 1822 1448; x_wconf 90' lang='grc' dir='ltr'>ΙΙΙ,</span> 
     </span>
     <span class='ocr_line' id='line_1_19' title="bbox 508 1454 1617 1513; baseline 0.012 -25"><span class='ocrx_word' id='word_1_134' title='bbox 508 1464 546 1500; x_wconf 88' lang='lat' dir='ltr'><strong>p.</strong></span> <span class='ocrx_word' id='word_1_135' title='bbox 569 1454 655 1500; x_wconf 82' lang='lat'><strong>306.</strong></span> <span class='ocrx_word' id='word_1_136' title='bbox 710 1454 829 1494; x_wconf 79' lang='lat' dir='ltr'><strong>Catal.</strong></span> <span class='ocrx_word' id='word_1_137' title='bbox 852 1457 943 1495; x_wconf 81' lang='lat' dir='ltr'><strong>Bibl.</strong></span> <span class='ocrx_word' id='word_1_138' title='bbox 964 1459 1011 1496; x_wconf 90' lang='lat' dir='ltr'><strong>R.</strong></span> <span class='ocrx_word' id='word_1_139' title='bbox 1031 1459 1141 1497; x_wconf 80' lang='lat' dir='ltr'><strong>Paris.</strong></span> <span class='ocrx_word' id='word_1_140' title='bbox 1162 1474 1199 1498; x_wconf 89' lang='lat' dir='ltr'><strong>n.</strong></span> <span class='ocrx_word' id='word_1_141' title='bbox 1220 1461 1305 1498; x_wconf 87' lang='lat'><strong>226.</strong></span> <span class='ocrx_word' id='word_1_142' title='bbox 1336 1461 1426 1498; x_wconf 83' lang='lat' dir='ltr'>Bure</span> <span class='ocrx_word' id='word_1_143' title='bbox 1445 1475 1482 1500; x_wconf 87' lang='lat' dir='ltr'><strong>n.</strong></span> <span class='ocrx_word' id='word_1_144' title='bbox 1504 1463 1617 1513; x_wconf 88' lang='lat'><strong>2678.</strong></span> 
     </span>
    </p>

    <p class='ocr_par' dir='ltr' id='par_1_10' title="bbox 507 1512 1826 1636">
     <span class='ocr_line' id='line_1_20' title="bbox 561 1512 1826 1573; baseline 0.013 -25"><span class='ocrx_word' id='word_1_145' title='bbox 561 1512 605 1549; x_wconf 85' lang='lat' dir='ltr'><strong>P.</strong></span> <span class='ocrx_word' id='word_1_146' title='bbox 642 1515 684 1550; x_wconf 89' lang='lat' dir='ltr'><strong>V.</strong></span> <span class='ocrx_word' id='word_1_147' title='bbox 715 1514 772 1551; x_wconf 87' lang='lat' dir='ltr'><strong>M.</strong></span> <span class='ocrx_word' id='word_1_148' title='bbox 803 1517 916 1566; x_wconf 76' lang='lat' dir='ltr'><strong>Opem</strong></span> <span class='ocrx_word' id='word_1_149' title='bbox 933 1524 1040 1556; x_wconf 72' lang='lat' dir='ltr'><em>omnia</em></span> <span class='ocrx_word' id='word_1_150' title='bbox 1054 1519 1228 1570; x_wconf 75' lang='lat' dir='ltr'><em>diligentia</em></span> <span class='ocrx_word' id='word_1_151' title='bbox 1246 1518 1286 1556; x_wconf 86' lang='lat' dir='ltr'><strong>P.</strong></span> <span class='ocrx_word' id='word_1_152' title='bbox 1316 1519 1368 1556; x_wconf 88' lang='lat' dir='ltr'><strong>H.</strong></span> <span class='ocrx_word' id='word_1_153' title='bbox 1392 1520 1582 1558; x_wconf 82' lang='lat' dir='ltr'><strong>Suffannaei</strong></span> <span class='ocrx_word' id='word_1_154' title='bbox 1600 1538 1698 1573; x_wconf 81' lang='lat' dir='ltr'><em>quam</em></span> <span class='ocrx_word' id='word_1_155' title='bbox 1715 1542 1826 1564; x_wconf 86' lang='lat' dir='ltr'><em>emen-</em></span> 
     </span>
     <span class='ocr_line' id='line_1_21' title="bbox 507 1569 1824 1636; baseline 0.014 -32"><span class='ocrx_word' id='word_1_156' title='bbox 507 1569 665 1617; x_wconf 74' lang='lat' dir='ltr'><em>datffme</em></span> <span class='ocrx_word' id='word_1_157' title='bbox 682 1577 814 1623; x_wconf 72' lang='lat' dir='ltr'><strong>excusa.</strong></span> <span class='ocrx_word' id='word_1_158' title='bbox 871 1575 1008 1612; x_wconf 72' lang='lat' dir='ltr'><strong>Parisiis</strong></span> <span class='ocrx_word' id='word_1_159' title='bbox 1022 1578 1117 1627; x_wconf 83' lang='lat' dir='ltr'>apud</span> <span class='ocrx_word' id='word_1_160' title='bbox 1130 1576 1191 1624; x_wconf 86' lang='lat' dir='ltr'><strong>J0.</strong></span> <span class='ocrx_word' id='word_1_161' title='bbox 1213 1577 1393 1615; x_wconf 83' lang='lat' dir='ltr'>Macaeum</span> <span class='ocrx_word' id='word_1_162' title='bbox 1521 1595 1558 1630; x_wconf 88' lang='lat'><strong>4.</strong></span> <span class='ocrx_word' id='word_1_163' title='bbox 1584 1594 1692 1632; x_wconf 83' lang='grc'>1539.</span> <span class='ocrx_word' id='word_1_164' title='bbox 1714 1597 1824 1636; x_wconf 61' lang='grc'>1540.</span> 
     </span>
    </p>

    <p class='ocr_par' dir='ltr' id='par_1_11' title="bbox 561 1629 1694 1692">
     <span class='ocr_line' id='line_1_22' title="bbox 561 1629 1694 1692; baseline 0.013 -26"><span class='ocrx_word' id='word_1_165' title='bbox 561 1629 751 1668; x_wconf 78' lang='lat' dir='ltr'><strong>Maittaire</strong></span> <span class='ocrx_word' id='word_1_166' title='bbox 772 1633 822 1670; x_wconf 90' lang='lat' dir='ltr'><strong>T.</strong></span> <span class='ocrx_word' id='word_1_167' title='bbox 842 1633 914 1678; x_wconf 86' lang='lat' dir='ltr'>III,</span> <span class='ocrx_word' id='word_1_168' title='bbox 941 1649 976 1685; x_wconf 85' lang='lat' dir='ltr'><strong>p.</strong></span> <span class='ocrx_word' id='word_1_169' title='bbox 1001 1639 1088 1684; x_wconf 83' lang='lat'><strong>306.</strong></span> <span class='ocrx_word' id='word_1_170' title='bbox 1143 1637 1263 1675; x_wconf 84' lang='lat' dir='ltr'><strong>Catal.</strong></span> <span class='ocrx_word' id='word_1_171' title='bbox 1286 1638 1328 1675; x_wconf 86' lang='lat' dir='ltr'><strong>B.</strong></span> <span class='ocrx_word' id='word_1_172' title='bbox 1350 1638 1397 1675; x_wconf 91' lang='lat' dir='ltr'><strong>R.</strong></span> <span class='ocrx_word' id='word_1_173' title='bbox 1419 1638 1527 1677; x_wconf 81' lang='lat' dir='ltr'><strong>Paris.</strong></span> <span class='ocrx_word' id='word_1_174' title='bbox 1546 1654 1584 1679; x_wconf 89' lang='lat' dir='ltr'><strong>n.</strong></span> <span class='ocrx_word' id='word_1_175' title='bbox 1606 1645 1694 1692; x_wconf 83' lang='grc'>829.</span> 
     </span>
    </p>

    <p class='ocr_par' dir='ltr' id='par_1_12' title="bbox 510 1691 1825 1815">
     <span class='ocr_line' id='line_1_23' title="bbox 562 1691 1825 1756; baseline 0.016 -32"><span class='ocrx_word' id='word_1_176' title='bbox 562 1691 607 1726; x_wconf 87' lang='grc' dir='ltr'><strong>Ρ.</strong></span> <span class='ocrx_word' id='word_1_177' title='bbox 643 1692 682 1728; x_wconf 84' lang='lat' dir='ltr'><strong>V.</strong></span> <span class='ocrx_word' id='word_1_178' title='bbox 712 1693 770 1731; x_wconf 87' lang='lat' dir='ltr'><strong>M.</strong></span> <span class='ocrx_word' id='word_1_179' title='bbox 806 1694 975 1739; x_wconf 59' lang='lat' dir='ltr'><em>Bucolica,</em></span> <span class='ocrx_word' id='word_1_180' title='bbox 1003 1712 1072 1733; x_wconf 72' lang='lat' dir='ltr'><strong>cum</strong></span> <span class='ocrx_word' id='word_1_181' title='bbox 1092 1698 1153 1745; x_wconf 81' lang='lat' dir='ltr'><strong>Jo.</strong></span> <span class='ocrx_word' id='word_1_182' title='bbox 1192 1699 1293 1734; x_wconf 75' lang='lat' dir='ltr'><em>Vivis</em></span> <span class='ocrx_word' id='word_1_183' title='bbox 1313 1698 1488 1736; x_wconf 76' lang='lat' dir='ltr'><em>Valentini</em></span> <span class='ocrx_word' id='word_1_184' title='bbox 1506 1702 1630 1751; x_wconf 67' lang='lat' dir='ltr'><em>ecgsdem</em></span> <span class='ocrx_word' id='word_1_185' title='bbox 1646 1703 1825 1756; x_wconf 72' lang='lat' dir='ltr'><strong>allegoriis.</strong></span> 
     </span>
     <span class='ocr_line' id='line_1_24' title="bbox 510 1746 1825 1815; baseline 0.013 -31"><span class='ocrx_word' id='word_1_186' title='bbox 510 1746 730 1788; x_wconf 76' lang='lat' dir='ltr'><strong>Mediolani.</strong></span> <span class='ocrx_word' id='word_1_187' title='bbox 747 1765 809 1802; x_wconf 80' lang='lat' dir='ltr'><strong>per</strong></span> <span class='ocrx_word' id='word_1_188' title='bbox 828 1753 1027 1791; x_wconf 79' lang='lat' dir='ltr'><strong>Minicium</strong></span> <span class='ocrx_word' id='word_1_189' title='bbox 1048 1755 1204 1793; x_wconf 83' lang='lat' dir='ltr'>Calvum</span> <span class='ocrx_word' id='word_1_190' title='bbox 1533 1796 1536 1800; x_wconf 86' lang='grc'><em>,</em></span> <span class='ocrx_word' id='word_1_191' title='bbox 1653 1763 1688 1799; x_wconf 92' lang='grc'><strong>8.</strong></span> <span class='ocrx_word' id='word_1_192' title='bbox 1715 1774 1825 1815; x_wconf 77' lang='grc'>1539.</span> 
     </span>
    </p>

    <p class='ocr_par' dir='ltr' id='par_1_13' title="bbox 512 1806 1826 1979">
     <span class='ocr_line' id='line_1_25' title="bbox 563 1806 1826 1873; baseline 0.015 -30"><span class='ocrx_word' id='word_1_193' title='bbox 563 1806 751 1852; x_wconf 69' lang='lat' dir='ltr'><strong>Maittaire</strong></span> <span class='ocrx_word' id='word_1_194' title='bbox 766 1812 816 1848; x_wconf 84' lang='lat' dir='ltr'><strong>T.</strong></span> <span class='ocrx_word' id='word_1_195' title='bbox 842 1812 916 1855; x_wconf 90' lang='grc' dir='ltr'>ΙΙΙ,</span> <span class='ocrx_word' id='word_1_196' title='bbox 946 1826 980 1862; x_wconf 85' lang='lat' dir='ltr'><strong>p.</strong></span> <span class='ocrx_word' id='word_1_197' title='bbox 1015 1817 1102 1861; x_wconf 86' lang='lat'><strong>306.</strong></span> <span class='ocrx_word' id='word_1_198' title='bbox 1135 1815 1221 1852; x_wconf 88' lang='lat' dir='ltr'><strong>vide</strong></span> <span class='ocrx_word' id='word_1_199' title='bbox 1239 1816 1349 1854; x_wconf 91' lang='lat' dir='ltr'>modo</span> <span class='ocrx_word' id='word_1_200' title='bbox 1366 1831 1399 1854; x_wconf 84' lang='lat' dir='ltr'><strong>a.</strong></span> <span class='ocrx_word' id='word_1_201' title='bbox 1441 1831 1558 1869; x_wconf 64' lang='lat'><em>1537}</em></span> <span class='ocrx_word' id='word_1_202' title='bbox 1586 1820 1672 1858; x_wconf 89' lang='lat' dir='ltr'><strong>hinc</strong></span> <span class='ocrx_word' id='word_1_203' title='bbox 1687 1821 1775 1873; x_wconf 81' lang='lat' dir='ltr'><strong>saepe</strong></span> <span class='ocrx_word' id='word_1_204' title='bbox 1789 1835 1826 1862; x_wconf 87' lang='lat' dir='ltr'><strong>et</strong></span> 
     </span>
     <span class='ocr_line' id='line_1_26' title="bbox 512 1864 1826 1931; baseline 0.015 -30"><span class='ocrx_word' id='word_1_205' title='bbox 512 1864 598 1902; x_wconf 76' lang='lat' dir='ltr'><strong>alias</strong></span> <span class='ocrx_word' id='word_1_206' title='bbox 627 1867 800 1906; x_wconf 80' lang='lat' dir='ltr'><strong>Bucolica</strong></span> <span class='ocrx_word' id='word_1_207' title='bbox 831 1885 912 1908; x_wconf 89' lang='lat' dir='ltr'><strong>cum</strong></span> <span class='ocrx_word' id='word_1_208' title='bbox 932 1872 1038 1909; x_wconf 86' lang='lat' dir='ltr'><strong>Vivis</strong></span> <span class='ocrx_word' id='word_1_209' title='bbox 1065 1873 1189 1910; x_wconf 78' lang='lat' dir='ltr'><strong>inutili</strong></span> <span class='ocrx_word' id='word_1_210' title='bbox 1208 1875 1467 1914; x_wconf 82' lang='lat' dir='ltr'><strong>commentario</strong></span> <span class='ocrx_word' id='word_1_211' title='bbox 1495 1877 1576 1915; x_wconf 86' lang='lat' dir='ltr'>sunt</span> <span class='ocrx_word' id='word_1_212' title='bbox 1594 1882 1758 1931; x_wconf 85' lang='lat' dir='ltr'><strong>repetita,</strong></span> <span class='ocrx_word' id='word_1_213' title='bbox 1784 1893 1826 1921; x_wconf 85' lang='lat' dir='ltr'><strong>ut</strong></span> 
     </span>
     <span class='ocr_line' id='line_1_27' title="bbox 513 1925 1047 1979; baseline 0.017 -20"><span class='ocrx_word' id='word_1_214' title='bbox 513 1925 734 1972; x_wconf 78' lang='lat' dir='ltr'><strong>Antwerpiae</strong></span> <span class='ocrx_word' id='word_1_215' title='bbox 753 1943 864 1979; x_wconf 70' lang='lat'>1544,</span> <span class='ocrx_word' id='word_1_216' title='bbox 895 1935 929 1969; x_wconf 84' lang='lat'><strong>8.</strong></span> <span class='ocrx_word' id='word_1_217' title='bbox 949 1941 984 1968; x_wconf 86' lang='lat' dir='ltr'><strong>et</strong></span> <span class='ocrx_word' id='word_1_218' title='bbox 1002 1933 1047 1968; x_wconf 87' lang='lat' dir='ltr'><strong>al.</strong></span> 
     </span>
    </p>

    <p class='ocr_par' dir='ltr' id='par_1_14' title="bbox 512 1985 1826 2112">
     <span class='ocr_line' id='line_1_28' title="bbox 559 1985 1826 2050; baseline 0.016 -31"><span class='ocrx_word' id='word_1_219' title='bbox 559 1985 602 2020; x_wconf 85' lang='lat' dir='ltr'><strong>P.</strong></span> <span class='ocrx_word' id='word_1_220' title='bbox 635 1986 676 2021; x_wconf 86' lang='lat' dir='ltr'><strong>V.</strong></span> <span class='ocrx_word' id='word_1_221' title='bbox 697 1987 755 2024; x_wconf 89' lang='lat' dir='ltr'><strong>M.</strong></span> <span class='ocrx_word' id='word_1_222' title='bbox 785 1988 919 2040; x_wconf 68' lang='lat' dir='ltr'><em>Eclogce</em></span> <span class='ocrx_word' id='word_1_223' title='bbox 935 1991 1054 2034; x_wconf 70' lang='lat' dir='ltr'><em>decem,</em></span> <span class='ocrx_word' id='word_1_224' title='bbox 1084 1992 1292 2042; x_wconf 72' lang='lat' dir='ltr'><em>Calphurnii</em></span> <span class='ocrx_word' id='word_1_225' title='bbox 1303 1997 1442 2043; x_wconf 73' lang='lat' dir='ltr'><em>ſsptem,</em></span> <span class='ocrx_word' id='word_1_226' title='bbox 1471 1996 1663 2046; x_wconf 67' lang='lat' dir='ltr'><strong>Nemefiani</strong></span> <span class='ocrx_word' id='word_1_227' title='bbox 1674 2010 1826 2050; x_wconf 80' lang='lat' dir='ltr'><em>quatuor,</em></span> 
     </span>
     <span class='ocr_line' id='line_1_29' title="bbox 512 2042 1824 2112; baseline 0.014 -34"><span class='ocrx_word' id='word_1_228' title='bbox 512 2042 716 2093; x_wconf 58' lang='lat' dir='ltr'><strong>Smqusarii</strong></span> <span class='ocrx_word' id='word_1_229' title='bbox 727 2050 876 2097; x_wconf 68' lang='lat' dir='ltr'><strong>quinque.</strong></span> <span class='ocrx_word' id='word_1_230' title='bbox 931 2047 1100 2087; x_wconf 81' lang='lat' dir='ltr'><strong>Francof.</strong></span> <span class='ocrx_word' id='word_1_231' title='bbox 1120 2051 1215 2101; x_wconf 90' lang='lat' dir='ltr'>apud</span> <span class='ocrx_word' id='word_1_232' title='bbox 1235 2051 1368 2089; x_wconf 88' lang='lat' dir='ltr'>Christ.</span> <span class='ocrx_word' id='word_1_233' title='bbox 1389 2053 1609 2103; x_wconf 80' lang='lat' dir='ltr'>Egenolfum</span> <span class='ocrx_word' id='word_1_234' title='bbox 1654 2060 1690 2096; x_wconf 88' lang='lat'><strong>8.</strong></span> <span class='ocrx_word' id='word_1_235' title='bbox 1715 2070 1824 2112; x_wconf 84' lang='grc'>1539.</span> 
     </span>
    </p>

    <p class='ocr_par' dir='ltr' id='par_1_15' title="bbox 563 2101 1387 2161">
     <span class='ocr_line' id='line_1_30' title="bbox 563 2101 1387 2161; baseline 0.015 -24"><span class='ocrx_word' id='word_1_236' title='bbox 563 2101 688 2141; x_wconf 80' lang='lat' dir='ltr'><strong>Maitt.</strong></span> <span class='ocrx_word' id='word_1_237' title='bbox 705 2104 755 2142; x_wconf 89' lang='lat' dir='ltr'><strong>T.</strong></span> <span class='ocrx_word' id='word_1_238' title='bbox 776 2104 848 2150; x_wconf 87' lang='grc' dir='ltr'>ΙΙΙ,</span> <span class='ocrx_word' id='word_1_239' title='bbox 874 2121 911 2157; x_wconf 77' lang='lat' dir='ltr'><strong>p.</strong></span> <span class='ocrx_word' id='word_1_240' title='bbox 929 2109 1015 2156; x_wconf 85' lang='lat'><strong>306.</strong></span> <span class='ocrx_word' id='word_1_241' title='bbox 1034 2109 1086 2146; x_wconf 90' lang='lat' dir='ltr'><strong>cf.</strong></span> <span class='ocrx_word' id='word_1_242' title='bbox 1106 2109 1207 2160; x_wconf 82' lang='lat' dir='ltr'>supra</span> <span class='ocrx_word' id='word_1_243' title='bbox 1221 2124 1252 2147; x_wconf 80' lang='lat' dir='ltr'><strong>a.</strong></span> <span class='ocrx_word' id='word_1_244' title='bbox 1279 2125 1387 2161; x_wconf 88' lang='grc'>1504.</span> 
     </span>
    </p>
   </div>
   <div class='ocr_carea' id='block_1_5' title="bbox 564 2159 1824 2219">
    <p class='ocr_par' dir='ltr' id='par_1_16' title="bbox 564 2159 1824 2219">
     <span class='ocr_line' id='line_1_31' title="bbox 564 2159 1824 2219; baseline 0.015 -22"><span class='ocrx_word' id='word_1_245' title='bbox 564 2159 733 2212; x_wconf 77' lang='lat' dir='ltr'><strong>Repetita</strong></span> <span class='ocrx_word' id='word_1_246' title='bbox 749 2178 892 2215; x_wconf 86' lang='lat' dir='ltr'>quoque</span> <span class='ocrx_word' id='word_1_247' title='bbox 909 2167 1096 2218; x_wconf 83' lang='lat' dir='ltr'><strong>Georgica</strong></span> <span class='ocrx_word' id='word_1_248' title='bbox 1115 2182 1149 2207; x_wconf 78' lang='lat' dir='ltr'><strong>c,</strong></span> <span class='ocrx_word' id='word_1_249' title='bbox 1170 2169 1354 2208; x_wconf 86' lang='lat' dir='ltr'><strong>Willichii</strong></span> <span class='ocrx_word' id='word_1_250' title='bbox 1372 2171 1610 2212; x_wconf 84' lang='lat' dir='ltr'><strong>illustratione</strong></span> <span class='ocrx_word' id='word_1_251' title='bbox 1627 2174 1732 2217; x_wconf 78' lang='lat' dir='ltr'><strong>Bafil.</strong></span> <span class='ocrx_word' id='word_1_252' title='bbox 1787 2183 1824 2219; x_wconf 89' lang='lat'><strong>8.</strong></span> 
     </span>
    </p>
   </div>
   <div class='ocr_carea' id='block_1_6' title="bbox 516 2262 1828 2961">
    <p class='ocr_par' dir='ltr' id='par_1_17' title="bbox 565 2262 1825 2426">
     <span class='ocr_line' id='line_1_32' title="bbox 1124 2262 1232 2299; baseline 0.009 -14"><span class='ocrx_word' id='word_1_253' title='bbox 1124 2262 1232 2299; x_wconf 88' lang='grc'>1540.</span> 
     </span>
     <span class='ocr_line' id='line_1_33' title="bbox 565 2313 1825 2376; baseline 0.015 -30"><span class='ocrx_word' id='word_1_254' title='bbox 565 2313 611 2347; x_wconf 91' lang='lat' dir='ltr'><strong>P.</strong></span> <span class='ocrx_word' id='word_1_255' title='bbox 635 2313 676 2348; x_wconf 87' lang='lat' dir='ltr'><strong>V.</strong></span> <span class='ocrx_word' id='word_1_256' title='bbox 696 2313 751 2350; x_wconf 82' lang='lat' dir='ltr'><strong>M.</strong></span> <span class='ocrx_word' id='word_1_257' title='bbox 772 2315 888 2353; x_wconf 81' lang='lat' dir='ltr'><strong>Maro.</strong></span> <span class='ocrx_word' id='word_1_258' title='bbox 941 2316 998 2352; x_wconf 77' lang='lat' dir='ltr'><strong>Ex</strong></span> <span class='ocrx_word' id='word_1_259' title='bbox 1017 2318 1079 2354; x_wconf 70' lang='lat' dir='ltr'><strong>offi</strong></span> <span class='ocrx_word' id='word_1_260' title='bbox 1099 2316 1194 2356; x_wconf 88' lang='lat' dir='ltr'><strong>Rob.</strong></span> <span class='ocrx_word' id='word_1_261' title='bbox 1213 2319 1396 2369; x_wconf 81' lang='lat' dir='ltr'><strong>Stephani.</strong></span> <span class='ocrx_word' id='word_1_262' title='bbox 1425 2320 1536 2360; x_wconf 86' lang='lat' dir='ltr'><strong>Paris.</strong></span> <span class='ocrx_word' id='word_1_263' title='bbox 1653 2326 1689 2362; x_wconf 78' lang='lat'><strong>8.</strong></span> <span class='ocrx_word' id='word_1_264' title='bbox 1715 2338 1825 2376; x_wconf 78' lang='lat'><strong>1540.</strong></span> 
     </span>
     <span class='ocr_line' id='line_1_34' title="bbox 565 2367 1021 2426; baseline 0.015 -21"><span class='ocrx_word' id='word_1_265' title='bbox 565 2367 664 2406; x_wconf 86' lang='lat' dir='ltr'><strong>Vide</strong></span> <span class='ocrx_word' id='word_1_266' title='bbox 682 2371 757 2421; x_wconf 89' lang='lat' dir='ltr'><strong>sup.</strong></span> <span class='ocrx_word' id='word_1_267' title='bbox 782 2385 890 2424; x_wconf 82' lang='grc'>1533.</span> <span class='ocrx_word' id='word_1_268' title='bbox 915 2388 1021 2426; x_wconf 85' lang='grc'>1537.</span> 
     </span>
    </p>

    <p class='ocr_par' dir='ltr' id='par_1_18' title="bbox 564 2430 1828 2606">
     <span class='ocr_line' id='line_1_35' title="bbox 564 2430 1825 2495; baseline 0.015 -31"><span class='ocrx_word' id='word_1_269' title='bbox 564 2443 679 2479; x_wconf 68' lang='lat' dir='ltr'>—per</span> <span class='ocrx_word' id='word_1_270' title='bbox 697 2430 786 2469; x_wconf 78' lang='lat' dir='ltr'><strong>Sim.</strong></span> <span class='ocrx_word' id='word_1_271' title='bbox 807 2433 1022 2472; x_wconf 68' lang='lat' dir='ltr'><strong>Colinaeum.</strong></span> <span class='ocrx_word' id='word_1_272' title='bbox 1043 2435 1154 2472; x_wconf 80' lang='lat' dir='ltr'><strong>Paris.</strong></span> <span class='ocrx_word' id='word_1_273' title='bbox 1630 2452 1688 2480; x_wconf 89' lang='lat'><strong>12.</strong></span> <span class='ocrx_word' id='word_1_274' title='bbox 1712 2455 1825 2495; x_wconf 75' lang='lat'><strong>1540.</strong></span> 
     </span>
     <span class='ocr_line' id='line_1_36' title="bbox 568 2487 935 2542; baseline 0.019 -20"><span class='ocrx_word' id='word_1_275' title='bbox 568 2487 667 2525; x_wconf 81' lang='lat' dir='ltr'><strong>Vide</strong></span> <span class='ocrx_word' id='word_1_276' title='bbox 690 2491 935 2542; x_wconf 75' lang='lat'>1526·1531·</span> 
     </span>
     <span class='ocr_line' id='line_1_37' title="bbox 568 2547 1828 2606; baseline 0.014 -24"><span class='ocrx_word' id='word_1_277' title='bbox 568 2547 613 2583; x_wconf 88' lang='lat' dir='ltr'><strong>P.</strong></span> <span class='ocrx_word' id='word_1_278' title='bbox 630 2548 670 2584; x_wconf 92' lang='lat' dir='ltr'><strong>V.</strong></span> <span class='ocrx_word' id='word_1_279' title='bbox 690 2548 806 2585; x_wconf 68' lang='lat' dir='ltr'><strong>Mam.</strong></span> <span class='ocrx_word' id='word_1_280' title='bbox 827 2552 921 2600; x_wconf 84' lang='lat' dir='ltr'>apud</span> <span class='ocrx_word' id='word_1_281' title='bbox 941 2551 1065 2589; x_wconf 82' lang='lat' dir='ltr'><strong>Franc.</strong></span> <span class='ocrx_word' id='word_1_282' title='bbox 1083 2551 1303 2602; x_wconf 74' lang='lat' dir='ltr'><strong>Gryphium.</strong></span> <span class='ocrx_word' id='word_1_283' title='bbox 1333 2553 1547 2594; x_wconf 88' lang='lat' dir='ltr'>Excudebat</span> <span class='ocrx_word' id='word_1_284' title='bbox 1563 2557 1625 2606; x_wconf 89' lang='lat' dir='ltr'><strong>Jo.</strong></span> <span class='ocrx_word' id='word_1_285' title='bbox 1645 2558 1828 2600; x_wconf 73' lang='lat' dir='ltr'><strong>Lodoicus</strong></span> 
     </span>
    </p>

    <p class='ocr_par' dir='ltr' id='par_1_19' title="bbox 517 2604 1826 2725">
     <span class='ocr_line' id='line_1_38' title="bbox 517 2604 1826 2671; baseline 0.013 -30"><span class='ocrx_word' id='word_1_286' title='bbox 517 2604 708 2644; x_wconf 66' lang='lat' dir='ltr'><strong>Fiietanus.</strong></span> <span class='ocrx_word' id='word_1_287' title='bbox 740 2606 850 2645; x_wconf 73' lang='lat' dir='ltr'><strong>Paris.</strong></span> <span class='ocrx_word' id='word_1_288' title='bbox 1652 2632 1690 2667; x_wconf 89' lang='lat'><strong>4.</strong></span> <span class='ocrx_word' id='word_1_289' title='bbox 1715 2632 1826 2671; x_wconf 91' lang='grc'>1540.</span> 
     </span>
     <span class='ocr_line' id='line_1_39' title="bbox 568 2662 1824 2725; baseline 0.014 -27"><span class='ocrx_word' id='word_1_290' title='bbox 568 2662 695 2700; x_wconf 84' lang='lat' dir='ltr'><strong>Maitt.</strong></span> <span class='ocrx_word' id='word_1_291' title='bbox 728 2665 861 2702; x_wconf 76' lang='lat' dir='ltr'><strong>Annal.</strong></span> <span class='ocrx_word' id='word_1_292' title='bbox 899 2666 980 2704; x_wconf 87' lang='lat' dir='ltr'><strong>Ind.</strong></span> <span class='ocrx_word' id='word_1_293' title='bbox 1015 2682 1051 2718; x_wconf 85' lang='lat' dir='ltr'><strong>p.</strong></span> <span class='ocrx_word' id='word_1_294' title='bbox 1073 2669 1158 2716; x_wconf 89' lang='grc'>326.</span> <span class='ocrx_word' id='word_1_295' title='bbox 1193 2682 1278 2717; x_wconf 85' lang='grc'>330.</span> <span class='ocrx_word' id='word_1_296' title='bbox 1332 2671 1502 2711; x_wconf 87' lang='lat' dir='ltr'><strong>Bucolica</strong></span> <span class='ocrx_word' id='word_1_297' title='bbox 1529 2675 1675 2725; x_wconf 89' lang='lat' dir='ltr'><strong>quidem</strong></span> <span class='ocrx_word' id='word_1_298' title='bbox 1693 2691 1824 2715; x_wconf 85' lang='lat' dir='ltr'>annum</span> 
     </span>
    </p>

    <p class='ocr_par' dir='ltr' id='par_1_20' title="bbox 516 2721 1827 2788">
     <span class='ocr_line' id='line_1_40' title="bbox 516 2721 1827 2788; baseline 0.013 -30"><span class='ocrx_word' id='word_1_299' title='bbox 516 2721 689 2758; x_wconf 75' lang='lat' dir='ltr'><strong>exhibent</strong></span> <span class='ocrx_word' id='word_1_300' title='bbox 713 2736 822 2772; x_wconf 82' lang='grc'>1542,</span> <span class='ocrx_word' id='word_1_301' title='bbox 851 2725 1036 2776; x_wconf 81' lang='lat' dir='ltr'><strong>Georgica</strong></span> <span class='ocrx_word' id='word_1_302' title='bbox 1053 2735 1088 2763; x_wconf 86' lang='lat' dir='ltr'><strong>et</strong></span> <span class='ocrx_word' id='word_1_303' title='bbox 1105 2726 1228 2764; x_wconf 76' lang='lat' dir='ltr'><strong>AEneis</strong></span> <span class='ocrx_word' id='word_1_304' title='bbox 1260 2742 1371 2780; x_wconf 82' lang='grc'>1541,</span> <span class='ocrx_word' id='word_1_305' title='bbox 1399 2732 1457 2769; x_wconf 79' lang='lat' dir='ltr'><strong>sex</strong></span> <span class='ocrx_word' id='word_1_306' title='bbox 1476 2743 1594 2772; x_wconf 81' lang='lat' dir='ltr'>tamen</span> <span class='ocrx_word' id='word_1_307' title='bbox 1618 2736 1827 2788; x_wconf 80' lang='lat' dir='ltr'><strong>posteriores</strong></span> 
     </span>
    </p>

    <p class='ocr_par' dir='ltr' id='par_1_21' title="bbox 518 2780 1827 2961">
     <span class='ocr_line' id='line_1_41' title="bbox 518 2780 1630 2834; baseline 0.016 -20"><span class='ocrx_word' id='word_1_308' title='bbox 518 2780 692 2819; x_wconf 77' lang='lat' dir='ltr'><strong>AEneidos</strong></span> <span class='ocrx_word' id='word_1_309' title='bbox 708 2781 796 2818; x_wconf 87' lang='lat' dir='ltr'><strong>libri</strong></span> <span class='ocrx_word' id='word_1_310' title='bbox 812 2796 824 2819; x_wconf 89' lang='lat'>1</span> <span class='ocrx_word' id='word_1_311' title='bbox 836 2797 921 2834; x_wconf 83' lang='grc'>543.</span> <span class='ocrx_word' id='word_1_312' title='bbox 1628 2793 1630 2796; x_wconf 68' lang='grc'><strong>’</strong></span> 
     </span>
     <span class='ocr_line' id='line_1_42' title="bbox 573 2839 1825 2904; baseline 0.014 -31"><span class='ocrx_word' id='word_1_313' title='bbox 573 2839 742 2891; x_wconf 81' lang='lat' dir='ltr'><strong>Virgilius.</strong></span> <span class='ocrx_word' id='word_1_314' title='bbox 757 2841 852 2891; x_wconf 81' lang='lat' dir='ltr'>apud</span> <span class='ocrx_word' id='word_1_315' title='bbox 871 2842 962 2881; x_wconf 86' lang='lat' dir='ltr'><strong>Aldi</strong></span> <span class='ocrx_word' id='word_1_316' title='bbox 978 2844 1083 2882; x_wconf 85' lang='lat' dir='ltr'><strong>filios.</strong></span> <span class='ocrx_word' id='word_1_317' title='bbox 1137 2843 1300 2884; x_wconf 72' lang='lat' dir='ltr'><strong>venetiis</strong></span> <span class='ocrx_word' id='word_1_318' title='bbox 1656 2857 1691 2891; x_wconf 91' lang='lat'><strong>8.</strong></span> <span class='ocrx_word' id='word_1_319' title='bbox 1716 2866 1825 2904; x_wconf 86' lang='grc'>1540.</span> 
     </span>
     <span class='ocr_line' id='line_1_43' title="bbox 1622 2910 1827 2961; baseline 0.005 -14"><span class='ocrx_word' id='word_1_320' title='bbox 1622 2910 1827 2961; x_wconf 52' lang='lat' dir='ltr'><strong>Memorab.</strong></span> 
     </span>
    </p>
   </div>
  </div>
 </body>
</html>
