1821 3381
427 270 518 319 288

618 268 671 316 P.
729 271 1108 319 VIRGILII
1177 274 1567 332 MARONIS

427 408 703 456 Fluviorum
730 423 809 454 rex
834 408 1081 466 EridanUS‚
1103 412 1388 476 camposque
1410 431 1496 478 per
1517 423 1672 469 omnis

427 499 550 545 Cum
577 497 765 543 stabulis
782 509 994 543 armenta
1014 498 1138 544 tulit.

1208 499 1310 548 Nec
1329 514 1543 567 tempore
1561 509 1730 556 eodem

421 589 655 637 Tristibus
679 600 758 634 aut
783 588 899 634 extis
924 589 1056 636 fibrae
1079 592 1302 654 adparere
1325 596 1547 654 minaCCS,

420 680 521 726 Aut
544 678 696 740 puteis
721 694 912 724 manare
934 694 1073 725 cruor
1095 680 1315 738 cessavit;
1349 696 1395 730 et
1419 685 1527 732 altre

1633 690 1725 748 485

420 770 510 817 Per
532 770 719 817 nooiem
742 771 968 826 resonare,
991 771 1116 834 lupis
1139 773 1445 830 ululantibus,
1467 775 1622 822 urbes.

418 861 530 908 Non
554 859 665 907 alias
688 859 815 905 coelo
838 851 1112 904 ceciderunt
1136 859 1270 920 plura
1294 859 1456 906 sereno

419 953 623 1016 Fulgura
637 975 649 1006 ;
687 965 772 996 nec
797 948 887 996 diri
911 949 1050 995 toties
1075 949 1222 996 arsere
1241 963 1462 999 cornetae.

415 1042 549 1105 Ergo
572 1040 694 1086 inter
715 1036 808 1084 sese
830 1035 1022 1099 paribus
1044 1051 1319 1084 concurrere
1343 1037 1447 1085 telis

461 1195 536 1233 482.
559 1193 837 1226 Pronuntiandum
862 1194 1126 1236 Fluvj0›·z,1m.——-
1138 1192 1211 1232 483.
1236 1199 1360 1223 armenta
1388 1194 1478 1224 trahit
1509 1193 1632 1225 Nl'oret.
1663 1194 1726 1227 sec.

420 1245 548 1276 Zulich.
565 1245 635 1276 edd.
647 1244 728 1276 ven.
741 1251 772 1274 et
790 1240 928 1274 Mediol.
954 1253 1027 1274 cum
1044 1242 1147 1284 Regio
1165 1243 1297 1274 Martini
1314 1251 1345 1274 et
1361 1243 1446 1282 Erf.,
1468 1245 1554 1285 quod
1576 1244 1727 1276 sollenne.

416 1297 481 1328 vid.
499 1297 606 1326 Burm.

695 1295 768 1332 484.
787 1296 860 1325 haud
873 1295 922 1324 cd.
940 1293 1072 1324 Mediol.
1105 1297 1215 1324 minaris
1233 1295 1319 1325 Gud.
1335 1297 1464 1325 minantes
1480 1295 1560 1326 alter
1573 1296 1729 1328 Rottcnd‚

502 1347 577 1386 485.
596 1348 678 1377 Haut
689 1354 722 1388 p.
738 1346 787 1378 ed.
805 1345 943 1376 Mediol.
999 1346 1107 1385 Ner-p.
1136 1346 1244 1375 Lutat.
1277 1345 1316 1375 ad
1342 1346 1420 1375 Stat.
1445 1346 1546 1377 Theb.
1570 1348 1626 1384 IV,
1649 1356 1725 1386 374.

415 1401 478 1431 Aut
488 1401 582 1440 justris
599 1399 708 1429 Franc.
751 1396 816 1427 seltae
838 1395 946 1427 Heins.
975 1407 990 1426 e
1019 1395 1137 1428 Medic.
1164 1404 1195 1425 et
1223 1395 1261 1426 al.
1280 1396 1372 1426 codd.
1390 1404 1421 1427 et
1439 1397 1525 1435 edd„
1539 1397 1571 1427 h.
1588 1407 1727 1439 nragnae,

414 1449 608 1490 frequentes.
653 1447 845 1478 Obtinuerat
869 1446 929 1475 hoc
955 1446 1027 1476 edd.
1050 1446 1121 1476 inde
1148 1445 1186 1475 ab
1209 1446 1292 1477 Aldo
1316 1447 1482 1488 vulgatas:
1507 1447 1627 1479 obsedit
1651 1448 1725 1478 inde

413 1501 551 1532 Batavas
570 1498 641 1528 edd.
658 1499 713 1527 alle
727 1496 819 1526 initio
832 1506 848 1525 a
865 1494 1105 1526 Pulmannianis
1125 1495 1221 1528 fausto.
1267 1497 1523 1538 Cuninghamius
1539 1498 1724 1529 emendarat

412 1555 486 1589 alta,
507 1557 543 1581 ut
563 1552 676 1581 Horat.
699 1549 761 1578 Sat.
782 1549 804 1585 Ι,
828 1546 859 1584 6,
879 1557 918 1586 43
946 1560 1046 1588 mags-za
1062 1548 1181 1587 ſsmabit.
1227 1548 1370 1579 Reiss<ius
1393 1549 1611 1590 conjetstabat:
1635 1551 1724 1580 altam
1777 1555 1781 1558 '

412 1604 454 1636 sc.
479 1598 798 1637 nodkem.—-—486.
822 1595 881 1628 I'er
911 1602 994 1628 nafis·
1027 1598 1114 1629 Leid.
1136 1598 1194 1629 sec.

413 1654 475 1688 see.

412 1792 494 1831 buit
514 1792 652 1831 Lucan.
672 1789 705 1836 I,
724 1796 796 1843 408
815 1790 890 1841 sqq.
945 1789 1034 1829 Padi

411 1854 531 1883 autem
554 1844 688 1882 eluvies
704 1842 931 1880 incredibiles
948 1844 1036 1894 saepe

410 1909 580 1948 agrorum
615 1895 875 1945 hominumque
908 1896 1036 1946 strages

409 1946 530 1987 fecisse
561 1957 700 1984 narrata
729 1947 789 1984 est.
844 1948 932 1996 485³.
973 1946 1037 1982 Ad.

407 1998 578 2052 prodigia
606 1998 682 2034 haec
715 1997 813 2035 conf.
856 1997 1038 2047 disputata

409 2052 448 2089 in
485 2049 622 2101 Opusc.
651 2048 740 2087 Vol.
782 2049 854 2093 III,
896 2048 1031 2086 Prolus.

407 2103 470 2140 XI
498 2113 534 2139 et
565 2100 676 2138 XIV.
740 2104 828 2151 487.
856 2101 972 2137 Sereno
986 2112 1034 2137 to-

406 2160 491 2193 nuit.
534 2153 622 2189 Huc
639 2151 731 2189 refer
752 2152 884 2188 Horat.
905 2151 1029 2188 Carm.

405 2206 441 2251 Ι,
462 2218 500 2247 z,
521 2218 554 2252 3.
574 2218 612 2254 4.
667 2205 756 2253 488.
780 2217 815 2240 v.
836 2203 969 2241 Cicero
986 2202 1032 2240 de

404 2258 459 2296 N.
477 2255 528 2293 D.
543 2255 595 2298 ΙΙ,
616 2268 652 2306 ς,
670 2255 702 2300 ξ».
724 2268 781 2303 14.

457 2310 545 2358 489.
574 2301 851 2355 Haec‘prodigia
865 2304 1029 2355 insequu-

404 2369 483 2398 tum
502 2359 567 2395 effe
585 2358 635 2394 ait
652 2357 785 2394 bellum
802 2355 920 2400 civile,
940 2369 1028 2406 prae-

403 2412 453 2449 lia
483 2410 530 2448 ad
561 2408 759 2459 Philippos,
796 2406 1030 2444 Macedoniae

402 2463 564 2512 adjefflae,
586 2460 672 2497 olim
693 2458 875 2502 Thraciae,
903 2457 1028 2496 urbem

401 2512 601 2555 commisso,
633 2521 669 2548 et
705 2509 807 2547 Bruti
850 2509 1028 2560 Caffiique

402 2577 488 2603 nece
506 2562 753 2600 nobilitatum.
809 2560 955 2599 Poe'tica
972 2573 1027 2596 ra-

401 2618 502 2654 tione
545 2614 729 2664 Philippos
768 2611 861 2649 dicit
902 2611 1028 2649 vidiffe

400 2669 583 2706 Romanas
625 2665 716 2702 acies
756 2678 954 2708 concurrere,
991 2673 1026 2700 et

400 2719 548 2770 quidem
578 2721 695 2754 iterum
723 2729 922 2758 concurrere,
948 2714 1025 2751 Ro-

402 2782 524 2807 manos
557 2769 705 2805 alterum
743 2765 922 2817 praelium,
948 2766 1025 2816 post

399 2821 492 2859 illud
520 2820 558 2856 in
586 2820 706 2870 priore
733 2817 830 2854 bello
859 2816 961 2853 civili
978 2816 1025 2853 ad

401 2871 604 2912 Pharsalum
638 2868 818 2913 habitum,
862 2867 957 2905 inter
989 2868 1025 2905 se

1300 1598 1375 1638 487.
1396 1600 1507 1643 finjstro
1532 1600 1619 1631 Gud.
1645 1612 1662 1631 a
1678 1610 1725 1633 m.

1097 1791 1229 1829 feciffe.
1294 1792 1364 1829 Nec
1396 1793 1458 1828 diis
1477 1794 1569 1842 filil,
1607 1788 1724 1827 Visum

1098 1845 1159 1888 est,
1203 1844 1388 1899 indzgnum,
1429 1842 1611 1892 iniquum,
1640 1853 1723 1892 pro,

1100 1894 1144 1932 iis
1163 1895 1312 1945 placu1t‚
1339 1895 1378 1931 in
1396 1893 1524 1930 eodem
1543 1892 1722 1929 Macedo-

1100 1946 1170 1983 niae
1188 1958 1314 1996 regnO,
1341 1945 1447 1982 latius
1474 1953 1638 1994 accepto,
1665 1943 1723 1980 bis

1100 1998 1248 2047 stragem
1314 1996 1563 2033 Romanorum
1633 1994 1723 2032 fieri.

1100 2048 1263 2086 Emathia
1294 2047 1524 2084 Macedoniae
1554 2046 1601 2082 est
1625 2059 1723 2096 pars,

1099 2099 1145 2136 ad
1172 2112 1281 2149 quam
1308 2099 1453 2149 proprie
1476 2110 1541 2134 nec
1576 2096 1723 2134 Pharsa-

1097 2151 1152 2187 lus
1182 2162 1246 2187 nec
1289 2149 1452 2201 Philippi
1487 2148 1609 2186 referri
1640 2149 1722 2199 pos-

1095 2201 1200 2246 sunt3
1227 2201 1288 2237 sed
1314 2205 1432 2252 poetae
1459 2200 1566 2237 latius
1589 2212 1632 2237 eo
1657 2213 1721 2237 no-

1097 2253 1194 2290 mine
1211 2251 1320 2289 etiam
1339 2265 1403 2302 pro
1422 2249 1602 2288 Thessalia
1615 2260 1721 2289 utun-

1095 2313 1166 2341 tur.
1221 2305 1357 2341 Haemus
1391 2316 1492 2340 mons
1525 2303 1573 2339 est
1601 2301 1722 2339 Thra-

1094 2354 1174 2398 ciae,
1202 2355 1264 2392 cui
1291 2354 1437 2405 po'etica
1468 2353 1607 2390 ratione
1636 2354 1721 2391 urbs

1096 2405 1257 2457 Philippi
1281 2405 1462 2456 subjacere
1490 2404 1567 2441 dici
1595 2406 1718 2454 potest.

1094 2456 1233 2494 Lucan.
1266 2456 1301 2502 I,
1330 2460 1374 2507 67
1383 2470 1401 2507 5
1435 2456 1576 2506 latosque
1605 2457 1724 2494 Haemi

1080 2509 1150 2557 sub
1192 2518 1272 2557 rupe
1305 2508 1489 2558 Philippos.
1540 2506 1615 2550 IX,
1645 2520 1711 2558 ²7¹

1094 2560 1262 2597 Emathios
1271 2559 1435 2609 Philippos
1447 2558 1554 2596 dixit.
1581 2558 1721 2608 Magna

1093 2623 1172 2660 pars
1191 2610 1363 2648 Thraciae
1389 2609 1480 2647 olim
1499 2608 1716 2646 Macedoni-

1093 2662 1158 2698 bus
1175 2661 1307 2712 paruit.
1362 2661 1454 2698 Satis
1473 2660 1576 2696 nobis
1599 2660 1718 2698 decla-

1090 2713 1176 2749 raffe
1198 2712 1364 2750 videmur
1390 2711 1464 2748 loci
1492 2712 1716 2751 sententiam.

1090 2765 1153 2800 Ad
1177 2764 1337 2800 virorum
1362 2763 1549 2800 'doeiorum
1570 2771 1718 2799 conten-

1089 2815 1205 2852 tiones
1215 2814 1428 2852 descendere
1439 2827 1511 2851 non
1525 2814 1718 2864 poss'umus,

1089 2879 1169 2917 quae
1201 2865 1358 2911 maxime
1383 2864 1496 2904 errori
1524 2865 1716 2907 debentur,

1613 2916 1716 2966 quod

1819 2505 1821 2547 l
