1821 3381
336 307 401 355 40

498 291 552 339 P.
605 285 985 338 VIRGILII
1056 283 1454 332 MARONIS

336 426 401 473 Et
425 424 610 488 penitus
635 434 736 469 toto
758 420 943 468 divisos
967 418 1084 467 orbe
1110 418 1374 464 Britannos.

335 516 431 571 En,
456 528 686 576 umquam
709 512 887 573 patrios
913 511 1058 573 longo
1082 507 1183 572 post
1209 520 1423 570 tempore
1447 505 1572 563 finis,

337 603 561 667 Pauperis
587 613 631 647 et
655 603 816 664 tuguri
839 599 1115 662 congestum
1139 597 1314 660 cespite
1336 598 1542 654 culmen,

336 694 448 742 Post
472 693 668 754 aliquot,
685 706 791 736 mea
809 706 954 753 regna
971 689 1152 744 videm,
1170 686 1381 734 mirabor
1398 685 1580 734 aristas?
1597 699 1661 748 7Q

336 783 504 846 Inpius
529 783 633 829 haec
657 794 756 827 tam
779 779 906 826 culta
930 776 1117 825 novalia
1140 775 1276 822 miles
1298 774 1494 820 habebit
1513 774 1531 820 ?

338 873 569 922 Barbarus
594 873 676 919 has
702 870 913 936 segetes?
949 886 1021 926 en,
1045 883 1141 932 quo
1163 864 1402 911 discordia
1424 863 1548 910 civis

338 963 570 1013 Produxit
592 963 816 1012 miseros!
851 978 926 1020 en,
951 956 1056 1024 quis
1086 957 1383 1006 consevimus
1406 954 1576 1021 agros!

385 1103 439 1144 67.
464 1104 597 1135 Britanos
621 1113 637 1134 e
658 1101 734 1133 libb.
761 1109 851 1133 notat
871 1103 933 1134 Ge;
960 1100 1080 1131 Fabric.

341 1156 390 1188 ,En
407 1167 541 1196 mmquam
558 1165 639 1186 unus
651 1153 761 1184 Heins-

1171 1098 1222 1130 68.
1242 1098 1288 1127 En
1300 1099 1406 1139 patrios
1422 1108 1566 1138 numquam
1577 1096 1665 1130 Ven.

854 1162 906 1192 72.
920 1151 1018 1182 Wall.
1037 1151 1120 1194 apud
1137 1150 1247 1181 Heius.
1263 1148 1492 1191 distinguebat:
1516 1149 1666 1190 Impius-

342 1209 420 1237 miles
437 1207 543 1237 habebit
558 1206 706 1236 Barbarus
718 1205 734 1234 Ρ
758 1205 916 1245 hasfi’gctes
930 1203 945 1233 ?
969 1209 1006 1234 ut
1025 1209 1057 1233 et
1080 1209 1147 1232 erat
1165 1201 1197 1231 in
1225 1201 1294 1231 cod.
1313 1201 1424 1230 Franc.

1516 1208 1567 1238 73.
1591 1199 1667 1228 Pro·

342 1259 433 1288 duxit.
464 1258 510 1287 Ita
528 1268 563 1287 ex
581 1256 691 1288 Heius.
717 1263 749 1286 et
772 1255 869 1285 Pierii
892 1254 994 1285 Codd.
1015 1252 1113 1284 edidit
1133 1251 1262 1289 Heins.;
1288 1251 1398 1294 vulgo,
1416 1252 1566 1287 Perduxit,
1580 1248 1668 1291 quod

343 1308 450 1351 gravis
475 1308 648 1339 auctoritas
670 1307 776 1339 VatiC.
798 1314 829 1336 et
845 1305 996 1347 Longob.
1019 1312 1137 1335 tuetur.
1183 1304 1307 1333 Verum
1331 1303 1381 1333 hae
1401 1312 1494 1332 voces
1515 1301 1581 1332 fere
1596 1310 1669 1342 per-

344 1367 524 1391 mutantur.
573 1359 623 1390 Sic
641 1358 698 1389 inf.
718 1357 788 1388 Ecl.
812 1358 870 1394 VI,
893 1356 935 1388 60
945 1357 1096 1398 perducant
1113 1355 1166 1385 alii
1182 1356 1342 1396 producant.

1389 1367 1420 1383 en
1443 1355 1501 1393 quis
1523 1352 1576 1383 vel
1596 1353 1670 1393 queis

344 1413 508 1452 cozstvimus
524 1423 606 1453 agros
618 1425 629 1445 ‚·
653 1410 698 1440 ita
715 1409 846 1451 optimae
861 1408 932 1439 edd.
954 1415 985 1438 et
997 1407 1088 1438 codd.
1121 1407 1167 1436 At
1179 1408 1276 1437 Rom.
1297 1405 1378 1436 Cod.
1391 1416 1454 1446 quo
1467 1405 1589 1436 Pierius
1599 1404 1672 1435 usus

346 1472 437 1497 erat:
462 1465 503 1493 his
518 1476 564 1493 nos
580 1463 761 1502 coaefitevimus
778 1463 868 1503 agris,
890 1461 942 1491 sed
966 1459 1125 1501 expuntsto
1148 1459 1254 1500 primo
1278 1470 1295 1488 u
1317 1457 1351 1488 in
1371 1459 1561 1498 conficevimus.
1607 1457 1671 1487 Ar-

345 1524 475 1557 reptum
492 1523 600 1546 tamen
617 1513 677 1544 hoc
698 1524 717 1544 a
731 1512 915 1544 nonnullis:
940 1522 971 1543 v.
991 1512 1105 1542 Burm.
1123 1523 1154 1541 en
1169 1512 1228 1552 quis
1251 1511 1430 1551 cotfitevimus
1450 1511 1528 1551 agris
1543 1507 1682 1541 Zulicb.'

347 1580 378 1599 cn
394 1570 451 1610 quis
465 1568 629 1608 cmffevimus
644 1567 725 1609 agris
743 1564 830 1595 Gud-

347 1696 410 1722 cus
427 1685 563 1722 alienus
577 1698 596 1722 a
613 1683 790 1736 pastoritii
807 1682 979 1721 carminis

349 1736 494 1781 indole;
550 1750 615 1774 nec
689 1736 799 1773 modo
867 1735 980 1784 tragi-

350 1801 433 1825 cum
463 1788 552 1838 quid
579 1788 703 1838 spirat,
739 1800 859 1825 verum
890 1788 980 1823 adeo

350 1841 611 1890 ἀπξοσῧιόνυσον,
655 1838 842 1889 quomodo
885 1838 981 1875 enim

352 1894 502 1942 pastores
517 1893 577 1928 sua
590 1901 751 1928 armenta
765 1899 907 1940 agentes
921 1903 984 1941 per

354 1943 523 1982 Africam
538 1953 574 1981 et
592 1941 775 1992 Scythiam
793 1955 909 1978 errare
924 1951 986 1978 aut

354 1995 580 2033 Britanniam
610 2003 645 2030 et
675 1994 822 2030 Cretam
856 1993 987 2030 insulas

355 2046 457 2084 adire
485 2046 679 2097 poterant?
725 2044 899 2095 Expreffit
934 2054 985 2081 ta⁸

357 2111 440 2136 men
459 2099 580 2136 locum
601 2097 748 2134 Nemes.
767 2096 910 2147 Cyneg.
925 2100 987 2148 67.

412 2201 476 2238 68.
521 2202 577 2237 En
624 2216 767 2251 unquam
813 2212 879 2250 pro
923 2212 989 2235 un-

359 2265 528 2303 quamne.
556 2251 622 2289 inf.
651 2252 732 2289 Ecl.
753 2251 865 2294 VIII,
886 2265 905 2302 7
936 2251 990 2287 En

358 2310 424 2342 erit
450 2320 592 2355 unquam
619 2303 687 2340 Ille
711 2304 791 2340 dies.
836 2303 992 2339 Illustrat

363 2355 494 2392 Heius.
532 2355 578 2391 ad
614 2355 649 2392 h.
686 2355 711 2392 l.
748 2355 868 2405 intpp.
904 2353 989 2391 Liv.

364 2406 522 2448 XXIV,
548 2419 604 2455 14.
634 2406 774 2449 XXX,
793 2420 855 2443 21.
927 2419 990 2456 70.

364 2457 494 2509 Vulgo
524 2461 641 2508 czrfias
667 2459 712 2495 de
749 2457 849 2494 annis
883 2470 993 2507 expo-

365 2510 406 2547 ni
436 2519 562 2546 notum
592 2511 652 2547 est.
719 2510 763 2546 In
790 2509 883 2546 hunc
918 2509 994 2545 sen-

364 2562 442 2598 sum
468 2562 541 2611 jam
575 2561 799 2598 Claudianus
827 2560 995 2610 accepiffe

366 2613 526 2656 videtur,
544 2613 608 2661 qui
626 2612 684 2648 IV
703 2613 814 2650 Cons.
847 2612 993 2649 Honor.

371 2679 390 2713 3
397 2679 416 2714 7
424 2678 443 2700 z
461 2667 599 2701 decimas
607 2667 746 2714 emen-lits
757 2666 875 2714 arssas
885 2663 994 2701 dixit.

369 2717 455 2755 Huc
474 2715 584 2753 etiam
610 2715 762 2760 Rhiani,
779 2717 939 2765 χείματά
958 2720 995 2753 τέ

369 2772 468 2806 ‘7101on
483 2785 519 2804 τε
533 2767 593 2805 δύω
606 2769 662 2805 mci
675 2770 773 2805 εἴκοσι
789 2771 922 2810 πάσας,
933 2767 995 2803 ad-

370 2820 493 2857 vocari
510 2821 664 2870 possunt,
683 2834 740 2871 ap0
762 2819 908 2857 Pausan.
924 2818 998 2863 IV,

374 2885 416 2925 17
434 2886 471 2924 p.
489 2885 575 2923 323.
595 2872 790 2911 Enimvero
805 2887 878 2911 mea
895 2886 999 2923 regna

1045 1681 1286 1733 subjiciuntur
1290 1683 1412 1731 patriis
1411 1680 1541 1729 finibus
1554 1693 1589 1717 V.
1608 1679 1674 1724 68,

1046 1749 1087 1771 ac
1121 1740 1252 1786 tugurio
1285 1748 1322 1770 V.
1361 1736 1425 1784 69,
1462 1741 1497 1768 et
1530 1731 1674 1768 eosdem

1047 1800 1152 1836 agros
1168 1798 1204 1823 et
1222 1785 1437 1836 poffeffiones
1456 1783 1575 1820 miseri
1593 1783 1677 1820 Me-

1047 1838 1154 1876 liboei
1203 1837 1401 1880 denotant3
1445 1835 1530 1872 haecv
1555 1835 1678 1885 itaque

1051 1890 1173 1926 videns
1198 1892 1279 1940 post,
1305 1889 1448 1938 posthac
1477 1889 1536 1933 (ex
1562 1900 1597 1923 v.
1628 1887 1676 1924 68

1049 1941 1142 1993 longo
1161 1945 1228 1992 post
1256 1943 1432 1990 tempore),
1459 1939 1496 1975 h.
1532 1938 1678 1988 quando

1050 2006 1110 2029 eos
1129 1993 1323 2042 aliquando
1343 1991 1473 2029 iterum
1496 1989 1678 2039 adspicere

1052 2044 1145 2081 mihi
1179 2043 1383 2094 continget,
1418 2058 1509 2079 rarae
1543 2047 1578 2077 in
1613 2040 1680 2077 illis

1053 2099 1168 2145 arfiae
1199 2095 1331 2145 aliquot*
1344 2094 1447 2132 «oculis
1479 2104 1644 2131 occurrent
1657 2096 1680 2130 ‚9

1054 2148 1093 2185 hi
1108 2159 1176 2185 tam
1203 2146 1285 2184 culti
1309 2152 1389 2198 agri
1408 2145 1564 2192 (novalia
1581 2143 1682 2181 dixit

1054 2214 1088 2237 v.
1121 2213 1163 2250 71
1196 2198 1345 2235 omnino
1376 2211 1442 2247 pro
1472 2195 1566 2246 agris
1600 2194 1680 2246 qui-

1053 2251 1187 2295 busvis)
1202 2261 1266 2299 per
1292 2266 1391 2286 novos
1399 2251 1477 2297 filos
1494 2247 1611 2285 colonos
1627 2253 1680 2283 in-

1053 2303 1136 2341 culti
1146 2300 1532 2354 neglefi‘iquejacebzmt?
1549 2308 1588 2335 ut
1607 2298 1680 2336 Ge·

1056 2354 1129 2398 HI,
1149 2356 1225 2404 476
1252 2354 1351 2391 Nunc
1380 2367 1496 2403 quoque
1507 2353 1576 2400 post
1591 2361 1684 2388 tanto

1056 2409 1174 2443 videat
1185 2407 1368 2456 desertaque
1384 2419 1487 2453 regna
1499 2403 1683 2451 chstorum.

1058 2458 1102 2494 In
1120 2457 1348 2508 sequentibus
1371 2456 1477 2505 poeta
1504 2453 1559 2491 sui
1587 2453 1683 2490 obli-

1059 2510 1230 2546 viscitur:
1259 2509 1375 2559 pastor
1411 2508 1456 2544 de
1491 2504 1685 2555 segetibus,

1059 2562 1105 2598 de
1122 2561 1280 2605 civibus,
1311 2559 1356 2596 de
1384 2570 1574 2609 pomorum
1601 2556 1686 2593 infi-

1060 2613 1174 2657 tione,
1201 2612 1245 2649 de
1264 2611 1369 2649 vinea
1387 2609 1476 2660 agit.
1532 2622 1594 2660 71.
1612 2609 1685 2645 Im-

1053 2672 1144 2714 pius,
1172 2664 1372 2706 sceleratus,
1399 2659 1568 2697 nefarius.
1622 2673 1686 2711 72.

1061 2717 1254 2758 Barbarus,
1289 2713 1408 2756 Galli,
1443 2712 1592 2760 aliique,
1620 2710 1686 2761 qui

1061 2768 1100 2805 in
1115 2766 1320 2817 legionibus
1345 2766 1592 2801 Romanorum
1611 2771 1689 2799 tum

1062 2830 1174 2856 erant.
1229 2832 1290 2870 73.
1318 2818 1372 2862 En
1398 2822 1467 2866 quis
1491 2830 1520 2853 c.
1540 2813 1687 2865 quibus,

1064 2871 1103 2909 iu
1121 2883 1275 2923 quorum
1293 2868 1486 2907 utilitatem
1503 2878 1608 2955 aglros
1625 2877 1688 2902 co-

1559 2928 1692 2956 ulmus·
