1821 3381
393 300 482 360 156
555 302 607 346 P.
669 298 1058 347 VIRGILII
1128 303 1536 352 MARONIS

383 431 529 497 Qod
554 449 818 496 numquam
842 435 979 481 veriti
1005 435 1179 493 sumus,
1203 449 1253 483 ut
1272 437 1490 500 poffeffor
1511 442 1651 503 agelli

383 523 606 571 Diceret:
634 524 760 571 Haec
783 541 888 571 mea
911 525 1017 572 sunt
1037 545 1047 572 z
1073 539 1246 574 veteres
1271 529 1473 592 migrate
1490 532 1663 578 coloni.

380 615 525 661 Nunc
550 615 680 672 victl,
702 616 866 673 tristeS‚
888 619 1112 680 quoniam
1134 619 1247 666 Fors
1273 621 1433 667 omnia
1457 623 1619 680 versat,
1668 637 1692 685 5

383 707 491 755 Hos
514 707 585 754 illi
611 707 759 773 (quod
783 725 867 756 nec
892 711 1010 758 bene
1027 713 1196 761 vertat)
1225 712 1463 759 mittimus
1482 713 1662 778 haedos.

927 819 1160 850 LchAs.

388 895 526 941 Certe
547 893 769 957 equidem
793 893 1049 959 audieram,
1072 911 1163 957 qua
1182 892 1227 940 se
1245 893 1502 944 subducere
1525 895 1667 943 colles
1706 895 1712 898 ’

387 987 650 1049 Incipiunt,
672 986 902 1049 mollique
918 987 1097 1050 jugum
1120 986 1372 1034 demittere
1393 988 1534 1045 clivo,

429 1156 460 1186 3.
485 1146 553 1190 ρῳ
571 1157 706 1187 nunqnam
724 1145 848 1176 Moret.
873 1152 976 1187 quart.
996 1152 1027 1176 et
1055 1145 1158 1183 Leid„
1180 1145 1266 1187 quod
1293 1145 1390 1177 etiam
1415 1146 1486 1178 loco
1513 1147 1699 1181 mederetur

385 1199 451 1228 vivi
470 1199 644 1239 pervenimus
672 1194 736 1238 (eo)
761 1209 810 1238 quo
835 1209 970 1237 nunqnam
997 1198 1082 1226 veriti
1095 1198 1194 1237 sitmus
1225 1207 1282 1228 nos
1310 1205 1520 1238 perventuros
1546 1198 1617 1237 effe,
1642 1199 1701 1231 nifi

385 1249 497 1281 durior
520 1247 667 1290 trajectio
683 1246 768 1278 esset.
811 1261 864 1288 qua
881 1248 965 1279 Gud.
979 1260 988 1286 ;
1012 1247 1094 1278 sorte
1111 1259 1169 1289 pro
1186 1260 1242 1288 quae
1259 1248 1345 1279 addit
1362 1250 1471 1280 Eurm.
1518 1252 1616 1293 sz
1631 1263 1702 1280 mm-

384 1313 466 1343 qzmm
491 1302 583 1330 meriti
597 1300 721 1340 finnus!
745 1299 837 1330 Leid.
862 1299 929 1337 alt„
950 1307 986 1330 ut
1010 1299 1046 1329 sit
1072 1299 1274 1337 exclamatio,
1296 1299 1380 1341 quasi
1397 1300 1464 1331 haec
1479 1309 1546 1331 tam
1568 1301 1701 1343 indigna

387 1350 632 1383 immerentibus
651 1350 823 1380 evenerint.
1297 1360 1328 1389 5.
1354 1351 1559 1392 Qiamquam
1583 1350 1701 1393 duplex

386 1403 555 1446 epitheton
571 1401 701 1433 affeetui
724 1401 821 1431 animi
842 1411 906 1431 non
929 1400 1011 1431 male
1028 1401 1178 1431 inservire
1200 1401 1301 1431 videri
1317 1402 1429 1442 potest,
1452 1402 1491 1432 cf.
1509 1404 1568 1432 Ge.
1585 1404 1610 1440 Ι,
1625 1411 1700 1441 407.

386 1457 550 1497 eleganter
565 1462 673 1486 tamen
690 1455 815 1490 Burm.‚
835 1453 912 1484 dum
937 1454 1000 1483 (luo
1025 1453 1166 1494 epitheta
1192 1452 1274 1483 ferre
1299 1454 1329 1483 se
1350 1461 1458 1495 negat,
1482 1454 1647 1495 distinguit
1663 1465 1699 1485 ac

387 1507 488 1549 legit:
513 1507 613 1537 Num-e
638 1508 719 1543 vifis,
741 1505 825 1548 tristis
846 1507 969 1545 quoniam
987 1506 1051 1545 fars
1075 1507 1164 1534 omnia
1180 1506 1283 1544 vctsat.
1327 1505 1410 1548 trssis
1421 1507 1488 1546 fors
1505 1505 1582 1546 legit
1603 1505 1701 1536 etiam

389 1558 513 1590 Probus
532 1557 635 1588 Instit.
654 1558 800 1586 Gramm.
844 1553 986 1595 Vulgata
1012 1562 1131 1591 tamen,
1158 1556 1244 1584 Νιιησ
1269 1557 1350 1592 viffl,
1375 1556 1472 1598 tristes,
1494 1555 1640 1587 firmatur
1663 1567 1702 1588 ex

918 1360 949 1386 4.
974 1352 1097 1391 migrare
1118 1351 1187 1380 Vcn
1194 1373 1199 1379 .

389 1609 602 1641 Grammatici
616 1607 809 1644 imitatione,
828 1606 966 1637 Anthol.
993 1607 1066 1636 Lat.
1087 1606 1142 1636 lib.
1171 1608 1193 1643 Ι,
1215 1617 1246 1647 p.
1267 1606 1338 1645 178,
1353 1618 1382 1638 v.
1403 1607 1455 1645 84,
1469 1607 1523 1638 ubi
1539 1619 1570 1639 v,
1589 1609 1700 1639 Burm.

387 1665 478 1699 Sec-3
500 1670 633 1701 eamque
649 1659 742 1697 feres,
763 1658 784 1689 si
808 1660 878 1688 vavi
892 1668 948 1700 per
964 1657 994 1688 se
1010 1657 1133 1688 dietum
1149 1657 1293 1699 accipias,
1315 1658 1492 1700 postquam,
1514 1659 1600 1700 quia,
1622 1660 1701 1691 vieti
1758 1655 1762 1658 Δ

386 1713 504 1750 sumus,
518 1723 602 1743 nunc
617 1711 720 1742 tristes
734 1709 903 1741 mittimus.
950 1709 1047 1752 Qod
1066 1720 1154 1746 vero,
1173 1710 1285 1740 Cerdae
1308 1721 1343 1740 ac
1360 1710 1457 1741 Pierii
1474 1711 1630 1753 exemplo,
1636 1713 1703 1752 firs

387 1765 422 1796 h.
449 1764 470 1796 l.
496 1763 626 1806 praefert
658 1763 846 1800 Burmann„
867 1772 932 1794 non
958 1761 1043 1792 reete
1071 1761 1173 1792 facere
1198 1761 1335 1793 videtur.
1387 1763 1503 1804 Longe
1529 1762 1621 1793 aliter
1651 1773 1703 1806 ap.

388 1817 507 1847 Horat.
535 1815 599 1846 Od.
628 1815 668 1853 II,
688 1824 705 1853 3
727 1821 806 1844 extr.
819 1815 885 1854 firi·
909 1812 1021 1855 viv-stri

475 1867 504 1898 6.
527 1880 577 1896 non
596 1867 658 1896 bene
679 1879 709 1896 v.
732 1876 812 1896 uuus
829 1865 965 1896 Nloreti.

387 1921 456 1961 quod
466 1917 674 1959 superscripto
690 1930 702 1946 s
719 1916 840 1947 Medic.

387 1969 509 2012 septem
524 1980 574 2012 ap.
590 1969 712 2006 Burm.,
731 1974 807 1999 nota
822 1967 1010 1998 variatione.

389 2114 529 2151 advena
563 2109 669 2163 agelli
702 2113 844 2156 diceret,·
878 2108 938 2146 sed
975 2122 1011 2145 v.

392 2164 482 2202 Var.
515 2164 616 2201 Leti.
674 2178 707 2214 5.
735 2166 824 2199 τῐέῖί
849 2160 1014 2211 opprefli,

393 2216 533 2260 affliffi,
561 2215 692 2265 quibus
708 2214 762 2258 id,
790 2213 888 2262 quod
912 2211 1016 2248 νίξὶὶε

393 2267 536 2306 evenire
589 2266 692 2309 solet,
734 2263 933 2314 contingit,
979 2272 1018 2299 ut

393 2319 524 2356 fundos
543 2317 724 2355 amittant.
789 2319 825 2355 6.
854 2317 940 2367 quod
964 2329 1020 2352 nec

395 2370 428 2408 h.
447 2387 489 2408 v.
518 2377 544 2394 “
575 2383 654 2419 quae
672 2382 723 2406 res
741 2369 776 2405 in
796 2369 870 2416 ejus
897 2365 1015 2417 perni-

395 2429 422 2446 “
452 2421 542 2459 ciem
562 2430 732 2458 vertatur.
752 2420 774 2436 '’
802 2419 916 2462 Serv„
932 2430 1014 2455 cum

394 2473 653 2524 imprecatione
694 2471 778 2509 novi
822 2470 915 2514 heri,
956 2469 1014 2505 cui

394 2525 492 2562 haedi
520 2538 564 2562 ex
582 2537 670 2575 agro
689 2524 727 2562 in
745 2522 870 2560 urbem
888 2534 1017 2572 appor-

395 2576 498 2613 tandi
512 2576 604 2612 sunt.

450 2642 485 2678 7.
508 2627 624 2663 Situm
643 2624 721 2675 agri
736 2624 937 2675 Virgiliani
952 2638 1016 2674 pu-

396 2688 432 2715 ta
454 2679 555 2715 fuiss'e
586 2678 697 2720 hunc,
723 2687 763 2713 ut
791 2676 854 2713 ille
881 2676 966 2714 inde
997 2689 1016 2712 a

395 2730 546 2766 collium
564 2729 662 2766 clivo
680 2727 788 2777 usque
805 2728 850 2765 ad
877 2726 1016 2765 Minci-

396 2795 457 2818 um
473 2781 511 2819 Η.
532 2791 566 2818 et
585 2780 689 2831 fagos
707 2779 760 2816 ibi
778 2779 866 2816 satas
883 2778 1016 2829 pertin-

394 2842 507 2883 geret.
563 2831 663 2869 conf.
691 2831 772 2867 Ecl.
802 2831 837 2875 I,
860 2844 902 2881 52
925 2831 1017 2868 Not.

383 2885 571 2935 subducere
615 2882 649 2920 se
685 2883 793 2920 colles
831 2883 1019 2926 dicuntur,

598 2948 620 2987 5

1046 1826 1117 1843 urna
1141 1813 1269 1851 dicitur,
1291 1812 1388 1855 quari}
1403 1815 1468 1855 sbrs
1490 1815 1584 1854 vetfizt
1599 1818 1700 1845 omnia.

1009 1878 1054 1894 nec
1079 1871 1173 1895 vertat
1197 1865 1258 1895 bene
1281 1866 1416 1906 Menag.
1444 1872 1476 1895 et
1500 1865 1596 1895 Pierii
1624 1865 1702 1896 Obl.

932 1916 962 1947 8.
986 1917 1125 1958 Incipiunt
1144 1916 1242 1948 Goth.
1261 1915 1320 1948 sec.
1342 1918 1476 1947 dimittere
1491 1915 1590 1946 Goth.
1605 1927 1655 1959 pr.
1670 1922 1703 1948 ct

1079 2107 1143 2158 qui
1170 2119 1215 2144 ex
1244 2107 1318 2144 alto
1348 2106 1387 2143 in
1415 2106 1562 2156 planum
1588 2106 1703 2144 dedu-

1080 2170 1224 2202 cuntur,
1253 2157 1475 2202 decrescunt,
1488 2158 1566 2207 sich
1593 2164 1628 2195 in
1651 2160 1706 2196 die

1081 2210 1191 2248 Ebene
1231 2208 1412 2252 verlieren,
1466 2209 1515 2245 cf.
1552 2209 1676 2247 Burin.
1691 2225 1703 2254 ;

1083 2261 1196 2299 iidem
1232 2261 1340 2298 Colles
1384 2263 1556 2298 demittunt
1576 2264 1704 2312 jugum

1083 2313 1175 2350 molli
1196 2312 1302 2358 clivo,
1329 2326 1411 2349 cum
1430 2311 1574 2348 dorsum
1602 2312 1706 2350 collis

1082 2365 1238 2402 molliter
1252 2363 1389 2402 declive
1406 2364 1518 2400 lenem
1532 2364 1576 2400 ad
1586 2364 1704 2414 plani-

1084 2415 1169 2453 tiem
1199 2427 1236 2453 et
1266 2416 1304 2453 fl.
1343 2415 1528 2452 Mincium
1559 2415 1702 2452 descen-

1084 2469 1159 2505 sum
1194 2468 1364 2519 praebeat.
1422 2468 1528 2517 Fagos
1572 2466 1703 2504 fraflas

1084 2529 1168 2569 puta
1187 2522 1244 2556 seu
1264 2520 1300 2556 vi
1317 2518 1438 2556 hostili
1456 2518 1514 2555 seu
1532 2518 1701 2568 procella.

1083 2571 1127 2607 In
1161 2571 1284 2622 priore
1318 2569 1487 2620 agnoscas
1526 2569 1704 2606 imitatio-

1082 2636 1162 2659 nem
1180 2623 1352 2660 Dirarum
1370 2621 1407 2645 ‘s
1409 2621 1511 2658 alerii
1530 2620 1638 2657 Probi
1657 2621 1705 2659 26

1084 2672 1139 2711 Tu
1155 2690 1279 2717 nemus,
1297 2685 1328 2710 et
1345 2672 1483 2710 multum
1500 2674 1609 2723 nqstris
1624 2688 1702 2710 can-

1080 2736 1158 2763 tata
1182 2725 1300 2763 libellis
1329 2726 1465 2775 Optima
1475 2724 1705 2774 filvarum—

1082 2778 1158 2814 Non
1181 2780 1309 2827 fimdes
1351 2777 1477 2813 virides
1518 2774 1706 2812 umbras—2

1081 2827 1206 2866 Militis
1220 2836 1322 2880 impia
1339 2843 1410 2866 cum
1432 2828 1577 2878 succidet
1593 2827 1704 2864 dexte-

1084 2896 1126 2919 ra
1127 2883 1239 2932 ferro·
1559 2893 1561 2895 ’

1501 2943 1514 2967 1
1524 2943 1543 2980 3
1551 2958 1559 2967 .
1587 2927 1707 2980 aquikz
