1987 3361
231 299 397 349 v1TA
429 265 498 346 P}
519 289 811 346 VIR-GILH
845 288 1161 345 MARONJS
1202 310 1408 346 erma

95 437 197 489 quod
213 435 368 474 maxime
384 434 559 481 studebat,
595 434 772 474 Romanae
797 433 900 472 fimul
920 433 1019 472 urbis
1045 443 1083 474 et
1113 435 1270 486 Augusti
1289 435 1409 487 origo,

81 497 358 536 'contineretun

145 555 222 592 IX.
265 555 363 592 Cum
398 552 585 605 Georgica
615 553 799 597 scriberet,
852 555 1009 592 traditur
1051 553 1214 605 quotidie
1257 553 1408 590 medita·
1435 569 1482 606 33

94 623 150 652 tos
168 626 271 665 mane
302 613 478 664 plurimos
516 612 634 650 versus
667 612 803 650 dietare
830 613 969 658 solitus,
999 625 1039 650 ac
1071 625 1134 663 per
1160 621 1275 649 totum
1306 612 1406 649 diem

93 672 324 710 retraetando‘
348 674 395 709 ad
435 671 657 723 paueissimos
690 671 866 721 redigere,
901 685 976 709 non
1011 670 1160 708 absurde
1191 684 1334 708 carmen
1371 672 1405 709 se

93 731 183 770 ursae
229 744 328 768 more
370 743 493 781 parere
535 729 675 773 dicens,
718 739 754 766 et
796 730 989 766 lambendo
1032 730 1180 766 demum
1221 729 1403 780 effingere.

32 822 36 829 ,
91 791 248 829 AEneida
276 789 380 841 prosa
413 789 512 840 prius
546 788 710 825 oratione
739 788 945 832 formatam,
975 789 1216 840 digestamque
1250 789 1289 826 in
1326 789 1405 826 ΧΠ
1433 775 1482 812 34

90 850 218 896 libros,
254 848 499 900 particulatim
530 860 747 898 componere
781 847 950 892 instituit,
987 860 1026 886 ut
1060 847 1207 898 quidam
1242 848 1402 886 tradunt.

88 910 172 948 Alii
215 911 289 960 ejus
327 908 510 946 sententiae
553 907 648 951 sunt,
697 917 737 944 ut
782 907 1003 952 existiment,
1045 920 1145 952 cum,
1189 908 1215 945 fi
1267 909 1405 946 diutius
1431 916 1477 955 35·

88 969 244 1014 vixisset,
288 976 443 1018 quatuor
466 977 502 1004 et
520 967 655 1018 viginti
689 967 800 1004 libros
844 968 954 1018 usque
980 967 1026 1004 ad
1056 967 1211 1019 Augusti
1244 977 1404 1020 tempora

88 1026 320 1078 scripturum,
361 1034 468 1076 atque
502 1025 573 1063 alia
602 1026 767 1076 quaedam
803 1026 1076 1077 percursururn;
1124 1027 1278 1078 Augusti
1319 1042 1405 1066 vero

88 1087 183 1138 gesta
217 1084 485 1136 diligentiffime
513 1084 788 1122 exsecuturum:
817 1084 952 1136 quippe
986 1086 1065 1135 qui,
1101 1086 1189 1123 dum
1219 1085 1404 1130 scriberet,

87 1158 132 1182 ne
148 1145 237 1196 quid
266 1145 443 1195 impetum
463 1153 678 1188 moraretur,
706 1144 870 1195 quaedam
899 1144 1106 1195 imperfee‘ta
1133 1145 1307 1196 reliquit;
1335 1146 1406 1184 alia

85 1203 275 1243 leviffimus
300 1203 458 1241 verfibus
473 1203 587 1241 veluti
605 1204 728 1241 fulfit:
757 1217 847 1254 quos
866 1217 929 1255 per
942 1205 1068 1254 jocum
1100 1217 1166 1255 pro
1196 1205 1327 1255 tigillis
1347 1211 1404 1248 vel

85 1263 300 1301 tibicinibus
318 1262 501 1314 interponi
521 1276 541 1300 a
560 1263 594 1300 se
610 1263 770 1308 dicebat,
798 1264 843 1300 ad
872 1262 1114 1304 sustinendum
1143 1277 1248 1315 opus,
1284 1264 1403 1302 donec

83 1321 211 1361 solidae
226 1322 403 1360 columnae
421 1321 652 1360 advenirent.
914 1334 917 1337 ⁴

135 1381 184 1420 X.
214 1381 386 1420 Bucolica
420 1381 577 1419 triennio
614 1381 731 1419 Asinii
763 1381 940 1420 Pollionis
970 1381 1071 1419 suasu
1097 1381 1264 1434 perfecit.
1319 1382 1399 1420 Hic
1429 1384 1478 1432 36

91 1441 389 1492 Transpadanam
433 1440 660 1492 provinciam
705 1442 871 1493 regebat3
911 1441 1014 1491 cujus
1048 1441 1185 1486 favore,
1227 1455 1312 1480 cum
1346 1456 1404 1480 ve*

82 1501 215 1539 tefanis
242 1500 397 1551 Augusti
423 1500 600 1538 militibus
622 1501 918 1539 Cremonensium
948 1510 986 1539 et
1012 1500 1304 1539 Mantuanorum
1323 1503 1405 1553 agri

81 1560 392 1603 distribuerentur,
419 1560 501 1598 suos
526 1560 707 1611 Virgilius
742 1574 816 1598 non
843 1559 973 1598 amisit.
994 1607 999 1609 ῃ
1029 1559 1136 1598 Facta
1162 1560 1261 1598 enirn
1279 1560 1402 1598 distri-

85 1619 255 1664 butione,
290 1618 387 1663 suos,
432 1618 492 1656 seu
536 1619 696 1656 Claudio
740 1619 799 1657 seu
844 1619 958 1657 Arrio
1002 1619 1120 1663 datos,
1166 1620 1403 1669 recuperavit.

81 1677 196 1716 Hunc
219 1677 440 1716 »Pollionem
470 1677 628 1715 maxime
673 1679 805 1715 amavit
845 1678 969 1722 Maro,
1011 1688 1048 1716 et
1090 1678 1240 1717 dilectus
1278 1679 1324 1716 ab
1359 1692 1403 1717 eo
1431 1680 1478 1719 32

81 1752 213 1790 magna
233 1751 383 1776 munera
408 1737 505 1776 tulit.
562 1737 709 1789 Qippe
738 1739 802 1789 qui
836 1739 1010 1776 invitatus
1048 1738 1095 1777 ad
1133 1752 1291 1782 coenam,
1319 1753 1406 1790 cap-

78 1810 135 1837 tus
177 1797 450 1850 pulchritudine
494 1807 530 1835 et
561 1797 755 1849 diligentia
797 1798 1017 1843 Alexandri,
1067 1798 1246 1836 Pollionis
1283 1800 1408 1851 pueri,

74 1938 205 1970 agrorum
221 1926 358 1969 Virgilius
372 1928 550 1972 impetraffet‚
563 1927 595 1958 lis
609 1927 644 1970 est
655 1939 704 1958 cx·

74 1981 137 2002 orta
155 1971 188 2001 de
196 1971 304 2013 finibus
320 1971 391 2001 inter
414 1982 474 2000 eum
493 1981 519 2002 et
534 1982 586 2007 eos,
603 1973 653 2012 qui
677 1974 704 2002 in

71 2015 195 2056 proximo
215 2025 297 2055 agros
326 2022 502 2056 acceperant;
542 2026 576 2045 ex
603 2015 703 2056 quibus

75 2058 184 2088 Clodius
211 2057 324 2099 quidam
345 2057 430 2094 dixit,
449 2057 481 2100 se
507 2069 605 2088 omnem
629 2059 703 2088 litem

74 2109 284 2142 amputaturum
301 2101 443 2142 interfeHo
459 2101 578 2143 Virgilio
591 2114 599 2131 .-
624 2112 704 2143 quem

71 2146 151 2186 pok'ta
158 2144 254 2186 striHo
275 2144 372 2185 gladio
388 2143 421 2186 se
435 2142 613 2187 insequentem
617 2145 706 2186 fugit

75 2189 102 2217 in
133 2188 274 2218 tabernam
299 2185 500 2223 carbonariam,
528 2196 556 2218 et
581 2187 705 2229 beneficio

74 2230 197 2271 institoris
204 2241 237 2260 ex
248 2230 306 2260 alia
312 2238 397 2271 parte
406 2229 508 2273 emgffics
510 2229 647 2273 servatus
657 2232 701 2273 est.

76 2272 245 2304 Milienum
270 2273 433 2303 Toronem
460 2273 704 2316 (centurionem)

73 2315 307 2357 primipilarem
344 2326 360 2345 e
399 2315 506 2346 Probo
546 2324 705 2348 memorat

73 2359 234 2400 Pompon.
284 2357 368 2396 Sab„
413 2359 631 2391 Mancinellus
672 2367 703 2391 et

71 2401 138 2433 alii.

118 2444 143 2485 S„
185 2453 239 2483 33.
284 2443 387 2475 Facile
431 2452 573 2486 apparet,
619 2446 701 2485 haec,

71 2498 142 2529 quae
168 2487 343 2528 sequuntur
358 2498 375 2518 e
397 2489 560 2519 variorum
583 2491 701 2520 Grani-

72 2531 264 2562 maticorum
295 2529 358 2560 five
381 2530 506 2571 judiciis
531 2532 591 2563 five
614 2544 701 2564 com-

71 2573 190 2606 mentis
204 2572 264 2604 effe
281 2573 501 2605 consarcinata.

115 2617 188 2660 ursae
200 2628 280 2648 more.
326 2615 412 2648 Gell.
427 2617 535 2655 XVII,
554 2628 594 2650 10
608 2620 703 2652 Amici

67 2658 279 2703 familiaresque
294 2661 334 2690 P.
353 2661 468 2702 Virgilii
483 2663 510 2692 in
523 2662 578 2699 his,
593 2675 659 2705 quae
670 2665 704 2695 de

73 2705 178 2745 ingenia
193 2702 360 2747 moribusque
382 2702 441 2743 ejus
464 2707 598 2738 memoria
612 2708 703 2737 tradi-

74 2746 187 2780 derunt,
198 2746 290 2780 dicere
302 2758 360 2776 cum
364 2746 474 2789 filitum
476 2749 592 2790 ferunt,
601 2757 705 2791 parere

61 2787 101 2833 se
114 2787 210 2831 versus
226 2800 296 2822 more
310 2799 395 2833 atque
417 2792 474 2822 ritu
496 2791 586 2832 ursino
601 2802 631 2822 v.
646 2792 704 2824 rel.

771 1926 928 1968 Qinffil.
944 1926 1016 1958 Inst.
1033 1928 1078 1965 X,
1092 1937 1123 1967 3,
1139 1926 1158 1958 8
1170 1928 1321 1969 Virgilium
1336 1938 1410 1970 quo-

769 1984 823 2014 que
839 1972 1009 2014 paucg'ffimos
1034 1972 1078 2002 die
1107 1970 1270 2016 compqsuiffi·
1293 1972 1407 2016 versas,

767 2016 911 2056 aufforaest
931 2017 1037 2046 Varus.

815 2059 841 2099 53.
872 2067 924 2097 34.
963 2069 996 2089 ur
1025 2058 1138 2101 quidam
1165 2058 1304 2092 tradunt;
1340 2057 1405 2088 im-

771 2101 986 2142 pudentiffimi
1003 2102 1149 2143 profecito
1166 2101 1323 2139 homines,
1345 2101 1402 2142 qui

770 2144 874 2175 infimi
902 2144 1038 2176 subsellii
1058 2144 1225 2186 poetastris
1249 2144 1403 2176 usitatum

771 2198 897 2219 morem
923 2195 1013 2218 tanto
1042 2190 1144 2230 poetae
1169 2187 1308 2219 tribuere
1337 2188 1402 2219 aufi

770 2231 852 2262 sunt.
900 2232 945 2262 At
968 2231 1047 2262 illud
1067 2232 1164 2262 etiam
1186 2231 1340 2268 insulsius,
1361 2231 1403 2262 ad

770 2275 887 2305 XXIV
903 2285 977 2306 eum
1001 2275 1099 2305 libros
1122 2274 1295 2306 AEneidem
1312 2273 1403 2305 fuiffe

768 2318 1021 2359 perdursturum3
1059 2317 1143 2359 quasi
1171 2318 1209 2348 de
1236 2317 1404 2349 annalibus

769 2369 929 2403 ageretur.
983 2361 1068 2392 Fecit
1099 2369 1207 2392 tamen
1237 2361 1297 2392 hoc
1326 2362 1402 2391 Ma-

767 2405 869 2446 pheus
884 2404 1017 2446 Vegius,
1033 2403 1218 2441 Laudenfis,
1236 2404 1304 2435 saec.
1324 2405 1403 2442 Xv,

767 2448 822 2489 qui
850 2449 928 2478 xm
965 2447 1085 2478 librum
1116 2447 1247 2477 AEueidi
1277 2448 1403 2490 adjecit,

765 2501 862 2532 quem
875 2491 942 2532 jam
958 2490 991 2521 in
1008 2491 1056 2522 ed.
1079 2490 1201 2521 Adami
1218 2492 1294 2521 Rot.
1316 2499 1399 2530 1471

767 2542 799 2565 et
822 2534 896 2565 hinc
926 2534 959 2564 in
985 2533 1095 2565 multis
1126 2533 1318 2565 editionibus
1347 2544 1401 2564 ex-

767 2576 907 2618 pressum
944 2577 1094 2618 reperias.
1147 2575 1231 2607 conf.
1261 2577 1402 2610 Abauzit

768 2623 896 2652 Oeuvres
913 2620 987 2651 Vol.
1006 2622 1044 2652 II.

814 2663 839 2703 ξς.
882 2663 933 2702 36.
970 2664 1103 2695 Bucolica
1133 2663 1339 2695 triennio—Sic
1370 2671 1403 2694 et

771 2706 893 2738 Phocas
908 2717 938 2737 v.
957 2716 976 2748 9
979 2717 997 2746 5
1016 2707 1084 2748 sqq.
1106 2717 1140 2737 v.
1160 2706 1219 2740 inf.
1236 2706 1347 2738 Vitam
1362 2706 1400 2737 ad

769 2762 797 2781 a.
842 2749 890 2781 16.

817 2759 847 2833 ξ.
863 2802 916 2833 37.
940 2793 1105 2827 Alexandri
1117 2803 1150 2825 v,
1163 2792 1229 2836 sup.
1248 2792 1276 2835 ξ.
1292 2801 1346 2878 αξ.
1374 2834 1392 2867 8
