1987 3361
465 307 560 340 Lxx
808 296 924 345 DE
990 296 1414 349 VIRGILII

463 445 555 480 tras
585 431 787 495 juvandi
825 433 992 482 studio.
1083 435 1194 482 Fuit
1224 437 1273 483 in
1306 437 1378 483 his
1407 436 1559 484 codex
1593 438 1773 488 biblio-

466 518 619 564 thecae
655 517 990 565 Fridericianae
1016 520 1142 582 apud
1175 520 1454 583 Erlangenscs
1486 523 1775 583 chartaceuS,

465 602 581 648 alius
606 602 992 650 membranaceus
1016 604 1274 651 academiae
1302 605 1529 667 Giffrfis,
1553 607 1636 670 qui
1657 607 1774 654 olim

467 686 591 733 inter
614 686 1016 733 Uffcnbachianos
1043 687 1131 733 fuit
1153 693 1220 746 (v.
1243 686 1775 736 Biblioth.Uffenbach.

469 768 520 816 P.
542 769 625 824 IV,
641 786 687 831 p.
710 768 838 832 222),
873 769 1137 832 prolufione
1153 769 1424 817 academica
1440 770 1780 834 descriptusab

469 852 620 898 Andr.
654 852 879 899 Boehmio
909 851 1037 898 Prof.
1075 863 1122 897 et
1155 851 1383 899 Biblioth.
1419 853 1569 900 Acad.
1612 852 1779 910 Gieffi,
1842 876 1848 879 ·

469 935 586 980 alius
617 935 1000 981 membranaceus
1023 932 1217 990 Onoldi,
1243 934 1290 980 in
1328 934 1621 981 bibliotheca
1644 934 1782 983 Mar-

470 1017 654 1063 chionis
693 1016 902 1062 Sercnifl‘.
980 1016 1055 1063 De
1098 1016 1279 1063 Codice
1321 1017 1600 1074 R'oehlert'cznc),
1635 1032 1781 1080 quem

471 1099 718 1160 aliquoties
745 1099 1130 1156 memoravimus,
1155 1099 1473 1147 narrationem
1503 1100 1732 1147 habemus
1755 1115 1783 1147 a

471 1179 574 1226 viro
594 1179 773 1227 doctiss.
801 1182 838 1227 Ι.
867 1181 928 1228 G.
953 1181 1084 1228 Guil.
1107 1181 1321 1241 Koehler,
1344 1182 1586 1248 Adjunffito
1606 1181 1783 1230 Philos.

471 1267 590 1314 Ord.
618 1268 665 1313 in
691 1266 906 1314 Univers.
930 1266 1116 1328 Jenens.
1145 1266 1292 1331 (nunc
1317 1268 1433 1315 sacri
1458 1279 1611 1315 coetus
1632 1265 1784 1313 Cura-

471 1361 572 1397 tore
608 1350 655 1395 in
687 1348 894 1397 Dioecefi
928 1348 1254 1406 Ansbacenfi)‚
1286 1349 1605 1412 conscriptam
1642 1363 1782 1411 1771.

471 1435 555 1481 Est
588 1435 666 1481 ille
688 1451 712 1480 e
739 1434 1062 1481 recentiffimis
1105 1446 1151 1480 et
1193 1434 1278 1481 sub
1315 1433 1414 1497 ipsa
1448 1432 1783 1496 typographiae

471 1516 606 1563 initia
630 1516 830 1580 scriptus
853 1516 1026 1564 Romae
1049 1516 1133 1565 sub
1158 1517 1323 1565 Paullo
1347 1517 1394 1564 II
1419 1531 1531 1563 cum
1556 1514 1650 1561 fide
1673 1512 1784 1576 qui-2

472 1600 597 1656 dem,
622 1600 697 1647 sed
729 1602 788 1647 ab
816 1602 1006 1648 indodto
1040 1603 1249 1660 homine,
1283 1618 1370 1649 nec
1394 1617 1451 1648 ex
1477 1599 1667 1664 optimo
1701 1614 1786 1644 ex-

472 1686 648 1749 emplo.
721 1686 796 1733 Ex
835 1687 1114 1734 lectionibus
1158 1699 1284 1734 certe
1329 1685 1564 1748 excerptis
1609 1698 1782 1746 paucas

472 1770 734 1815 utilitatem
756 1769 975 1815 criticam
999 1770 1173 1815 habere
1209 1769 1308 1815 vidi
1351 1767 1436 1830 (cf.
1477 1766 1667 1828 Gotting.
1697 1762 1786 1810 Ge-

477 1850 611 1896 lehm
635 1850 857 1912 Anzez'gen
887 1865 1024 1912 1771,
1060 1867 1108 1912 p.
1143 1849 1304 1913 1096).
1697 1856 1700 1860 '

542 1931 742 1978 Dudum
791 1932 912 1978 mihi
952 1932 1222 1977 innotuerat
1260 1931 1423 1978 Codex
1460 1930 1726 1991 Effurtents
1760 1947 1786 1977 e

475 2013 667 2059 libraria
702 2014 981 2076 supellectili
1025 2014 1248 2061 Coenobii
1285 2013 1440 2060 Portae
1478 2013 1614 2070 Caeli,
1652 2013 1787 2060 miffo

478 2112 667 2159 quoque
689 2097 748 2142 ad
772 2113 849 2142 me
872 2097 1084 2144 leffiionis
1110 2097 1386 2159 specimine,
1430 2095 1554 2143 unde
1577 2095 1786 2142 intellexi

480 2195 537 2226 ex
589 2181 757 2227 eodem
805 2199 915 2228 eum
960 2199 1071 2228 cum
1132 2182 1365 2228 Gothanis
1413 2182 1540 2227 fonte
1589 2179 1784 2227 fluxifl'e.

480 2262 742 2309 Audieram
769 2280 881 2310 mox
906 2281 931 2309 a
956 2265 1057 2310 viro
1081 2263 1256 2310 doffiff.
1283 2262 1356 2320 Jo.
1386 2263 1506 2309 Frfd.
1527 2262 1689 2325 Degen,
1723 2262 1785 2311 A.

482 2346 558 2393 M.
600 2345 843 2408 Gymmfii
869 2347 1177 2393 Anibacenfis
1200 2346 1416 2408 Collegio
1438 2346 1692 2408 adscripto,
1710 2362 1786 2393 re-

480 2441 671 2491 pertum
693 2430 923 2486 codicem,
957 2427 1090 2491 cujus
1116 2427 1483 2490 descriptionem
1508 2426 1605 2489 ipse
1640 2428 1787 2476 dede-

481 2523 551 2556 rat
577 2511 742 2574 Progr.
785 2518 918 2574 1785.
989 2513 1067 2558 Ab
1094 2512 1191 2575 ejus
1217 2510 1509 2557 humanitate
1534 2509 1670 2557 facile
1691 2511 1787 2557 im..

481 2593 662 2654 petravi
690 2592 902 2638 lectionis
926 2593 1217 2647 varietatem,
1253 2606 1461 2652 moxque
1487 2590 1789 2638 animadver-

483 2675 535 2731 ti,
570 2675 657 2720 esse
690 2675 813 2721 hunc
850 2676 1054 2721 eundem
1094 2674 1312 2720 codicem
1348 2689 1462 2719 cum
1495 2670 1787 2728 Erfurtenfi3

486 2772 542 2802 ex
565 2756 764 2803 claustro
788 2757 943 2819 itaque
967 2757 1046 2803 suo
1070 2769 1344 2820 pervenerat
1368 2755 1446 2801 ille
1469 2755 1528 2802 ad
1548 2753 1789 2801 Illm0⁵Co-.

483 2839 625 2887 mites
649 2840 708 2886 (ie
746 2841 1040 2899 Schdnbmn,
1074 2842 1374 2903 servaturque
1412 2856 1537 2887 nunc
1575 2839 1788 2902 Gaybaci

1738 2937 1785 2966 m
