1821 3381
233 279 322 340 ψῃ
577 273 1168 321 EXCURSUSL

228 417 283 455 Ph
293 420 391 455 [aden
409 415 529 466 ſsllten
560 417 647 452 kurz
677 414 763 451 nach
797 416 857 451 dcr
885 414 988 450 Sonne
1012 414 1229 464 untergehen,
1263 416 1310 451 da
1340 415 1458 461 miiſste
1485 417 1540 452 die

229 487 334 524 Smmc
351 499 447 524 elwa
462 489 498 523 in
520 485 663 522 Zeichen
680 486 742 522 der
774 494 810 529 Χ
832 483 965 533 slehen,
997 484 1068 520 und
1092 484 1155 520 das
1179 482 1271 533 gc‘ihe
1285 486 1357 534 fier
1375 485 1430 520 die
1459 483 1539 520 Zeit

228 561 284 596 des
313 557 576 606 Honignchmcsts
601 567 701 594 elwa
730 558 793 593 den
817 555 932 593 Miirz
946 570 959 592 .·
1001 554 1174 604 hyberna:
1211 553 1314 592 undae
1349 554 1448 605 lqffln
1478 556 1541 593 das

230 627 323 664 ni'cht
339 626 430 663 zm„

282 695 340 732 Ex
369 693 616 732 astronomicis
646 693 771 744 itaque
804 691 1003 730 rationibus
1031 691 1168 730 nullam
1200 691 1309 742 plane
1337 690 1410 729 loci
1426 691 1541 729 inter-

227 764 471 815 pretationem
501 763 704 815 procedere
739 775 866 800 omnes
901 762 1075 799 fatentur.
1143 760 1344 798 Enimvero
1375 774 1415 798 re
1455 759 1542 798 dili-

227 833 376 884 gentius
407 833 595 885 perpensa,
626 833 721 871 male
749 833 819 870 hoc
849 831 966 883 ipsum
1002 830 1080 871 fieri
1112 830 1206 875 vidi,
1244 829 1345 881 quod
1382 829 1542 868 rationes

226 904 363 941 nostras
384 905 640 942 astronomicas
666 904 822 941 intulere
842 902 913 940 viri
928 903 1039 941 doffl.
1095 903 1154 940 Ex
1171 901 1326 953 poeticis
1341 899 1542 939 rationibus

227 972 291 1010 lux
309 970 608 1022 interpretationi
628 969 789 1020 petenda
815 978 920 1006 erat:
949 981 1061 1021 quam
1088 978 1285 1018 antequam
1311 967 1543 1010 constituam,

228 1051 270 1078 ut
295 1055 373 1079 rem
392 1042 473 1080 satis
494 1042 590 1080 clare
608 1053 809 1092 exponam,
841 1038 915 1077 duo
934 1048 1017 1076 ante
1035 1051 1185 1076 monere
1204 1038 1336 1076 liceat:
1366 1037 1542 1088 primurn,

226 1110 385 1149 sollenne
403 1113 470 1151 effe
491 1112 626 1162 poetis,
644 1111 756 1149 etiam
771 1109 830 1153 iis,
850 1109 914 1160 qui
932 1109 978 1147 de
994 1108 1242 1148 astronomicis
1260 1107 1490 1159 praecipiunt,
1506 1115 1545 1144 ut

226 1179 267 1216 in
295 1179 537 1218 describendis
569 1180 740 1218 sideribus
759 1179 897 1218 tabulas
915 1179 968 1216 sui
985 1177 1156 1230 temporis
1176 1178 1322 1216 caelestes
1351 1186 1386 1214 et
1411 1175 1544 1214 asteris-

226 1262 305 1286 rnos
337 1250 376 1287 in
412 1251 457 1288 iis
485 1261 629 1289 notatos
663 1251 868 1302 sequantur,
896 1249 1098 1300 formasque
1123 1259 1158 1286 et
1189 1249 1317 1300 figuras
1348 1247 1460 1298 picias
1493 1245 1545 1283 ita

225 1319 443 1369 exprimant,
470 1321 567 1370 quafi
585 1333 635 1357 eae
652 1319 691 1357 in
709 1319 797 1356 caelo
815 1330 894 1355 vere
912 1316 1198 1367 conspiciantur,
1223 1315 1360 1353 scilicet
1380 1325 1419 1352 ut
1437 1327 1544 1353 orna<

226 1396 305 1425 tum
329 1390 483 1427 versibus
508 1390 576 1427 suis
600 1402 645 1426 ex
670 1402 790 1426 earum
817 1387 989 1425 varietate
1013 1396 1149 1437 petant.
1203 1386 1263 1423 Est
1289 1399 1396 1437 porro
1424 1387 1543 1436 poetis

225 1470 434 1503 commune,
461 1468 500 1496 ut
517 1459 643 1510 fugere
663 1467 699 1495 et
726 1457 826 1508 sequi
849 1457 895 1502 se,
923 1455 1106 1507 adspicere
1125 1456 1179 1493 vel
1199 1454 1388 1505 respicere,
1417 1455 1544 1492 dican-

227 1527 426 1577 turnfidera
455 1540 527 1564 non
557 1527 692 1577 semper
722 1536 821 1563 ortus
850 1534 886 1562 et
918 1523 1079 1567 occasu5‚
1106 1523 1328 1561 suceeffionis
1357 1533 1393 1561 et
1425 1532 1545 1561 motus

227 1595 399 1646 respestu,
428 1611 493 1635 nec
522 1599 593 1636 alia
621 1599 665 1635 de
692 1598 821 1642 caussa,
850 1609 958 1647 quam
986 1595 1084 1646 quod
1114 1594 1152 1632 in
1182 1594 1305 1632 tabula
1321 1594 1447 1632 caelesti
1465 1594 1547 1632 talis

226 1676 352 1703 eorum
383 1667 514 1717 positus
541 1668 716 1712 occurrit,
745 1677 784 1704 ut
816 1676 878 1704 aut
908 1679 953 1703 ex
984 1663 1134 1702 adverso
1163 1663 1231 1700 fibi
1259 1663 1453 1706 collocata,
1482 1670 1546 1699 aut

224 1744 443 1783 quocunque
462 1735 571 1771 modo
589 1734 749 1787 opposita
766 1736 824 1772 vel
840 1734 995 1784 subjef'ta
1014 1733 1093 1770 fint.
1147 1731 1208 1769 Sic
1230 1731 1326 1782 apud
1346 1729 1546 1769 Manilium

224 1799 258 1842 Ῑ,
290 1801 374 1849 263.
406 1802 481 1849 264
498 1803 628 1840 Aurata
637 1809 788 1853 princeps
806 1804 903 1840 Aries
921 1804 956 1838 in
973 1799 1099 1837 vellere
1104 1803 1247 1851 ficrgens
1268 1799 1409 1849 Respicit
1434 1800 1546 1836 admi·

226 1884 308 1907 rans
334 1874 492 1919 avetsum
505 1874 649 1923 fitz-gere
675 1871 843 1909 Taurum.
905 1867 1051 1908 Praeivit
1070 1868 1187 1905 statim
1207 1868 1389 1905 Homerus
1406 1866 1444 1903 in
1461 1875 1549 1903 noto

226 1938 328 1976 versu
362 1939 470 1977 Iliad.
506 1958 545 1985 σ,
572 1942 664 1990 488,
693 1948 727 1976 et
753 1939 882 1989 Odyff.
914 1956 943 1983 ε,
972 1949 1061 1989 274,
1088 1937 1177 1975 dum
1196 1936 1330 1974 Ursam
1347 1935 1437 1972 dicit
1452 1935 1550 1973 verti

226 2009 325 2046 circa
359 2011 500 2060 polum,
527 2020 562 2048 et
594 2009 771 2047 Orionem
799 2008 980 2059 despicere
1005 2016 1041 2044 et
1077 2005 1282 2043 observare:
1312 2004 1371 2042 καὶ
1403 2005 1545 2054 'nelma

227 2075 359 2114 δοκεύει·
391 2077 492 2128 atqui
518 2076 549 2113 is
578 2077 688 2127 longe
708 2077 763 2120 'ab
781 2090 822 2114 ea
839 2076 948 2121 abest,
975 2074 1079 2115 Ursae
1096 2084 1216 2111 tamen
1234 2086 1279 2111 ex
1296 2073 1442 2111 adverso
1457 2074 1548 2124 posi-

228 2156 298 2184 tus.
353 2146 409 2183 Ita
438 2145 573 2183 centies
602 2146 737 2183 Aratus
755 2145 907 2183 fiderum
925 2144 1030 2182 fitum
1045 2143 1222 2193 defignat,
1250 2141 1424 2192 fimulque
1440 2155 1547 2179 orna-

227 2223 306 2252 tum
334 2227 380 2251 ex
407 2211 534 2252 natura
559 2214 751 2252 animantis
777 2215 832 2252 vel
856 2215 995 2265 figurae,
1021 2227 1104 2264 quae
1136 2212 1275 2263 fignum
1304 2210 1407 2255 facit,
1432 2210 1547 2262 petit;

226 2283 280 2322 ita
299 2285 416 2323 Orion
435 2285 633 2337 insequitur
651 2286 848 2337 Leporem3
877 2293 914 2321 at
928 2282 1041 2321 Sirius
1056 2283 1170 2320 fertur
1183 2280 1384 2331 insequenti
1409 2279 1547 2326 fimilis,

227 2359 362 2405 φέξετκι
379 2358 525 2401 μετιόντι
553 2356 671 2399 ἐοικὼς,
700 2355 774 2392 Καί
796 2355 824 2391 οἷ
851 2355 1060 2396 ἐπαντέλλει,
1081 2351 1142 2390 καί
1160 2368 1215 2397 μιν
1246 2351 1410 2398 κατιόντα
1427 2349 1544 2388 διώκει.

227 2439 262 2462 ν.
296 2438 368 2475 340
397 2425 449 2476 sq.
476 2424 526 2463 cf.
547 2438 585 2466 v,
617 2426 663 2461 28
684 2424 733 2475 sq.
755 2427 828 2474 316
847 2424 898 2475 sq.
952 2423 1043 2461 Sunt
1073 2420 1145 2458 alia
1168 2418 1354 2456 innumera
1383 2418 1554 2468 exempla

226 2495 323 2544 apud
343 2494 558 2539 Manilium,
585 2503 623 2532 ut
642 2493 680 2531 in
697 2507 770 2531 uno
793 2494 876 2531 loco
895 2492 962 2530 lib.
990 2491 1045 2536 II,
1072 2492 1120 2541 48
1126 2502 1147 2542 ς
1173 2489 1244 2540 sq.‚
1271 2487 1335 2527 ubi
1352 2487 1447 2525 inter
1462 2486 1546 2528 alia.

228 2564 372 2602 Taurus
379 2566 550 2618 fits'gentes
569 2565 664 2602 videt
680 2575 779 2616 atque
803 2566 897 2602 audit
908 2575 974 2613 per
984 2563 1104 2613 sidera
1131 2562 1254 2609 Pgsces,
1289 2557 1338 2596 cf.
1366 2556 1420 2601 II,
1454 2556 1544 2605 466.

228 2647 317 2688 5¹9·
347 2635 437 2684 456.
471 2632 535 2670 lib.
566 2632 585 2668 Ι
610 2641 702 2670 extr.
757 2630 846 2668 Alia
868 2630 1032 2681 exempla
1059 2642 1104 2666 ex
1133 2626 1275 2665 Ovidio
1295 2635 1421 2663 notare
1444 2625 1545 2666 licet.

226 2705 311 2755 Jam
341 2717 424 2741 cum
450 2703 544 2753 apud
574 2701 776 2752 Virgilium
806 2699 968 2738 Pleiades
995 2698 1168 2736 dicuntur
1198 2695 1404 2749 occidentes
1416 2699 1548 2746 fugere

227 2777 368 2825 Piscem,
395 2774 452 2810 se'u
473 2771 602 2815 Pisces,
629 2771 697 2807 hoc
717 2771 763 2807 ad
783 2770 885 2807 fitum
904 2768 1057 2806 fiderum
1075 2767 1114 2804 in
1126 2765 1259 2816 sphaera
1273 2763 1380 2801 unice
1396 2762 1544 2813 speciat3

228 2857 313 2882 nam
339 2841 497 2880 aversum
529 2839 710 2884 Taurum,
738 2837 899 2891 adeoque
929 2835 1045 2874 Tauri
1071 2842 1179 2886 caput
1209 2845 1292 2875 cum
1324 2828 1547 2873 Pleiadibus,

1317 2894 1544 2948 subsequitur·

1784 550 1806 1570 Asu-ww—x-
1784 532 1786 534 ·

1812 1471 1815 1485 —-
1810 1445 1819 1451 ῑ
1814 1405 1819 1415 -
1808 1360 1819 1371 ‘1
1808 1085 1821 1350 rsae'x-mam-rnmssm
1811 1045 1821 1077 t„
1810 999 1821 1034 <uz
1814 968 1821 990 μ
1806 910 1821 955 μὴ.
1805 795 1821 899 iaz-,0222
1814 770 1816 775 <
