1987 3361
389 266 643 361 N‘OVAE
693 300 1208 356 EDITIONIS.
1265 318 1470 355 xxxvn

157 473 352 528 parare,
394 473 512 525 quae
542 451 737 508 omnia,
780 468 896 520 quae
924 466 1155 518 unquam
1199 447 1252 497 in
1288 448 1474 498 Maro-

159 565 280 599 nem
302 541 653 597 animadverfi1
674 540 767 592 fint
789 552 873 591 aut
894 538 1230 590 animadverti
1263 538 1468 605 poffint,

159 638 565 709 complectatum
609 633 694 687 sed
719 653 837 704 quae
876 650 972 702 pro
1009 631 1171 682 fundo
1210 630 1347 688 effer,
1388 633 1472 683 cui

157 729 242 780 alii
280 726 693 798 superstruerent,
748 723 1008 781 adderent,
1049 721 1331 779 demerent,
1375 740 1469 791 pro

159 819 502 872 confilio‘aut
554 819 747 871 ratione
799 829 885 871 aut
938 816 1208 887 copiarum
1262 813 1468 867 suarum

157 924 424 984 apparatu.

230 1010 375 1060 Cum
405 1008 517 1079 jam
555 1016 813 1077 pararetur
849 1022 878 1055 a
924 1002 1129 1055 librario
1166 1019 1298 1052 nova
1354 998 1467 1051 haec

154 1101 334 1163 editio,
363 1102 415 1153 in
440 1102 612 1153 lucem
637 1099 829 1171 prodiit
855 1098 1096 1169 praeclara
1114 1096 1261 1148 Rich.
1284 1096 1463 1145 Frcmc.

155 1192 297 1244 Phil.
356 1187 602 1241 Brunckii
644 1184 865 1238 recenfio
915 1185 1242 1255 Argentorati
1281 1181 1468 1234 excusa

153 1282 317 1334 nitide
336 1292 385 1331 et
402 1277 690 1331 emendate.
769 1276 1217 1333 Animadverterat
1244 1276 1321 1328 vir
1340 1274 1465 1325 doc-

154 1372 372 1424 tiffimus
407 1370 656 1439 idemque
693 1366 1005 1418 acutissimus
1045 1367 1272 1427 criticuS,
1315 1384 1467 1436 mag-

154 1482 279 1517 nam
305 1463 398 1515 effe
417 1462 678 1533 scripturae
706 1459 1098 1512 inconstantiam
1126 1461 1179 1510 in
1208 1460 1467 1511 Burman-

156 1558 212 1609 ni
235 1556 539 1616 recensione,
579 1575 608 1608 a
633 1574 736 1626 qua
762 1573 855 1605 nec
881 1553 986 1625 ipse
1026 1554 1079 1604 in
1106 1554 1274 1624 priore
1312 1551 1466 1603 editi-

157 1667 254 1699 one
289 1645 520 1699 recedere
570 1647 867 1704 volueram;
916 1642 1106 1695 scilicet
1145 1644 1287 1715 quod
1327 1657 1462 1705 tum,

155 1757 277 1790 cum
303 1737 475 1807 primo
501 1736 563 1787 ad
587 1736 873 1806 Virgilium
889 1734 1202 1796 accederem,
1227 1735 1466 1786 nondum

155 1847 517 1900 cognoveram,
558 1846 665 1878 non
691 1824 941 1878 redditam
966 1824 1062 1877 effe
1089 1829 1269 1879 exacte
1298 1827 1466 1879 Hein-

155 1920 345 1974 fianam
382 1918 665 1969 lectionem
702 1936 731 1969 a
770 1918 1098 1977 Burmanno;
1154 1936 1247 1969 nec
1293 1930 1465 1971 tamen

154 2013 306 2085 culpa
329 2012 424 2064 viri
453 2011 595 2064 docti
620 2010 736 2071 alia,
778 2028 940 2081 quam
977 2008 1119 2080 quod
1159 2013 1466 2083 exemplum

155 2126 263 2159 non
284 2104 400 2156 satis
422 2102 758 2155 emendatum
780 2102 946 2172 operis
966 2101 1185 2154 librariis
1204 2106 1467 2158 excuden-

156 2199 286 2251 dum
312 2197 603 2250 tradiderat.
681 2196 940 2267 Expertus
968 2195 1072 2266 ipse
1098 2196 1274 2257 didici,
1303 2219 1466 2271 quam

154 2308 341 2361 parum
391 2301 501 2340 tuta
539 2307 616 2340 res
657 2286 735 2349 fit,
788 2287 1057 2338 emendare
1105 2290 1465 2361 apographum

152 2399 308 2452 prave
331 2392 618 2441 exaratum,
647 2392 733 2433 aut
758 2379 1144 2432 emendandum
1180 2382 1468 2455 relinquere

154 2472 240 2532 iis,
283 2471 375 2542 qui
403 2470 634 2522 madidas
660 2490 686 2522 e
712 2471 856 2541 prelo
882 2468 1080 2522 chartas
1106 2473 1358 2544 corrigere
1382 2495 1463 2527 re-
1522 2510 1529 2516 -

157 2581 354 2634 cepere.
433 2561 780 2615 Redeundum
817 2562 994 2633 itaque
1034 2561 1172 2615 haud
1199 2563 1356 2617 dubie
1394 2567 1466 2620 est

156 2652 220 2706 ad
272 2652 574 2706 Heinfianas
617 2654 886 2706 editiones,
983 2655 1269 2711 Enimvero
1306 2661 1464 2713 etiam

157 2742 240 2796 hae
268 2744 400 2796 inter
424 2743 471 2796 se
498 2745 644 2798 valde
686 2745 991 2818 discrepant,
1029 2766 1151 2799 cum
1183 2749 1239 2800 in
1264 2747 1468 2822 scripti-

157 2854 255 2892 one
278 2836 363 2892 seu
388 2836 776 2915 orthographia,
818 2853 932 2896 turn
957 2841 1187 2895 maxime
1225 2842 1280 2893 in
1306 2842 1465 2892 inter-

1157 2931 1463 3007 punctione..
