1821 3381
371 404 910 462 GEORGICON,
968 405 1125 453 LIB.
1174 405 1241 453 ΙΙ.

1375 422 1466 471 373

158 540 293 606 Qid
310 540 676 588 memorandum
690 555 825 602 aeque
843 539 1074 586 Baccheia
1092 540 1213 587 dona
1234 540 1471 588 tulerunt?

159 621 372 677 Bacchus
395 642 440 677 et
463 630 521 677 ad
543 631 739 694 culpam
763 613 937 678 caussas
960 631 1119 679 dedit:
1144 633 1224 679 ille
1249 632 1444 679 furentis

161 722 420 770 Centauros
444 723 539 769 leto
561 722 765 779 domuit,
791 722 1123 786 Rhoetumque
1148 723 1456 788 Pholumque

155 813 221 861 Et
244 830 420 878 magno
446 814 680 884 Hylaeum
705 813 923 877 Lapithis
947 825 1124 861 cratere
1147 815 1426 862 minantem.

218 903 266 951 O
290 904 551 952 fortunatos
573 903 794 962 nimium,
818 903 896 951 sua
919 903 952 949 fi
976 903 1098 950 bona
1123 904 1298 962 norint,

197 1064 273 1095 454.
294 1062 320 1085 et
345 1068 402 1097 quae
418 1055 457 1086 B.
477 1055 515 1086 ab
531 1054 601 1086 aliis
623 1054 701 1097 legi,
722 1054 756 1085 in
773 1054 930 1085 Servianis
946 1060 1085 1085 notatur.

155 1109 265 1138 Lutat.
290 1107 331 1138 ad
355 1109 434 1138 Stat.
463 1118 528 1138 uno
555 1107 636 1146 loco,
659 1115 691 1138 at
715 1107 816 1138 altero
836 1109 952 1148 culpam.
979 1119 1009 1140 v.
1038 1108 1149 1138 Burm.

627 1158 703 1198 456.
729 1160 854 1189 Rha-tum
869 1158 961 1189 scribi
978 1169 1015 1189 ex
1036 1158 1230 1189 membranis
1246 1157 1401 1199 plerisque
1416 1168 1475 1188 no-

153 1158 253 1189 Goth.
267 1169 319 1200 pr.
337 1169 418 1189 unus
434 1159 540 1189 Mead.

1377 908 1471 966 458

1173 1062 1250 1093 455.
1273 1060 1368 1096 cupam
1389 1053 1476 1095 apud

1203 1110 1296 1149 culpas
1327 1107 1474 1139 Parrhas.

152 1211 234 1243 tavit
253 1211 413 1243 Heinsius.
458 1212 584 1242 Rhoecum
602 1222 639 1242 ex
668 1210 867 1243 Callimacho
891 1211 937 1252 (in
962 1211 1057 1242 Dian.
1077 1212 1153 1254 221)
1170 1221 1324 1252 reponere
1340 1209 1473 1241 volebat

151 1264 287 1296 Pierius.
333 1266 460 1295 Rhoecum
475 1265 617 1307 gigantis
643 1275 762 1306 nomen
778 1264 851 1302 effe,
872 1266 998 1294 Rh'aetum
1013 1264 1180 1302 Centauri,
1201 1264 1379 1295 statuerunt
1397 1262 1471 1294 alii?

151 1316 265 1347 melius
277 1316 404 1354 dixeris,
425 1316 556 1349 nomina
569 1323 623 1357 aut
639 1316 716 1358 poni
731 1316 908 1358 promiscue
923 1323 978 1346 aut
996 1315 1161 1346 confundi.
1209 1316 1244 1345 In
1267 1314 1372 1345 latinis
1383 1313 1475 1345 libris

151 1370 277 1406 Rhoetmn
294 1370 473 1401 constanter
495 1369 599 1407 scribi,
622 1369 746 1411 copiose
762 1369 871 1403 docuit
887 1368 1022 1399 Bentlei.
1039 1368 1079 1398 ad
1095 1368 1211 1397 Horat.
1233 1367 1341 1397 Carm.
1361 1367 1401 1404 ΙΙ,
1418 1374 1475 1407 19,

151 1429 204 1460 23.
249 1421 329 1452 adde
354 1422 460 1462 Intpp.
485 1421 524 1452 ad
553 1420 674 1462 Hygin.
703 1431 733 1462 p.
763 1429 783 1458 5
811 1421 899 1451 Stav.
947 1420 1110 1456 Centaurus,
1134 1446 1153 1460 Ο

759 1480 834 1509 457.
857 1483 958 1512 magna
974 1470 1033 1500 Ed.
1051 1472 1140 1512 Junt.
1187 1469 1321 1511 Hj'leum,
1344 1469 1474 1508 Hileum,

148 1471 270 1514 aliquot
287 1479 368 1503 vett.
386 1471 511 1503 notavit
536 1471 669 1503 Pierius.

146 1523 248 1562 Iseum,
269 1524 375 1559 Yleum,
400 1525 502 1561 Leum,
522 1522 680 1554 scribitur.
696 1533 728 1552 v.
747 1523 895 1564 Propert.
914 1524 938 1559 Ι,
963 1530 993 1560 1,
1009 1530 1061 1560 13.

1134 1428 1238 1449 oraeca
1264 1417 1412 1454 flexione,
1434 1428 1473 1449 ex

1107 1522 1259 1550 Graecum
1281 1520 1326 1552 est
1340 1521 1472 1554 Ὑλαῖος.

146 1579 276 1608 minaccm
293 1575 506 1618 Menag.pr.,
528 1574 582 1607 sed
608 1573 674 1617 vid.
702 1572 979 1617 Burm.-——458.
1003 1573 1187 1616 bonastsim
1213 1573 1326 1605 Franc.
1371 1579 1472 1604 norunt

148 1631 267 1663 Moret.
283 1637 334 1670 pr.

143 1747 335 1791 corticem,
354 1754 390 1785 et
407 1746 498 1784 adeo
516 1745 611 1784 intra
628 1753 774 1784 truncos

143 1813 250 1838 cavos
267 1799 448 1836 arborum

195 1864 287 1903 454.
328 1863 418 1902 455.
455 1848 638 1887 sationem
669 1848 770 1885 filva-

143 1917 223 1941 rum
250 1903 396 1940 suadere
425 1905 569 1952 poetam
601 1899 771 1937 memine-

142 1955 192 1992 ris
209 1967 305 1991 exv.
338 1966 426 2002 433.
482 1953 559 1990 Tot
589 1951 770 2001 tantisque

142 2005 362 2044 utilitatibus
425 2005 579 2042 multum
634 2003 770 2050 cedunt

140 2058 276 2096 fruetus
307 2057 507 2100 vinearum,
535 2069 612 2106 quae
643 2064 763 2091 tamen

141 2121 214 2147 tarn
233 2109 401 2147 assiduam
428 2121 575 2158 operam
597 2106 766 2156 exigunt3

139 2161 228 2212 quin
243 2173 364 2198 earum
384 2161 526 2197 cultura
545 2160 658 2195 multa
675 2158 765 2194 adeo

140 2214 234 2250 mala
253 2213 366 2262 affert.
419 2211 523 2254 Hoc,
551 2221 591 2247 ut
618 2213 766 2259 poetam

138 2265 305 2308 decebat,
349 2259 369 2300 a
401 2262 560 2314 generali
596 2274 637 2300 ac
669 2262 766 2298 nuda

139 2315 391 2360 enuntiatione
401 2297 482 2351 oad
524 2313 611 2353 faeti
644 2325 765 2351 exem-

138 2369 237 2418 plum
272 2365 434 2405 deducit.
487 2368 538 2405 ad
552 2364 697 2415 culpam,
725 2364 763 2403 h.

137 2420 184 2457 ad
203 2419 354 2462 furores,
383 2418 428 2454 ad
446 2416 609 2456 facinora
630 2426 665 2452 et
692 2416 764 2453 cri-

135 2471 236 2509 mina
282 2468 544 2508 committenda
601 2468 766 2505 incendit

136 2522 323 2566 homines3
359 2530 398 2557 ut
427 2520 504 2570 jam
547 2519 637 2556 bene
674 2519 763 2555 Bur-

135 2588 260 2612 mann.
296 2571 475 2622 exposuit.
531 2574 621 2622 456
670 2569 762 2609 Vid.

136 2625 251 2662 Oxid.
281 2625 436 2662 Metam.
456 2623 551 2667 XII,
580 2635 653 2660 210
683 2621 760 2673 sqq.

134 2677 298 2726 Aliaap.
329 2673 501 2713 Cerdam.
529 2675 614 2711 add.
646 2674 762 2724 Apol-

132 2729 210 2779 lod.
246 2728 300 2773 ΙΙ,
331 2740 368 2778 5,
396 2738 422 2773 4
449 2735 485 2762 et
511 2725 630 2763 Notas
655 2726 700 2762 ad
729 2739 762 2763 e.

133 2781 159 2818 l
209 2779 351 2817 Habuit
383 2777 499 2814 noster
528 2786 610 2814 ante
638 2777 762 2816 oculos

133 2832 261 2881 Odyff.
295 2842 333 2880 φ,
353 2843 423 2880 295
458 2828 534 2879 sqq.
589 2828 686 2864 Cum
703 2841 760 2878 ap

132 2883 248 2920 Ovid.
279 2882 304 2920 l.
337 2882 363 2919 l.
398 2880 537 2917 Rhoelus
569 2889 605 2916 et
635 2880 761 2917 Pholus

132 2948 206 2971 non
224 2931 332 2971 occifi
352 2932 410 2968 sed
428 2931 544 2982 fugati
560 2943 760 2969 memoren-

128 2996 204 3038 tur,
231 2984 429 3036 Martium,
466 2984 578 3022 alium
612 2983 761 3021 donftum

842 1745 1055 1783 Britannum
1100 1744 1282 1796 sequutus,
1325 1744 1472 1796 copiose

842 1796 1007 1840 adstruit,
1024 1800 1181 1847 furentes
1219 1797 1280 1834 leto
1310 1797 1482 1848 jungen-,

842 1848 929 1885 dum
946 1849 1026 1893 effe,
1055 1861 1126 1885 non
1144 1851 1266 1885 domuit
1286 1848 1360 1887 leta.
1413 1851 1469 1887 At

840 1900 936 1937 enim
941 1904 1064 1950 furere
1082 1901 1168 1937 ccede
1186 1899 1296 1937 facile
1314 1900 1467 1950 dixeris,

840 1964 1036 2002 numquam
1039 1955 1163 2002 furere
1177 1963 1289 1996 morte,
1303 1951 1377 1995 leta.
1396 1952 1470 1989 Sed

839 2012 916 2039 tota
934 2003 1114 2040 dubitatio
1136 2003 1199 2041 illa
1224 2003 1341 2051 inanis
1358 2004 1406 2040 est
1423 2016 1467 2040 ac

839 2067 943 2097 vana,
972 2054 1012 2098 fi,
1041 2066 1171 2104 quanta
1188 2055 1228 2101 in
1253 2055 1310 2091 his
1333 2054 1468 2101 fabulis

838 2108 1024 2155 poetarum
1059 2105 1212 2143 variatio
1242 2106 1300 2151 fit,
1325 2116 1361 2143 et
1397 2106 1468 2164 im-

836 2171 932 2206 pune
978 2158 1044 2195 esse
1088 2158 1203 2209 potiit,
1247 2157 1468 2203 memineris.

839 2208 938 2261 Qid
964 2209 1089 2246 enirn?
1117 2209 1179 2246 Ab
1208 2208 1288 2246 aliis
1322 2209 1466 2258 Hylaem

836 2270 872 2296 et
893 2261 1032 2298 Rhoetus
1050 2261 1094 2312 ab
1109 2261 1302 2297 Atalanta
1292 2274 1331 2298 m
1347 2261 1464 2298 Arca-

836 2312 897 2348 dia
932 2312 1039 2349 occifi
1080 2324 1337 2350 memorantur.
1385 2313 1464 2351 vid.

837 2365 1014 2414 Apollod.
1033 2363 1108 2409 III,
1127 2378 1165 2414 9,
1181 2379 1216 2402 2.
1233 2364 1356 2401 Schol.
1376 2359 1465 2412 Cal-¹

835 2414 985 2452 lim-achi
1016 2414 1055 2453 in
1088 2416 1201 2455 Dian.
1231 2430 1298 2456 221
1338 2425 1375 2452 et
1406 2415 1465 2461 ibi

835 2466 1028 2517 Spanhem.

885 2523 974 2570 458.
1011 2514 1213 2568 Sequuntur
1246 2517 1371 2559 laudes
1406 2517 1462 2554 vi

834 2578 879 2606 tae
901 2570 1052 2613 rustieae,
1081 2573 1181 2611 locus
1210 2569 1463 2614 nobiliffimus,

832 2623 933 2671 cujus
961 2622 1268 2680 pulchritudinem
1298 2621 1362 2670 qui
1386 2598 1476 2658 non¹

833 2673 975 2718 sentiat,
1001 2687 1030 2710 13
1061 2687 1124 2710 nec
1154 2674 1285 2723 dignus
1315 2672 1371 2714 fit,
1400 2672 1461 2709 cui

831 2734 1025 2768 enarretur.
1081 2724 1159 2776 Qi
1178 2723 1372 2761 dulcedine
1399 2724 1463 2760 liz-1

831 2788 910 2813 rum
937 2777 1162 2827 voluptatum
1184 2786 1306 2826 captus
1322 2774 1462 2817 diutius

832 2827 901 2864 suis
921 2827 1072 2864 sensibus
1096 2827 1284 2885 indulgere
1308 2827 1400 2869 vult,
1428 2826 1460 2869 is

831 2881 907 2929 post
938 2879 1100 2916 laudatos
1122 2879 1196 2927 jam
1227 2891 1247 2914 a
1276 2877 1397 2914 Cerda
1423 2888 1460 2915 et

830 2931 912 2967 aliis
946 2930 1106 2967 contu-at
1134 2929 1301 2966 Culicem
1334 2942 1369 2966 v.
1408 2944 1455 2980 57

829 2983 946 3032 --()6.
969 2982 1103 3020 Horat.
1123 2981 1243 3033 Epod.
1262 2980 1458 3027 11.Carm.
