1987 3361
391 246 898 308 CO'DICIBUS
964 260 1109 309 MSS.
1274 279 1413 314 ani

92 386 273 451 spectos
307 387 570 436 contulisse.
640 388 903 436 Enimvero
954 388 1171 439 Wzddelii
1205 395 1328 442 codex
1359 397 1416 457 est

95 471 266 529 nullus,
290 470 367 518 sed
391 471 496 519 sunt
514 471 604 518 Ge·
623 472 864 520 Waddelii
895 475 1182 539 conjeeffirae
1218 480 1266 526 in
1290 481 1416 529 Ani-

92 553 338 602 madverff.
355 553 531 602 criticis
547 555 607 600 ab
625 571 680 601 eo
694 555 965 618 propositae.
982 557 1082 604 Duo
1093 571 1252 608 autem
1269 564 1411 613 codd„

93 637 295 696 Huffiam'
312 637 428 684 nulli
450 636 531 683 alii
556 637 661 684 sunt
699 655 844 701 quam
881 640 1030 687 codex
1048 641 1295 703 Parffienfis
1319 648 1414 694 Re„

86 723 186 784 gius
208 732 255 767 et
277 718 538 768 Markianus
561 719 636 767 seu
663 720 988 781 Parrhastanus‚
1005 723 1064 770 de
1083 726 1255 788 quibus
1273 730 1413 791 paul..

31 798 33 802 ’
94 803 142 850 lo
173 815 281 850 ante
313 803 494 852 dietum
528 804 609 860 est,
643 821 669 851 e
709 805 882 866 quibus
917 808 1065 855 varias
1100 810 1321 860 lediiones
1358 815 1408 862 in

92 885 204 932 edit.
218 879 420 931 Masvic.
436 897 677 947 excerptas
702 899 808 933 ante
830 888 991 934 oculos
1015 890 1181 939 habuit
1192 894 1411 958 Cuning-

91 969 288 1023 hamus3
332 979 565 1031 quantum
606 968 828 1032 assequor,
874 971 1073 1020 Codices
1131 992 1226 1023 non
1267 977 1406 1028 vidit.

90 1050 261 1114 Neque
312 1050 393 1098 ille
436 1051 542 1098 edd.
579 1063 754 1098 veteres
794 1069 912 1115 1472
951 1067 997 1102 et
1046 1071 1169 1118 1474
1202 1058 1300 1121 ipse
1333 1061 1410 1108 in-

83 1133 282 1197 spexifl'e
303 1134 451 1181 videri
473 1135 644 1190 debet3
686 1137 897 1199 prostant
926 1140 1146 1190 leffiones
1171 1159 1407 1208 excerptae

87 1218 139 1264 in
162 1218 279 1266 edit.
308 1216 508 1267 Martin.
541 1221 736 1270 Scilicet

150 1351 228 1413 Jo.
254 1354 479 1402 Martinus
508 1354 736 1420 (Mart-yn)
759 1355 809 1404 in
831 1356 909 1406 sua
945 1358 1295 1425 Georgicorum
1330 1381 1403 1413 re·-

84 1434 300 1483 cenfione
320 1452 338 1484 1
350 1452 435 1498 741
456 1449 502 1485 et
522 1455 538 1486 1
551 1439 643 1502 746
663 1440 844 1504 septem
859 1441 1084 1491 codicum
1101 1460 1128 1490 a
1144 1444 1188 1492 se
1205 1461 1404 1511 compa-

80 1530 296 1567 ratorum
329 1521 571 1568 varietates
605 1522 787 1570 habuit.
853 1523 956 1571 'Sed
989 1525 1091 1573 viro
1123 1526 1404 1589 doctissimo,

85 1601 217 1666 cujus
241 1600 418 1665 alioqui
440 1602 656 1651 laudibus
679 1605 799 1652 nihil
821 1604 1083 1656 detractum
1098 1611 1259 1670 velim,
1284 1628 1400 1661 acu-

84 1698 195 1731 men
209 1682 304 1730 fere
319 1683 544 1731 criticum
558 1685 848 1749 omninoque
861 1686 951 1734 hoc
970 1692 1272 1740 accuratioris
1291 1710 1401 1742 eru-

81 1763 276 1811 ditionis
300 1780 450 1828 genus
473 1766 655 1819 defuit;
691 1767 851 1830 itaque
875 1784 960 1815 nec
988 1769 1097 1819 satis
1126 1789 1399 1825 accuratam

78 1849 131 1897 in
154 1849 211 1896 iis
234 1849 367 1896 libris
389 1850 710 1914 excerpendiS,
730 1867 884 1914 neque
911 1851 961 1900 in
990 1855 1195 1919 antiquis
1224 1859 1401 1907 editio..

78 1933 236 1992 nibus,
258 1949 372 1997 quas
389 1933 565 1996 plureS‚
587 1932 850 1980 admodum
872 1951 978 1982 raro
1000 1936 1179 1996 obvias,
1200 1942 1329 2004 apud
1351 1942 1398 1991 se

78 2015 261 2073 habuit,
295 2014 588 2062 excutiendis
622 2028 818 2079 operam
851 2016 1019 2065 locaffe
1053 2020 1256 2069 videtur.
1323 2024 1398 2072 Ita

77 2113 165 2148 nec
189 2099 346 2146 minus
369 2100 419 2146 in
440 2099 579 2157 notiS,
604 2099 728 2146 inter
745 2099 975 2161 plurimas
1001 2105 1213 2167 egregias
1235 2105 1395 2153 obser..

77 2182 302 2240 vationes,
324 2182 474 2228 multa
495 2179 631 2228 valde
647 2182 859 2245 vulgaria
888 2185 1082 2247 operose
1117 2189 1292 2251 exponi
1318 2191 1394 2237 vi·-

77 2267 203 2314 dea'S.
271 2266 388 2313 Sunt
421 2277 582 2312 autem
622 2265 849 2314 codicum
900 2267 1325 2329 Martinianorum,
1367 2288 1395 2319 e

77 2349 252 2414 quibus
284 2361 445 2396 tamen
484 2348 605 2397 nihil
638 2348 768 2413 quod
800 2349 1069 2415 insignioris
1103 2365 1232 2399 notae
1266 2352 1392 2411 effer,

35 2432 37 2434 ’
73 2432 313 2498 prolatum
335 2433 549 2492 memini,
570 2434 766 2482 nomina
799 2434 848 2481 in
882 2435 1022 2498 praef.
1056 2435 1118 2483 ad
1153 2435 1391 2501 Georgica

74 2519 201 2568 nude
222 2532 520 2568 enumerata:

141 2603 307 2653 Codex
339 2603 516 2667 Regius,
574 2620 601 2651 e
650 2603 943 2653 bibliotheca
997 2600 1150 2665 Regia
1203 2598 1390 2648 Londi-

74 2687 214 2735 nenfi.

1220 2770 1386 2817 Codex
