1987 3361
511 320 746 356 cchv111
873 307 1517 358 ARGUMENTA.

508 440 657 489 Tro'e's
681 441 748 488 ibi
771 441 993 505 linquunt
1018 442 1180 490 socios.
1250 442 1407 490 Venus
1431 442 1568 490 anxia
1590 443 1747 506 placat

504 522 804 586 Neptunum.
829 523 1029 570 Somnus
1039 522 1312 571 Palinurum
1329 523 1506 587 mergit
1520 523 1568 570 in
1581 524 1735 572 undis,
1755 535 1814 587 25

1080 637 1240 669 SEXTI.

807 711 1421 759 ASCLEPIADIUS
1472 712 1559 759 VI.

508 794 747 842 Sacratam
771 794 961 841 Phoebo
987 795 1249 841 Cumarum
1274 793 1422 840 fertur
1443 793 1491 840 in
1515 794 1685 840 urbem

502 874 609 922 Rex
633 874 882 940 Phrygius,
918 875 1126 937 vatisque
1148 875 1268 937 petit
1289 874 1504 937 responsa
1527 874 1739 936 Sibyllae.

503 955 753 1003 Misenum
777 956 955 1019 sepelit.
1026 955 1133 1002 Post
1158 957 1260 1002 haec
1285 957 1385 1002 adit
1408 957 1557 1003 infera
1580 971 1752 1019 regna;

503 1035 873 1100 Congrefsusque
895 1038 1033 1100 patri,
1067 1036 1204 1084 discit
1225 1052 1372 1100 genus
1395 1035 1539 1082 omne
1559 1037 1766 1094 suorum,

505 1115 713 1182 Qoque
736 1118 882 1165 modo
903 1119 1034 1166 casus
1056 1119 1206 1165 valeat
1229 1118 1443 1181 superare
1471 1118 1670 1164 futuros,
1751 1133 1818 1180 30

1017 1233 1155 1264 SEPTI
1166 1233 1197 1263 M
1211 1233 1246 1265 Ι.

805 1307 1362 1356 EUSTHENIUS
1413 1309 1524 1356 VII.

503 1387 723 1436 Tandem
747 1388 1002 1436 deveniunt
1029 1389 1286 1436 Laurentia
1312 1389 1465 1436 Troes
1490 1390 1536 1435 in
1563 1406 1669 1436 arva
1684 1414 1698 1444 3

499 1471 568 1518 Et
589 1486 706 1532 pace
728 1482 923 1534 accepta
947 1470 1043 1517 laeti
1067 1487 1187 1517 nova
1212 1472 1395 1518 moenia
1417 1472 1646 1521 condunt.

498 1551 658 1599 Nocte
681 1550 827 1598 satam
848 1552 974 1612 Juno
996 1553 1190 1599 Furiam
1214 1565 1395 1600 evocat.
1464 1553 1551 1600 Illa
1579 1553 1770 1600 Latinos

496 1634 632 1682 Inter
655 1644 701 1678 et
723 1632 959 1695 AEneadas
983 1634 1164 1680 bellum
1186 1634 1310 1692 serit,
1348 1646 1393 1681 et
1417 1634 1509 1681 ciet
1531 1649 1678 1681 arma.

500 1717 720 1766 Protinus
744 1718 929 1764 auxiliis
956 1730 1076 1765 terra
1099 1718 1285 1766 instruit
1302 1719 1420 1766 Itala
1445 1718 1682 1766 Turnum.
1750 1729 1809 1778 35

1044 1832 1255 1865 ocTAvi.
1584 1852 1587 1856 -

795 1908 1301 1957 POMPEIANU
1321 1909 1350 1956 S
1399 1910 1536 1956 VIII.

502 1991 638 2039 Vidit
663 2002 715 2038 ut
740 1990 912 2036 AEneas
936 1990 1122 2037 summa
1146 1992 1193 2037 vi
1216 1991 1341 2037 bella
1362 1991 1538 2054 parari:

499 2073 710 2120 Arcadas
732 2074 1105 2137 Evandrumque
1128 2074 1287 2121 senem
1311 2075 1396 2121 fibi
1424 2075 1604 2122 foedere
1620 2075 1785 2140 jungit
1798 2103 1813 2133 ;

497 2154 838 2217 Dardanioque
857 2155 966 2202 duci
991 2155 1192 2203 sociatur
1214 2157 1405 2204 Etruria
1429 2169 1542 2204 tota.

498 2235 649 2281 Arma
670 2236 793 2297 petit
816 2237 1047 2299 genetrix,
1081 2238 1163 2284 dat
1185 2238 1455 2284 Mulciber:
1491 2238 1539 2284 in
1563 2239 1812 2303 clipeoque

501 2316 593 2365 Res
615 2317 776 2381 pingit
802 2318 976 2376 LatiaS,
1011 2332 1058 2368 ct
1084 2320 1222 2367 fortia
1246 2321 1367 2367 facta
1391 2332 1638 2384 nepotum.
1748 2336 1815 2382 40

1081 2434 1226 2466 NONI.

796 2506 1019 2554 MAXI
1042 2508 1372 2556 MIANUS
1424 2510 1516 2558 IX.

497 2584 576 2634 Ad
602 2585 817 2633 Turnum
840 2604 1039 2651 propere
1062 2588 1268 2648 Junonia
1292 2590 1502 2638 mittitur
1526 2590 1630 2649 Isis,

497 2666 786 2730 Instigatque
803 2670 1002 2716 animos.
1056 2671 1197 2718 Acies
1216 2685 1377 2719 movet
1396 2673 1490 2729 ille,
1510 2672 1810 2738 Phrygasque

498 2748 715 2817 ObfidCs?
783 2751 840 2817 In
865 2752 1116 2817 Nymphas
1140 2754 1267 2802 versa
1291 2756 1355 2804 est
1374 2755 1543 2803 AEneia
1564 2756 1730 2806 claffiS.

1572 2847 1812 2912 Euryalus
