1987 3361
329 315 589 375 NOVAE
640 311 1110 369 EDITIONIS.
1280 328 1381 383 xix

71 466 247 526 mod0‚
269 463 354 517 sed
383 462 644 536 judicium
681 465 869 530 po'etae,
913 457 1182 509 inventum
1217 466 1267 506 et
1302 472 1382 505 ar-

70 574 195 618 tem,
238 556 570 613 declararem,
600 551 771 623 primo
798 551 986 600 iterum
1013 545 1216 617 inspexi
1240 555 1384 596 vete-

69 670 146 704 res
174 652 492 720 interpreteS,
537 661 602 695 ex
646 641 828 713 iisque,
871 659 988 712 quae
1029 637 1169 709 frugi
1204 637 1381 701 effent,

68 737 529 810 adscivi,inprimis
545 756 572 787 e
594 732 871 787 Macrobio
892 744 940 783 et
961 751 986 783 e
1002 732 1146 800 Julio
1167 729 1352 782 Sabino
1363 752 1382 788 ς

69 835 256 887 iterum
284 832 336 884 in
359 829 614 884 Bucolicis
637 825 1002 886 Theocritum,
1026 825 1080 876 in
1107 822 1384 894 Georgicis

69 924 350 996 Scriptores
361 921 461 972 Rei
478 918 704 971 Rusticae
723 915 1208 988 etGeoponicorum
1226 911 1388 983 scrip-

69 1030 222 1078 tores,
247 1015 300 1067 in
321 1012 540 1067 AEneide
568 1012 865 1064 Homerum
893 1019 1066 1060 mente
1093 1026 1150 1059 ac
1177 1024 1385 1058 memo-

68 1109 141 1161 ria
165 1106 358 1160 recolui
379 1130 394 1165 ς
436 1117 552 1156 tum
592 1121 715 1154 vero
740 1120 845 1153 non
871 1118 1056 1171 parum
1082 1099 1387 1168 interpreta-

67 1201 268 1252 tionem
293 1202 462 1269 po‘etae
488 1195 762 1246 meliorem
793 1189 1039 1263 adjuvisse
1082 1189 1262 1242 videor
1305 1207 1388 1240 ar-

68 1291 329 1363 gumentis
358 1287 773 1359 diligentioribus
813 1283 1104 1357 praemiffiS,
1143 1282 1387 1354 inprimis

70 1382 325 1437 Bucolicis
351 1392 400 1430 et
434 1377 725 1448 Georgicis,
768 1376 956 1448 quibus
985 1374 1201 1447 quidem
1246 1375 1390 1426 nulla

69 1472 239 1527 adhuc
271 1472 558 1543 adjeceram
598 1481 920 1539 argumenta.
1001 1468 1239 1519 Omnino
1280 1468 1387 1518 Bu·-

67 1568 353 1618 colicorum
392 1576 441 1615 et
487 1561 871 1632 Georgicorum
914 1559 1175 1630 expolitio
1213 1561 1267 1611 in
1293 1559 1390 1612 hac

68 1656 360 1713 recensione
382 1653 599 1708 infinitis
621 1651 790 1704 modis
811 1650 1116 1703 elaboratior
1135 1651 1206 1703 est
1227 1671 1388 1724 quam

72 1752 127 1804 in
152 1751 339 1823 prima.
418 1746 678 1801 Excursus
720 1748 848 1798 alios
893 1747 1098 1818 prorsus
1126 1747 1310 1799 refinxi
1339 1761 1388 1801 et

69 1842 358 1915 retractavi,
399 1841 526 1893 alios
554 1838 717 1911 adjeci
742 1857 904 1890 novos
930 1859 942 1889 z
986 1839 1246 1891 Bucolicis
1268 1842 1387 1912 qui-

70 1935 191 1987 dem
237 1931 476 1986 accessere
516 1943 773 2004 quatuor:
820 1930 843 1981 1
888 1931 1073 2001 Eclogo
1117 1932 1202 2001 IV
1225 1952 1390 2002 graece

69 2029 232 2098 versa,
264 2027 316 2078 II
359 2026 412 2077 de
444 2028 590 2085 Velm,
620 2024 697 2075 III
725 2024 779 2074 de
807 2024 870 2076 C.
902 2024 1124 2076 Cornelio
1156 2026 1303 2077 Gallo
1340 2040 1389 2077 et

72 2120 406 2192 Euphorionis
435 2118 656 2188 Chiffist
687 2117 762 2170 IV
788 2117 843 2168 de
872 2118 1047 2188 Scylla.
1080 2118 1353 2190 Georgicis
1372 2143 1387 2171 ε

70 2211 163 2264 lib.
202 2211 279 2263 IV
325 2212 457 2262 Exc.
507 2210 530 2260 I
576 2209 629 2259 de
670 2208 872 2260 Pleiade
911 2208 1100 2278 Piscem
1129 2210 1386 2281 fugiente,

72 2303 127 2354 ΙΙ
152 2302 206 2354 de
231 2301 564 2373 Nympharum
592 2299 719 2351 domo
742 2314 790 2350 et
815 2300 971 2351 Penei
986 2300 1140 2369 regia.
1188 2303 1395 2354 AEneidi

72 2406 280 2447 autem:
320 2393 413 2444 lib.
461 2392 483 2443 Ι
530 2391 662 2443 Exc,
692 2391 750 2442 1*
789 2391 841 2441 de
881 2391 1138 2460 ministerio
1177 2392 1386 2455 deorum,

72 2485 298 2557 inprimis
321 2484 564 2556 szonis,
605 2483 654 2534 in
702 2483 925 2542 AEneio'e,
968 2484 1104 2536 VII*
1142 2484 1196 2535 de
1222 2489 1388 2537 Ante-

74 2597 189 2630 nore
210 2602 227 2638 ,ς
267 2576 361 2628 lib.
392 2577 442 2628 II
465 2577 598 2629 Exc.
631 2575 740 2628 IV*
768 2576 821 2627 de
847 2576 1104 2628 Palamede
1125 2599 1148 2641 ‚·
1187 2577 1279 2630 lib.
1312 2577 1389 2631 IX

74 2667 209 2721 EXC.
246 2669 269 2720 I
319 2668 540 2720 Narrati
578 2667 631 2719 de
671 2667 836 2718 AEnea
871 2681 921 2718 et
945 2668 1162 2736 Anchffe
1199 2683 1314 2721 ante
1335 2670 1384 2722 l).

76 2758 285 2832 ‘Trojam'
317 2772 531 2830 tempora
546 2784 563 2820 3
602 2758 695 2812 lib.
745 2758 849 2811 XII
892 2759 1027 2812 EXC.
1070 2759 1118 2813 V
1168 2762 1270 2814 Cen
1297 2782 1390 2815 ura

700 2847 735 2899 b
776 2864 806 2902 2
1206 2870 1389 2914 eorum,
