1821 3381
302 310 363 362 26
526 307 580 355 P.
617 303 977 354 VIRGILII
1021 303 1392 354 MARONIS

297 439 384 478 bitis
402 451 413 476 τ
440 436 490 477 cf'.
511 436 556 475 ad
577 450 611 475 v,
635 438 695 474 28.
749 433 889 472 Interea
912 433 999 470 alter
1017 431 1062 470 de
1080 432 1182 470 malis
1201 445 1243 471 ae
1263 433 1433 473 molestiis
1451 436 1618 488 migrati·

295 508 378 546 onis
394 507 461 544 suae
479 504 726 556 conqueritur,
756 503 972 553 tandemque
998 511 1118 553 aperte
1135 501 1182 539 de
1200 511 1449 541 veteranorum
1477 503 1618 543 immis-

296 577 394 615 fione
410 576 450 613 in
468 587 573 626 agros
591 573 753 623 loquitur
771 585 806 610 ν.
827 585 888 623 70.
933 569 1094 608 Subfistit
1113 569 1282 620 dialogus
1305 569 1346 607 in
1368 583 1430 617 eo,
1449 580 1488 609 ut
1506 571 1620 623 Tity-

297 660 356 685 rus
374 645 541 683 miserum
554 642 696 680 exulem
710 641 749 679 in
764 641 827 678 suo
842 639 988 692 tugurio
1007 639 1214 690 pernoftare
1232 638 1372 688 jubeat.
1413 639 1537 691 Atque
1548 641 1619 680 hoc

295 713 445 765 quidem
472 725 595 749 verum
615 724 655 748 ac
674 709 861 761 proprium
880 707 1051 746 carminis
1071 715 1326 758 argumentum
1338 723 1350 755 3
1375 708 1492 759 quod,
1506 722 1621 760 quan-

296 792 375 820 turn
394 795 413 818 a
432 790 556 818 natura
574 778 742 818 carminis
756 777 932 829 pastoritii
950 776 1093 828 proprie
1107 774 1198 813 dieii
1213 775 1317 821 abfit,
1334 775 1442 815 facile
1456 788 1621 830 apparet,

295 860 333 888 et
359 850 463 900 quale
489 861 622 888 novum
649 861 763 900 genus
789 846 994 889 constituat,
1022 844 1061 882 in
1078 843 1326 895 disputatione
1356 845 1404 883 de
1435 844 1623 885 Bucolicis

298 917 518 969 virgilianis
544 915 745 967 expositum
776 914 837 951 est.
893 913 965 951 Sed
994 910 1196 965 communis
1222 910 1386 950 omnium
1417 922 1622 965 temporum

296 987 441 1038 opinio,
460 996 620 1024 veterum
639 984 974 1023 Grammaticorum
994 982 1064 1020 fide
1088 983 1241 1027 firmata,
1267 982 1445 1027 obtinuit,
1471 983 1623 1036 Eclogae

295 1056 401 1106 hujus
419 1055 598 1094 rationem
611 1055 657 1092 ad
676 1054 738 1104 illa
758 1063 918 1104 tempora
935 1062 970 1090 et
988 1049 1144 1102 Virgilii
1161 1050 1347 1089 fortunam
1366 1052 1623 1090 accommoda-

295 1135 372 1167 tam
388 1125 471 1171 effe,
498 1133 539 1162 ut
554 1137 598 1162 eo
617 1136 710 1162 anno
732 1121 798 1172 (U.
815 1121 863 1160 C.
884 1123 974 1173 713)
1003 1119 1135 1170 scripta
1154 1119 1210 1164 fit,
1235 1131 1309 1169 quo
1326 1118 1624 1161 Triumvirorum

296 1194 463 1247 paftione
481 1193 624 1232 decreta
641 1191 704 1230 illa
719 1203 891 1243 agrorum
911 1189 1005 1227 inter
1020 1199 1206 1227 veteranos
1219 1188 1350 1226 divisio
1364 1187 1409 1225 ab
1421 1187 1625 1226 Ofiaviano

296 1265 393 1302 §itera
410 1265 481 1309 est3
509 1264 554 1301 de
582 1276 653 1314 qua
676 1275 712 1299 v.
735 1259 897 1312 Appian.
925 1257 1044 1300 Civil.
1070 1257 1136 1296 lib.
1156 1257 1214 1294 IV
1233 1256 1292 1296 ed.
1313 1257 1429 1298 Arnst.
1453 1257 1565 1309 1670,
1583 1270 1622 1308 p-

298 1346 391 1385 954,
421 1334 498 1368 Dio
517 1331 686 1374 XLVII,
711 1342 770 1378 14·
825 1329 924 1364 Ante
942 1328 1056 1370 enim,
1074 1338 1181 1375 quam
1199 1326 1384 1363 Antonius
1401 1335 1437 1363 et
1452 1325 1626 1363 oetavia-

298 1413 364 1437 nus
388 1396 554 1435 adversus
582 1396 739 1433 Caffium
766 1404 802 1431 et
828 1394 979 1433 Brutum
998 1391 1323 1443 proficiscerentur,
1345 1393 1418 1430 1610
1436 1393 1482 1429 ad
1501 1392 1622 1432 Muti.

298 1483 384 1508 nam
401 1468 551 1513 foedere,
562 1480 642 1518 quae
655 1467 701 1503 est
715 1463 862 1502 infamis
874 1463 938 1501 illa
953 1461 1251 1504 Triumvirorum
1268 1462 1388 1512 pastio
1402 1461 1455 1499 U.
1471 1462 1519 1500 C.
1532 1476 1552 1514 7
1563 1476 1574 1498 1
1589 1475 1624 1508 t,

299 1551 339 1580 ut
358 1538 570 1583 exercitum,
599 1550 642 1575 ex
671 1534 846 1573 veteranis
875 1534 948 1571 fere
976 1532 1238 1584 conscriptum,
1268 1532 1306 1569 in
1324 1532 1394 1570 fide
1416 1531 1623 1576 retinerent,
1678 1529 1681 1531 ’

299 1608 475 1648 militibus
492 1616 620 1659 praeter
632 1605 702 1642 alia
715 1603 859 1655 praemia
878 1601 1038 1640 colonias
1051 1601 1196 1639 urbium
1207 1600 1432 1644 Italicarum,
1443 1609 1478 1638 et
1494 1599 1625 1650 opibus

299 1690 335 1716 et
351 1678 425 1716 solo
442 1686 477 1715 et
496 1675 658 1714 aedificiis
678 1674 774 1712 inter
797 1683 938 1710 caeteras
956 1671 1168 1722 infignium,
1184 1669 1400 1714 offlodecim,
1418 1683 1497 1721 quae
1514 1669 1624 1711 Caffii

299 1758 415 1801 partes
433 1746 604 1798 amplexat
621 1752 737 1788 erant,
765 1743 858 1781 inter
878 1755 965 1792 quas
981 1742 1127 1792 Capua,
1148 1739 1348 1792 Rhegium,
1366 1739 1537 1785 Venusia,
1555 1740 1623 1779 Be-

300 1827 508 1860 neventum‚
537 1812 714 1858 Nuceria,
743 1812 970 1856 Ariminum,
989 1810 1140 1848 Vibona
1165 1821 1201 1848 et
1219 1810 1402 1846 Cremona
1419 1821 1624 1847 memoran-

300 1898 375 1933 tur,
401 1885 667 1939 promiserunt3
695 1884 732 1921 h.
751 1896 783 1920 e.
808 1890 1017 1933 receperunt
1043 1880 1082 1918 in
1111 1880 1159 1925 se,
1184 1879 1219 1917 se
1241 1891 1316 1924 eOS,
1342 1878 1442 1916 bello
1460 1872 1619 1916 feliciter

300 1958 483 2000 confecto,
503 1957 541 1994 in
556 1956 636 1994 illas
649 1953 766 1998 urbes,
785 1962 967 2003 tamquam
987 1950 1161 1995 colonias,
1179 1950 1409 1994 deducturos,
1426 1957 1462 1986 et
1479 1962 1623 1992 eorum,

301 2027 365 2078 qui
383 2039 477 2064 nunc
496 2025 707 2066 incolerent,
726 2036 830 2074 agros
848 2022 894 2060 iis
912 2023 1140 2073 affignaturos
1161 2021 1239 2058 effe.
1294 2019 1417 2072 Qam
1432 2031 1507 2056 rem
1520 2031 1620 2063 cum,

244 2119 246 2121 -
304 2095 422 2135 Cassio
435 2105 470 2132 et
485 2094 596 2131 Bruto
610 2091 714 2135 caesO,
734 2091 773 2129 in
789 2090 931 2128 Italiam
950 2090 1064 2128 redux
1079 2087 1299 2126 Offlavianus
1316 2086 1484 2137 perficere
1497 2085 1619 2129 vellet,

301 2164 432 2218 partim
449 2177 493 2201 ex
513 2163 671 2200 militum
689 2161 879 2199 insolentia
896 2170 932 2198 et
949 2159 1114 2203 avaritia,
1140 2157 1272 2210 partim
1291 2168 1336 2193 ex
1356 2155 1552 2206 ejestorum
1576 2154 1624 2191 de

302 2234 373 2272 suis
398 2232 504 2271 bonis
533 2231 788 2284 indignatione
811 2229 935 2281 magni
954 2238 1070 2267 motus
1087 2240 1128 2264 ac
1146 2225 1320 2268 turnultus
1337 2223 1410 2262 orti
1429 2223 1522 2262 sunt.
1541 2223 1622 2262 vid.

304 2303 463 2354 Appian.
493 2302 609 2340 Civil.
630 2302 681 2340 V.
710 2315 746 2353 p.
770 2305 861 2340 1081
885 2300 962 2351 sqq.
1019 2298 1096 2336 Dio
1123 2296 1258 2334 Caffius
1285 2293 1474 2339 XLVIII,
1495 2308 1623 2347 5-93

303 2374 397 2411 adde
424 2374 572 2411 Sueton.
594 2373 694 2423 Aug.
716 2371 830 2409 XIII.
885 2371 974 2408 Erat
1004 2379 1123 2407 autem
1150 2380 1292 2414 eorum,
1319 2365 1450 2416 quibus
1478 2366 1625 2417 praemia

302 2442 474 2481 solvenda
499 2442 620 2485 essent,
646 2441 771 2491 ingens
794 2453 976 2485 numerus,
1003 2439 1163 2490 legiones
1187 2435 1374 2479 nimirum,
1401 2434 1426 2472 fi
1453 2434 1626 2487 Appiano

302 2512 388 2549 fides
404 2511 569 2549 habenda
587 2511 612 2549 l.
632 2511 657 2548 l.
673 2523 709 2560 p.
732 2523 844 2561 1075·
870 2510 982 2561 1076,
1001 2522 1073 2546 non
1093 2507 1212 2544 minus
1232 2503 1428 2548 XXVIII,
1446 2516 1538 2553 quae
1555 2515 1626 2540 una

302 2594 385 2619 cum
413 2578 656 2616 annumeratis
676 2579 713 2615 in
735 2578 894 2628 legiones
915 2577 1020 2626 (μετὰ
1044 2580 1104 2613 τῶν
1121 2572 1401 2620 συντασσομένων)
1422 2569 1625 2609 efficiebant

304 2662 448 2691 centum
465 2660 501 2687 et
525 2649 748 2701 septuaginta
765 2649 925 2685 virorum
953 2646 1085 2689 millia,
1108 2654 1235 2696 praeter
1258 2641 1395 2693 equites
1420 2649 1456 2679 et
1479 2640 1623 2679 turbam

302 2721 518 2764 militarem3
535 2732 752 2769 quamquam
764 2716 1041 2768 eorum,quibus
1061 2715 1106 2752 ad
1122 2712 1306 2751 Mutinam
1324 2710 1625 2763 promittebantur

304 2790 399 2841 agri,
427 2802 592 2826 numerus
618 2788 727 2826 etiam
756 2789 869 2838 major
896 2797 993 2832 erat;
1024 2784 1203 2822 habebant
1229 2782 1325 2820 enirn
1349 2779 1532 2819 triumviri
1557 2779 1624 2817 sub

304 2859 413 2911 fignis
430 2859 587 2912 legiones
606 2857 756 2903 XLIII,
772 2867 811 2896 ut
831 2856 921 2896 adeo
937 2853 1146 2908 quindecim
1164 2851 1436 2906 legionesbello
1455 2848 1624 2890 confeEto

1487 2916 1622 2957 defide-
