1821 3381
343 294 882 353 GEORGICON,
937 293 1093 343 LIB.
1136 293 1224 341 IV.

1337 308 1429 359 475

122 430 420 483 AdmIranda
441 429 531 477 tibi
555 426 734 475 levium
757 424 1020 489 spectacula
1042 439 1214 479 rerum,

124 521 557 588 Magnanimosque
580 520 738 576 duces,
762 516 1003 580 totiusque
1027 515 1195 562 ordine
1213 512 1372 577 gentis

166 665 202 697 3.
218 657 356 689 miracula
385 667 477 687 rerum
493 654 573 686 alter
596 655 729 692 Moret„
743 652 827 683 forte
848 662 886 683 cx
900 661 932 681 v.
947 658 1022 688 441.

1109 658 1140 687 4.
1152 649 1285 692 totiusque
1299 658 1335 680 ex
1345 646 1438 678 ordine

124 707 259 751 plurimi
286 707 416 744 habent,
441 706 550 749 scripti
566 713 597 737 et
618 705 708 743 editi,
729 705 826 736 etiam
842 702 966 734 Medic.
1008 702 1095 732 Tam
1119 710 1233 743 parum
1251 700 1370 741 peritos
1391 697 1440 729 rei

123 759 266 791 metricae
284 758 354 800 quis
370 757 477 789 credat
492 756 719 800 grammaticos
733 763 765 787 et
781 753 947 786 librarios?
991 754 1039 783 At
1055 752 1141 783 recte
1157 750 1312 793 particula
1331 756 1438 780 metro

121 819 261 850 1mm1ca
283 809 400 841 exsulat
416 820 454 840 ex
470 811 566 839 Rom.
589 815 620 840 et
636 807 705 839 aliis
719 806 914 838 melioribus.
960 803 1091 834 Mederi
1110 801 1212 834 voluit
1235 801 1315 833 xitio
1330 805 1437 843 quart.

120 863 246 894 Moret.
263 861 386 906 totasque
401 872 437 894 ex
453 861 558 899 ordine,
573 860 740 891 Venetus:
769 859 873 901 totique
882 867 917 889 ex
935 856 1038 887 ordine.

115 970 272 1019 appellat
315 971 400 1014 mel,
437 970 487 1008 cf.
527 970 619 1009 Plin.
650 970 676 1006 l.
715 969 741 1008 l.

119 1020 302 1059 Caeterum
320 1022 366 1059 ab
383 1021 492 1060 initio
507 1022 622 1059 statim
640 1020 745 1070 hujus

118 1071 208 1109 libri
237 1072 473 1110 adolescentes
507 1073 552 1110 ad
584 1074 658 1110 duo
690 1082 743 1109 at-

118 1123 284 1169 tendant,
298 1125 456 1176 primum
475 1124 516 1161 ad
548 1123 743 1162 artificium

118 1187 194 1211 rem
211 1184 353 1212 tenuem
371 1185 408 1212 et
421 1175 583 1212 exilem
572 1175 745 1225 1magini-

119 1225 186 1263 bus
221 1241 304 1264 cum
348 1227 460 1277 gratis
493 1237 528 1263 et
560 1226 745 1284 jucundis,

119 1286 196 1314 tum
240 1278 416 1328 praeclaris
454 1287 490 1314 et
529 1277 745 1329 magnificis,

120 1328 221 1366 fine
210 1339 333 1380 inepto
358 1340 477 1366 tamen
496 1330 599 1374 fastu,
616 1342 744 1367 ornan-

119 1379 182 1424 di;
210 1381 342 1418 deinde
369 1381 414 1418 ad
439 1381 679 1438 calliditatem
707 1381 745 1418 in

118 1431 306 1469 inferenda
324 1432 492 1469 varietate
512 1446 552 1469 ac
577 1431 683 1483 copia
705 1432 744 1468 in

119 1495 372 1534 argumentum
396 1483 559 1532 quamvis
577 1484 743 1542 jejunum

114 1544 151 1570 et
169 1535 278 1579 exile,
307 1535 475 1585 quorsum
495 1536 651 1572 maxime
669 1535 746 1586 epi-

118 1585 196 1623 sodi
200 1599 302 1623 orum
321 1600 405 1637 opes
432 1587 570 1625 referas.
624 1587 743 1623 Orna-

117 1646 197 1674 tum
239 1637 386 1687 quidem
442 1651 484 1675 ac
537 1638 743 1676 xarietatem

118 1688 276 1726 maxime
295 1689 403 1727 modo
413 1690 458 1727 ab
473 1691 648 1739 majorum
667 1691 745 1726 ani-

118 1740 312 1785 mantium,
342 1743 520 1792 pecudum
548 1755 581 1778 et
605 1755 744 1779 :irmen-

119 1801 256 1835 torum,
276 1795 386 1830 modo
405 1794 450 1830 ab
472 1793 519 1829 h‹
525 1793 662 1830 minum
690 1803 744 1829 at-

119 1843 310 1888 tributis,
301 1844 478 1893 imprimis
505 1844 564 1888 iis,
570 1843 743 1902 petitum

118 1894 272 1940 videbis,
296 1909 376 1946 quae
402 1897 565 1933 humanae
598 1894 682 1932 vitae
708 1905 745 1933 et

119 1945 311 1984 hominum
329 1947 489 1984 societati
508 1961 549 1984 ac
570 1948 743 1997 conjunc-

119 1997 230 2040 tioni,
266 1999 368 2035 rebus
400 1998 555 2049 publicis
587 1998 678 2035 adeo
707 2007 743 2036 et

119 2049 354 2092 exercitibus,
371 2050 515 2101 propria
535 2051 600 2087 effe
617 2050 743 2087 viden-

119 2109 200 2137 tur:
231 2103 325 2139 unde
343 2108 445 2147 teaea,
470 2104 570 2146 aedes,
591 2112 744 2151 penates,

116 2151 189 2194 lar,
207 2153 363 2198 thalami,
390 2153 573 2196 cunabula,
587 2153 744 2203 stabula,

118 2206 249 2253 oppida,
268 2206 361 2250 urbs,
389 2206 487 2249 aula,
515 2220 636 2256 regna,
651 2215 743 2254 prae-

118 2259 221 2298 toria,
233 2267 341 2306 portae
354 2266 389 2293 et
402 2257 469 2294 alia
481 2257 637 2293 arcessita
647 2256 742 2300 sunt,

118 2319 271 2356 quorum
287 2309 434 2358 quidem
453 2307 554 2344 usum
574 2308 648 2358 ipsa
666 2308 745 2358 sup-

117 2358 298 2408 peditavit
349 2359 507 2409 vulgaris
557 2359 745 2396 hominum

118 2409 227 2455 ratio,
252 2411 338 2448 dum
368 2411 647 2458 intel¹1rent1am
683 2423 742 2447 ne-

117 2460 192 2497 scio
218 2476 325 2512 quam
350 2472 385 2499 et
413 2461 604 2499 sollertiam
636 2475 743 2519 apum

118 2512 274 2561 ingeniis
301 2513 479 2556 tribuunt,
507 2526 656 2562 eamque
674 2526 742 2550 mi-

117 2562 354 2603 rificisrerum
370 2564 744 2609 miraculisexornant,

115 2623 153 2656 et
171 2631 252 2668 quae
269 2616 340 2653 illae
365 2617 510 2653 occulto
538 2615 659 2665 aliquo
684 2629 744 2652 na-

93 2699 96 2702 *
119 2678 207 2706 turae
223 2668 333 2704 duc'tu
361 2676 397 2703 et
423 2667 574 2717 impetu,
602 2666 647 2703 de
674 2679 746 2717 quo

121 2720 284 2758 mortalis
311 2732 408 2756 mens
433 2718 525 2754 nihil
553 2718 643 2756 certi
677 2720 744 2756 sta-

116 2781 216 2811 tuere
251 2772 377 2822 pooest,
411 2769 566 2812 faciunt,
600 2770 646 2806 ad
676 2783 741 2807 vo-

118 2824 289 2861 luntatem
325 2832 360 2859 et
390 2821 632 2878 prudentiam,
671 2821 744 2859 vir-

117 2884 232 2919 tutem
261 2873 375 2917 animi
410 2886 450 2910 ac
478 2872 663 2923 pietatem,
689 2885 742 2911 re-

811 969 943 1007 ferunt.
998 967 1109 1006 Poeta
1134 976 1254 1005 autem
1268 963 1438 1018 praeclare

811 1020 867 1058 his
898 1019 1073 1071 praefidiis
1101 1019 1181 1057 usus
1215 1019 1285 1062 est;
1330 1015 1439 1053 habet

811 1072 908 1109 enirn
933 1071 1108 1121 insignem
1136 1071 1180 1108 ad
1200 1070 1338 1108 animos
1355 1066 1438 1104 nos-

811 1133 884 1160 tros
919 1123 1143 1165 suavitatem,
1179 1123 1204 1160 fi
1238 1121 1438 1158 nostrorum

811 1187 952 1212 morum
976 1187 1018 1211 ac
1043 1173 1275 1211 confiliorum
1305 1169 1441 1220 imagi-

811 1239 893 1263 nem
924 1226 963 1263 in
993 1225 1071 1262 aliis
1101 1224 1343 1262 animantibus
1371 1221 1436 1259 ad-

812 1277 1015 1314 umbratum
1050 1276 1247 1314 videamus.
1319 1274 1440 1310 Totus

811 1338 929 1365 autem
946 1328 1006 1366 hic
1019 1329 1065 1365 de
1083 1327 1209 1378 apibus
1227 1329 1324 1364 locus
1347 1323 1440 1362 mul-

812 1380 858 1417 tis
876 1379 1043 1417 illustrari
1069 1380 1179 1429 potest
1199 1379 1272 1429 post
1298 1377 1437 1413 Varro-

812 1445 895 1468 nem
926 1431 998 1475 ΙΙΙ,
1040 1431 1099 1475 16,
1137 1431 1232 1468 unde
1268 1429 1440 1480 pleraque

809 1482 940 1541 sumta,
959 1497 1004 1521 ex
1019 1482 1232 1519 Columellae
1248 1481 1343 1518 libro
1362 1478 1439 1522 IX,

811 1534 891 1584 qui,
920 1534 1007 1572 dum
1040 1534 1087 1571 de
1112 1547 1219 1584 apum
1247 1530 1440 1588 disciplina

811 1585 939 1630 tradit,
956 1595 1082 1637 praeter
1097 1585 1242 1622 Celsum
1261 1593 1296 1620 et
1315 1581 1440 1632 Hygi-

811 1651 914 1681 num,
931 1651 1082 1688 quorum
1102 1636 1189 1673 libri
1207 1648 1301 1673 nunc
1325 1634 1438 1671 inter-

811 1688 992 1733 ciderunt,
1031 1688 1234 1738 Virgilium
1272 1687 1440 1735 sequutus

809 1741 868 1777 est.
898 1741 1007 1777 Adde
1027 1740 1174 1778 Aristot.
1195 1738 1291 1775 Hist.
1309 1737 1438 1774 Anim.

810 1791 862 1835 V,
881 1805 1046 1836 20—22,
1060 1802 1095 1829 et
1108 1791 1183 1833 IX,
1199 1804 1270 1840 403
1288 1798 1323 1826 et
1342 1789 1441 1825 hunc

810 1845 916 1893 poe'ta
936 1844 1025 1894 saepe
1042 1844 1088 1880 ad
1101 1842 1250 1880 verbum
1261 1840 1438 1891 expreffit.

813 1895 1209 1939 Plin.X1‚1--20.
1266 1892 1439 1942 Geopon.

812 1946 905 1983 XV.
939 1946 1074 1985 Pallad.
1093 1946 1126 1991 Ι,
1145 1957 1308 1996 37—39.
1355 1944 1438 1980 Plu-

812 2011 864 2035 res
889 1998 1090 2049 scriptores,
1124 1997 1187 2047 qui
1207 2009 1301 2034 nunc
1329 1995 1439 2032 inter-

810 2050 991 2092 ciderunt,
1026 2049 1158 2086 Plinius
1196 2047 1436 2085 adhibuerat:

812 2115 848 2139 v.
865 2102 946 2138 Ind.
961 2100 1048 2138 libri
1067 2100 1142 2146 XI,
1160 2100 1197 2137 in
1215 2100 1269 2137 his
1285 2098 1355 2136 fuit
1373 2112 1438 2136 no-

811 2152 885 2190 bile
911 2165 1042 2190 nomen
1080 2151 1340 2194 Aristomachi,
1376 2149 1442 2201 qui

810 2205 1062 2254 μελιττεξψκὰ
1084 2204 1279 2254 scripserat.
1343 2202 1440 2239 Eum

811 2267 930 2294 tamen
964 2256 1170 2294 Columella
1214 2264 1352 2292 tantum
1394 2265 1439 2290 ex

814 2308 970 2358 Hygino
981 2308 1103 2345 laudat
1116 2306 1192 2349 IX,
1210 2321 1270 2366 ¹33
1287 2312 1321 2345 8.
1341 2307 1438 2343 Tam

811 2373 937 2409 parum
963 2360 1127 2410 frequens
1154 2359 1225 2395 fuit
1250 2360 1326 2408 jam
1360 2367 1439 2394 tum

809 2422 882 2448 tam
901 2411 989 2448 clari
1006 2410 1190 2461 scriptoris
1204 2409 1324 2448 lectio.
1344 2408 1439 2444 Ima-

809 2476 856 2513 go
869 2463 944 2513 ejus
962 2461 999 2499 in
1017 2476 1160 2513 gemma
1183 2460 1438 2499 circumfertur

809 2514 973 2616 sc7ulpta
972 2516 1047 2565 (ap.
1065 2514 1225 2602 PAgostim'
1252 2512 1293 2549 Ρ.
1325 2511 1379 2554 ΙΙ,
1407 2519 1437 2548 t.

924 2566 1103 2617 MqffeiP
1145 2575 1201 2610 ‚.t
1220 2564 1307 2616 57),
1326 2575 1346 2599 a
1370 2575 1437 2599 cu·

805 2579 872 2667 ju7s
911 2566 1156 2654 similitudine
1192 2627 1348 2653 marmor
1390 2626 1436 2650 eo

810 2668 957 2706 nomine
984 2669 1197 2726 appellatum
1223 2666 1321 2703 Mus.
1342 2666 1436 2723 Cap.

811 2720 846 2764 Ι,
869 2734 928 2771 59.
981 2720 1066 2763 Sed,
1084 2733 1167 2769 quia
1191 2731 1232 2755 ea
1250 2716 1438 2771 mproch-

810 2772 847 2809 Vi
864 2772 943 2809 sunt
957 2772 1137 2814 omnibus,
1150 2779 1184 2808 et
1198 2769 1366 2826 quoniam
1379 2781 1436 2812 ea,

809 2837 889 2872 quae
931 2837 951 2860 e
996 2822 1210 2873 quotidiano
1246 2819 1437 2857 hominum

810 2874 873 2912 usu
905 2883 991 2913 nota
1018 2874 1112 2919 sunt,
1139 2872 1350 2912 auctoritate
1375 2883 1436 2907 ve-

1319 2932 1436 2961 terum
