1987 3361
441 262 1028 324 E'Dl‘rioNIBUS.
1163 276 1165 278 ·
1211 275 1225 280 “
1270 290 1393 324 cm.

81 406 156 447 erse
196 406 308 460 potest
339 405 495 456 exiguus
523 413 585 442 aut
620 403 752 447 nullus,
777 401 844 439 nifi
879 402 1060 441 accesseris
1094 401 1140 439 ad
1165 406 1313 452 poetam
1344 403 1398 443 ira

81 468 160 516 jam
190 468 391 505 litterarum
426 463 558 515 peritia
587 472 624 500 et
648 462 711 500 usu
739 462 938 507 inssruffitus,
966 472 1019 507 ut,
1046 475 1127 513 quae
1159 462 1319 500 tollenda
1349 476 1396 501 an

85 526 320 576 relinquenda
340 525 424 567 sint,
451 522 670 574 perspee‘lum
698 521 838 559 habeas.
893 521 989 558 Sane
1019 521 1132 558 multa
1151 519 1255 558 iness'e
1273 534 1317 558 ex
1333 535 1396 559 an·

85 585 310 636 tiquioribus
327 582 586 633 Interpreti'ous
611 580 760 624 servata,
788 579 956 617 dubitare
973 579 1035 617 vix
1054 579 1162 623 licet3
1182 594 1248 618 nec
1276 580 1396 621 minus

83 650 204 680 tamen
221 642 410 680 innumera
427 653 448 676 a
468 638 658 676 seriori'nus
678 648 823 677 attexta.
877 638 1024 677 Habuit
1039 638 1136 676 enirn
1159 639 1256 677 idem
1277 638 1394 677 satum

85 700 246 744 Servius,
274 700 373 751 quod
395 697 522 735 Graeci
545 696 790 747 grammatici,
818 706 858 734 ut
886 700 1009 742 essent,
1038 697 1147 733 modo
1165 698 1228 748 qui
1246 698 1393 748 antiqua

82 760 336 799 contraherent
354 758 410 794 vel
428 755 654 800 omitterent,
682 756 792 793 modo
821 758 887 807 qui
917 756 1096 807 excerptis
1121 757 1206 801 alia,
1235 759 1393 809 plerum-

35 817 39 822 '
86 831 158 868 que
175 817 368 860 deteriora,
394 814 630 853 admiscerent
656 824 719 852 aut
742 828 762 852 e
791 816 954 866 margine
985 816 1188 853 insererent.
1248 817 1392 856 Mirum

84 876 244 915 hominis
269 877 316 914 est
341 874 499 913 studium
534 873 730 911 revocandi
757 875 925 925 pleraque
955 875 1002 912 ad
1038 883 1171 913 veteres
1209 875 1393 915 Romanas

82 935 290 987 religiones,
319 933 523 972 Pontificias
551 942 589 971 et
625 931 820 970 Flaminias
835 950 846 978 ;
886 946 953 971 nec
983 934 1136 971 multum
1165 933 1274 977 abest,
1302 935 1394 985 quin

83 993 236 1033 AEneam
256 992 430 1036 Flaminis
454 1004 601 1029 munere
618 991 830 1042 fungentem
847 992 1029 1030 exhibeat.
1085 991 1221 1030 Nullus
1250 994 1299 1031 est
1329 1006 1394 1031 co-

81 1053 170 1098 dex,
195 1053 261 1104 qui
279 1053 419 1095 omnia,
444 1065 524 1102 quae
540 1051 604 1089 sub
629 1052 707 1101 ejus
739 1051 887 1089 nomine
909 1052 1094 1096 habemus,
1120 1054 1396 1104 compleffitatur.

81 1111 226 1164 Qid?
251 1113 351 1163 quod
385 1121 529 1148 narrant
563 1111 654 1147 adeo
686 1110 831 1148 codices
865 1111 1026 1148 nondum
1070 1111 1245 1162 inspeelos
1267 1123 1392 1152 extare

83 1171 273 1222 ampliores
300 1170 361 1217 iis,
388 1169 453 1220 qui
482 1169 628 1219 expreffi
661 1168 770 1206 sunt:
799 1183 834 1206 v.
855 1169 1050 1208 Burmann.
1077 1170 1178 1221 praef.
1214 1175 1265 1221 (p.
1297 1175 1389 1222 27);

82 1230 177 1268 adde
199 1232 242 1268 de
274 1231 398 1281 quffl‘s
425 1227 522 1265 Sallu
547 1247 564 1264 e
582 1227 694 1266 Tom.
728 1228 802 1272 ΠΙ,
827 1242 914 1280 pag.
949 1242 1036 1280 393.
1100 1229 1228 1268 Primae
1256 1231 1392 1269 editio-

81 1302 144 1326 nes
173 1288 292 1326 Servii
324 1288 428 1326 iralde
461 1297 563 1324 erant
590 1287 866 1333 contaminatae3
912 1289 1033 1339 itaque
1062 1302 1125 1340 per
1159 1303 1266 1328 omne
1299 1299 1391 1328 tem-

79 1361 148 1399 pus
177 1347 340 1385 virorum
374 1347 564 1384 doctorum
588 1345 801 1384 incredibile
828 1346 902 1384 fuit
935 1347 1092 1384 studium
1122 1346 1163 1387 in
1195 1362 1392 1401 congeren..

81 1405 141 1444 dis
157 1405 318 1456 undique
343 1414 380 1442 et
406 1404 666 1455 amplificandis
683 1403 826 1443 laciniis
843 1404 1034 1443 Servianis.
1088 1405 1147 1443 De
1166 1406 1390 1449 editionibus

80 1465 230 1516 quidem
253 1464 450 1516 diligenter
476 1464 667 1500 aetumest
696 1463 735 1501 in
764 1464 851 1503 edd.
869 1463 1026 1516 Virgilii
1052 1465 1209 1504 recensu.
1265 1466 1390 1507 Primo

80 1524 198 1562 statim
217 1524 352 1575 impetu
371 1537 405 1562 a.
430 1537 518 1575 1471
540 1523 705 1574 prodiere
721 1524 806 1562 edd.
828 1523 901 1564 IV.
955 1523 1202 1562 Emendarunt
1221 1525 1389 1566 Servium

82 1582 180 1622 Lud,
209 1583 349 1629 Carbo,
375 1583 415 1621 P.
433 1583 634 1628 cenninus,
662 1584 721 1633 Jo.
738 1584 975 1636 Calpurnius,
992 1585 1052 1634 Jo.
1072 1583 1177 1635 Bapt.
1196 1583 1390 1636 Egnatiu8‚

84 1642 184 1682 Rob.
219 1643 434 1694 Stephanus,
476 1643 550 1682 Ge.
583 1642 788 1689 Fabricius,
820 1643 926 1684 Fulv.
961 1645 1127 1690 Ursmus,
1164 1644 1206 1684 P.
1237 1645 1389 1695 Daniel,

81 1701 298 1749 Masvicius,
315 1703 549 1742 Burmannus.

129 1760 304 1802 Terentius
334 1764 492 1808 Scaurus,
521 1763 728 1801 clariffimus
759 1764 1048 1810 Grammaticus,
1075 1778 1150 1817 quo
1175 1766 1260 1817 jure
1292 1767 1390 1807 inter·

78 1819 392 1861 Commenmtores
409 1822 564 1874 Virgilii
582 1823 770 1869 referatur,
795 1838 870 1862 non
887 1825 1040 1876 reperio.

129 1880 300 1922 Titianus.
354 1889 383 1906 “
412 1882 461 1920 Et
478 1882 649 1920 Titianus
675 1892 711 1920 et
743 1884 895 1930 Calvus,
922 1884 986 1936 qui
1014 1885 1174 1924 themata
1202 1885 1325 1923 omnia
1341 1885 1388 1924 de

77 1947 105 1964 “
133 1939 300 1992 Virgilio
328 1941 529 1980 elicuerunt
560 1952 597 1980 et
631 1942 948 1983 conformaverunt
977 1945 1023 1983 ad
1049 1945 1202 1985 dicendi
1245 1947 1387 1984 usum’'

78 1999 261 2040 rhetores:
290 2001 392 2041 Serv.
419 2002 465 2040 ad
494 2002 579 2040 AEn.
613 2001 668 2049 X,
693 2007 752 2044 18.
806 2003 892 2042 Fuit
922 2005 1082 2056 ejusdem
1116 2006 1386 2060 Chorographz‘rt.

76 2056 191 2096 Conf.
209 2059 255 2096 de
278 2070 322 2095 eo
339 2058 583 2108 Cannegieter
600 2063 646 2094 ad
666 2063 801 2096 Avian.
818 2072 901 2110 pag.
923 2068 1009 2110 275.

129 2115 271 2170 Trogus.
326 2117 467 2155 Servius
496 2118 541 2155 ad
571 2117 656 2155 AEn.
686 2117 759 2162 VI,
789 2124 834 2169 78
840 2132 859 2167 3
895 2125 1019 2156 animos
1045 2120 1195 2171 aequabit
1234 2120 1386 2173 Οζγνπρσ.

74 2183 158 2207 ——“
187 2177 245 2215 De
281 2177 349 2215 hoc
379 2186 498 2214 autem
533 2177 616 2214 loco
652 2178 800 2228 Trogus
831 2187 866 2214 et
900 2177 1037 2215 Probus
1064 2183 1266 2228 quaerunt.”
1304 2181 1384 2221 vid.

75 2235 170 2275 ibid.
190 2236 280 2274 Var.
301 2237 401 2274 leet.
457 2236 646 2273 Laudatur
678 2235 822 2274 Reines.
855 2237 948 2288 Epp.
981 2237 1027 2274 ad
1060 2238 1267 2277 Hofmann.
1299 2254 1385 2292 pag.

76 2297 153 2335 660
166 2311 177 2341 ;
207 2296 299 2333 nihil
322 2307 439 2334 tamen
454 2295 508 2334 ibi
527 2297 675 2347 reperies
697 2306 933 2349 praeterquam
959 2297 1131 2336 libertum
1154 2300 1321 2352 Trogum
1339 2314 1385 2340 ex

77 2368 267 2394 marmore.

130 2416 244 2453 Velius
276 2417 423 2468 Longus,
463 2414 596 2453 nobilis
631 2416 898 2466 grammaticus.
928 2416 1099 2456 Nlacrob.
1137 2419 1212 2456 Sat.
1245 2417 1319 2463 III,
1347 2422 1384 2459 6.

74 2481 106 2498 “
121 2477 213 2522 saxo
228 2478 352 2524 vetzsto
367 2476 453 2514 AEn.
478 2475 551 2520 ΠΙ,
573 2477 621 2526 84
640 2475 766 2512 Velius
797 2476 972 2526 Longus:
1002 2476 1211 2516 immutatio
1238 2479 1299 2522 est,
1327 2479 1386 2516 in-

76 2540 104 2558 “
133 2534 227 2584 quit,
254 2533 428 2583 epitheti;
468 2534 544 2571 vult
578 2534 674 2572 enirn
710 2535 830 2572 dicere
863 2537 1069 2574 vetustatem
1104 2539 1259 2589 templi:
1287 2538 1385 2576 hunc

75 2600 104 2618 “
134 2593 238 2632 multi
257 2594 322 2630 alii
347 2604 645 2632 commentatores
678 2595 818 2645 sequuti
847 2595 967 2634 sunt.”
1021 2596 1163 2636 Charis.
1196 2598 1261 2635 lib.
1290 2598 1328 2635 Π
1346 2598 1386 2636 in

75 2652 219 2691 Putsch.
238 2666 274 2704 p.
311 2665 397 2704 153,
429 2666 468 2704 17
499 2659 528 2676 ‘⁶
548 2655 661 2691 dixere
680 2666 745 2704 pro
776 2654 1108 2705 dixerunt-quam
1139 2656 1292 2708 figuram
1320 2657 1385 2695 alii

75 2718 104 2736 “
132 2711 314 2762 duplicem
333 2711 549 2756 existimant,
576 2712 621 2749 de
639 2726 710 2763 qua
728 2712 836 2750 etiam
855 2712 984 2751 Velius
1014 2713 1163 2766 Longus
1194 2715 1232 2752 in
1262 2715 1386 2753 secun·

74 2776 104 2796 ‘⁸
131 2770 218 2809 dum
237 2769 412 2809 AEneidos
432 2769 515 2809 satis
533 2781 793 2810 commentatus
820 2772 890 2811 est:
922 2774 1115 2812 Conticuere
1132 2790 1235 2813 omnes
1253 2780 1386 2812 intenti-

1267 2838 1297 2856 “
1324 2847 1387 2883 que
