1987 3361
263 304 366 353 DE
415 274 785 365 CARMJNE
834 300 1257 350 BUCOLICO.
1368 319 1423 366 13

117 449 267 486 tatem
292 448 472 483 enarrat
496 435 556 480 *Ρ
593 433 774 480 Decima
814 433 941 480 Galli
967 449 1165 491 amoreS‚
1199 434 1283 481 sub
1319 435 1428 498 pas..

119 520 256 567 torali
275 518 447 575 fabula,
465 517 674 580 exponit.
744 516 920 580 Quarta
942 528 1116 572 autem,
1134 532 1429 580 quamquam

118 618 226 649 eam
260 602 320 648 ad
366 602 493 648 aliud
525 617 672 664 genus
717 600 862 646 modo
899 599 1160 656 retulimus,
1194 616 1307 647 cum
1336 603 1427 649 hoc

119 697 278 732 tamen
300 700 555 733 commune
580 683 721 729 habet
753 682 884 738 illud,
918 681 1045 744 quod
1083 683 1257 729 natales
1289 684 1429 730 nobi-

117 769 176 817 lis
213 768 405 833 alicujus
451 768 587 831 pueri
623 766 843 813 celebrat.
925 765 1109 828 Ecloga
1149 768 1431 830 tandemse-

119 852 269 909 cunda,
307 850 527 913 Corydon
553 849 790 912 inscripta,
824 859 1006 894 naturae
1028 847 1284 909 pastoritiae
1309 852 1429 898 nihil

119 933 248 980 aliud
277 932 431 988 habet,
457 947 600 994 quam
624 930 752 993 quod
778 928 950 974 amoris
970 928 1125 975 miseri
1150 929 1198 975 in
1228 948 1432 994 puerum

121 1018 258 1065 aestus
282 1016 587 1079 imaginibus,
622 1011 880 1067 sententiiS‚
904 1022 949 1057 et
978 1011 1250 1060 notionibus
1272 1015 1433 1078 pasto..

119 1100 295 1147 ralibus
320 1088 618 1160 exprimitur.
690 1094 821 1141 Nam
855 1093 912 1139 ad
937 1093 1053 1140 illud
1074 1111 1239 1156 genus,
1262 1097 1311 1143 in
1335 1114 1432 1161 quo

122 1183 233 1229 vitae
256 1179 515 1244 pastoritiae
549 1178 752 1233 libertaS‚
776 1175 1062 1232 innocentia,
1085 1188 1132 1223 et
1154 1176 1433 1240 simplicitas

120 1263 500 1320 commendatur,
535 1260 584 1307 id
620 1261 760 1324 plane
789 1275 883 1307 non
914 1259 1165 1322 pertinere,
1200 1262 1306 1324 quis
1337 1279 1432 1310 non

120 1345 309 1393 videat?
334 1343 495 1409 Qid?
521 1343 651 1406 quod
677 1338 1012 1405 argumentum
1037 1340 1143 1399 hoc,
1160 1358 1271 1389 cum
1295 1345 1436 1406 plane

121 1427 302 1475 nullam
325 1424 462 1489 hujus
485 1424 670 1488 generis
687 1423 981 1486 voluptatem
1002 1422 1183 1479 afferat,
1205 1435 1252 1469 et
1269 1440 1296 1470 a
1319 1426 1435 1473 vitae

121 1508 382 1572 pastoritiae
405 1505 677 1569 integritate
706 1504 973 1560 abhorreat,
990 1520 1046 1551 eo
1075 1504 1232 1551 minus
1255 1504 1436 1569 jucun..

123 1592 241 1639 dum
274 1589 353 1647 est,
387 1589 517 1652 quod
543 1587 763 1650 Corydon
787 1589 943 1652 pastor
976 1590 1157 1637 servilis
1193 1593 1437 1640 conditio-

124 1677 196 1722 nis
235 1675 315 1731 est,
350 1672 432 1736 qui
472 1671 657 1717 domini
705 1670 774 1717 sui
815 1671 1060 1734 pusionem
1105 1685 1250 1720 amat.
1321 1675 1434 1723 Hoc

123 1769 298 1814 tamen,
333 1755 415 1803 etfi
450 1755 689 1812 infimum,
722 1772 870 1818 genus
892 1757 1170 1803 recentiores
1194 1757 1289 1804 fere
1319 1759 1438 1821 poe-

123 1856 209 1898 ωε,
242 1857 356 1887 cum
380 1839 599 1887 bucolica
622 1841 834 1887 carmina
858 1841 1061 1887 condere
1097 1841 1183 1888 fibi
1210 1843 1439 1891 videban-

125 1936 216 1982 tur,
249 1923 466 1987 sequutos
504 1921 606 1980 effe,
639 1939 734 1970 non
769 1939 887 1988 opus
927 1923 1006 1982 est,
1052 1935 1106 1972 ut
1142 1926 1307 1973 multis
1348 1925 1440 1972 do-

125 2022 330 2054 ceamus.

190 2089 398 2138 Materia
436 2092 596 2154 itaque
636 2102 683 2138 et
717 2104 1053 2155 argumentum
1090 2093 1316 2141 carminis
1351 2093 1440 2141 bu-

124 2173 266 2220 colici
296 2173 372 2221 seu
396 2174 626 2237 pastoritii
657 2175 795 2237 quale
818 2174 889 2232 fit,
924 2176 1111 2223 videtiS.
1182 2173 1291 2237 Jam
1311 2193 1442 2227 mores

124 2257 428 2316 acst’ntentiae‚
455 2259 587 2304 verba
609 2270 751 2322 atque
774 2263 951 2319 numeri,
989 2261 1126 2308 facile
1149 2280 1200 2309 ex
1223 2263 1314 2324 ipJa
1335 2266 1443 2309 vitae

120 2339 360 2402 pastoritiae
397 2341 623 2387 conditione
661 2341 773 2388 duci
806 2342 1007 2404 possunt.
1077 2344 1369 2407 Simplicitas
1396 2357 1442 2391 et

127 2421 355 2467 naturalis
394 2423 551 2486 aliqua
600 2425 813 2472 venustas
867 2426 1029 2473 omnia
1083 2443 1137 2474 ea
1177 2428 1443 2486 continent,

179 2565 308 2604 *Non
320 2568 664 2617 potuereMaronem
677 2568 754 2607 Va-
821 2585 901 2620 quae
918 2570 1042 2608 animo
1074 2571 1221 2609 tenuisse
1251 2573 1363 2611 Maro
1393 2574 1446 2611 vi-

127 2617 209 2656 lerii
235 2619 387 2655 Catonis
429 2619 531 2656 Dirae
559 2619 701 2672 fugere,
729 2621 754 2658 fi
820 2622 899 2660 deri
916 2624 1043 2673 potest,
1071 2633 1110 2660 ut
1139 2624 1224 2662 Dir.
1257 2640 1283 2674 4
1314 2626 1364 2676 sq.
1401 2639 1443 2677 ¹5

128 2669 276 2717 quidem
307 2671 368 2708 ille
394 2669 544 2708 similem
570 2670 754 2710 fortunam
818 2673 871 2724 sq.
902 2675 949 2713 26
985 2674 1037 2724 sq.
1080 2688 1127 2723 30
1159 2677 1228 2713 Nec
1255 2678 1449 2727 mihi-[cepe

128 2719 273 2767 Sullana
296 2720 561 2773 proscriptione
589 2735 754 2773 expertus
818 2741 923 2763 meum
954 2727 1129 2774 rfsonabis,
1175 2728 1335 2771 Bam-e,
1371 2745 1447 2766 car-

127 2781 166 2810 et
184 2785 270 2822 agro
298 2774 443 2811 Battaro
471 2783 599 2811 exutus
626 2775 754 2814 fuerat.
819 2793 904 2816 men.
954 2777 1013 2814 Sic
1033 2791 1158 2828 porro,
1178 2779 1270 2830 inpr.
1296 2793 1315 2817 a
1333 2793 1368 2818 v.
1399 2785 1444 2818 b'z

130 2822 222 2868 Sunt
253 2833 287 2862 et
313 2825 395 2863 loca
430 2837 475 2864 ex
504 2838 549 2863 eo
577 2826 752 2872 carmine,
817 2827 871 2879 sq.

1340 2930 1448 2976 quae
