1821 3381
376 311 918 371 GEoRGmON,
974 313 1123 361 LIB.
1165 314 1264 362 ΠΙ.
1365 331 1456 379 405

147 444 227 492 Tu
246 445 408 503 modo,
429 463 546 509 quos
571 448 620 494 in
644 448 777 511 spem
800 449 969 496 statues
991 449 1270 498 submittere
1291 452 1463 514 gentis,

147 536 455 601 P-raecipuum
470 539 574 602 jam
598 539 708 587 inde
731 557 758 586 a
781 541 951 587 teneris
975 542 1178 605 inpende
1198 542 1428 591 laborem.

149 627 391 676 Continuo
413 630 596 692 pecoris
619 632 829 695 generosi
850 634 1007 696 pullus
1032 608 1080 681 iri
1103 637 1226 682 arvis
1400 650 1425 697 7
1433 648 1457 698 5

145 719 305 768 Altius
328 719 605 783 ingreditur,
636 735 682 770 et
706 724 872 771 mollia
895 741 1031 772 crura
1051 728 1254 790 reponit.

144 807 334 856 Primus
358 822 403 857 et
424 810 492 856 ire
514 811 655 870 viam,
680 824 727 859 et
747 814 917 862 fluvios
940 826 1118 862 tentare
1143 816 1350 863 minaces

145 901 320 959 Audet,
344 915 390 949 et
413 904 580 967 ignoto
603 904 695 952 sese
721 907 1006 953 conmittere
1030 908 1166 970 ponti
1188 931 1201 962 ;

144 994 250 1053 Nec
272 1012 414 1042 vanos
438 997 595 1044 horret
617 997 850 1062 strepitus,
918 999 994 1046 Illi
1018 999 1164 1047 ardua
1185 999 1364 1057 cervix,

189 1145 242 1178 ⁴73.
256 1139 362 1181 statues
378 1139 418 1170 ab
435 1139 545 1171 Heins,
565 1151 602 1171 ex
627 1140 753 1172 Medic.
779 1148 813 1171 et
838 1141 1058 1183 antiquiffimis
1082 1141 1169 1180 aliis3
1192 1141 1233 1173 fic
1257 1149 1289 1173 et
1312 1141 1462 1173 Macrob.

148 1190 214 1221 Sat.
230 1191 292 1228 VI,
314 1190 346 1228 6,
365 1199 398 1222 et
415 1191 538 1222 Probus
554 1192 587 1223 in
606 1193 687 1222 Arte
705 1194 853 1223 Gramm.
868 1205 876 1230 ;
900 1193 940 1224 fic
959 1201 1067 1224 tamen
1082 1194 1149 1235 jam
1164 1194 1328 1224 ediderant
1353 1195 1461 1235 Egna-

145 1241 209 1272 tius
225 1248 256 1272 et
273 1242 466 1284 Naugerius.
501 1244 606 1286 statuis
630 1243 740 1284 vulgo.
779 1251 872 1285 gentes
897 1246 1034 1275 Roman.
1125 1254 1177 1284 75.
1194 1248 1335 1286 genereffus
1357 1245 1463 1276 Cerda

143 1293 257 1331 edidit,
287 1293 351 1324 fine
378 1294 579 1325 auctoritate.
670 1293 721 1333 76.
747 1296 862 1337 rqflec‘i'it
899 1296 1085 1337 Cantabrig.
1179 1307 1229 1336 77.
1247 1299 1358 1338 primus
1390 1299 1463 1328 inire

143 1348 222 1375 viam
238 1356 289 1386 ap.
305 1346 414 1385 Senec.
431 1357 482 1387 ep.
497 1355 516 1387 9
519 1355 551 1385 5.
643 1344 694 1384 78.
710 1352 793 1387 ponto
810 1346 934 1378 Medic.
952 1357 969 1377 a
981 1357 1025 1377 m.
1039 1357 1088 1388 pr.
1107 1346 1194 1377 Gud.
1215 1357 1288 1378 cum
1302 1346 1461 1389 plerisque

143 1396 267 1437 scriptis
289 1403 320 1429 et
337 1396 422 1434 edd„
446 1396 545 1427 etiam
562 1397 679 1428 Seneca
695 1407 744 1438 ep.
761 1407 813 1438 95.
861 1397 911 1428 Sic
927 1404 959 1428 et
980 1405 1114 1438 uterque
1131 1397 1231 1428 Goth.
1249 1405 1280 1429 et
1297 1397 1365 1428 Erf.
1412 1400 1461 1430 Ita.

140 1454 242 1488 pontus
258 1446 380 1488 quaevis
395 1458 477 1488 aqua
491 1446 579 1480 esset.
595 1447 668 1478 vide
684 1454 792 1479 tamen
811 1448 931 1486 Heinfi,
952 1448 1007 1490 qui
1024 1448 1166 1480 defendit
1176 1451 1255 1490 ponti
1265 1463 1277 1484 ‚·
1302 1449 1388 1490 quod
1404 1449 1462 1480 ha-

144 1497 200 1529 bet
217 1499 315 1532 Rom.
340 1498 491 1539 Longob.
519 1497 617 1529 Pierii
644 1509 717 1529 cum
741 1497 822 1537 aliis,
844 1499 943 1530 etiam
959 1499 1045 1531 Edit.
1069 1499 1202 1531 Mediol.
1249 1501 1378 1532 Colum.
1402 1502 1461 1539 VI,

146 1558 201 1590 29,
222 1558 237 1580 1
243 1550 276 1591 fi
280 1549 386 1592 foffizm
390 1547 455 1592 stne
468 1551 633 1579 cutti'z‘atione
647 1551 783 1591 traffiln't,
801 1558 909 1592 pontem
912 1551 1069 1592 flumenque
1077 1553 1248 1592 traffletzdit.
1340 1559 1390 1592 79.
1405 1564 1461 1582 va-

146 1603 204 1630 rios
219 1600 301 1631 Edd.
321 1599 399 1631 Ald.
417 1599 478 1641 (pr.
496 1601 589 1642 puta)
612 1607 644 1630 et
661 1603 749 1642 Junt.
779 1609 811 1631 et
835 1602 919 1639 aliae,
936 1601 1035 1634 Goth.
1055 1612 1116 1643 pr„
1130 1602 1193 1634 duo
1210 1602 1361 1633 Martini.
1407 1603 1461 1633 In-

142 1650 277 1692 terjed'ca
304 1650 373 1681 haec
399 1658 431 1681 et
456 1649 637 1692 parenthesi
662 1650 722 1682 esse
751 1651 963 1683 includenda:
989 1654 1041 1683 Illi
1064 1656 1153 1684 ardua
1177 1655 1362 1684 cervix—Et
1378 1655 1460 1695 gilvo

143 1702 224 1739 dixit
242 1701 402 1747 Qinrffil.
419 1701 492 1736 inst.
512 1703 569 1733 Or.
586 1703 673 1740 V111,
693 1711 723 1750 2.
745 1711 797 1742 15,
820 1704 907 1746 quod
922 1711 1030 1735 tamen
1046 1703 1149 1736 facere
1165 1703 1285 1736 necesse
1301 1715 1366 1735 non
1382 1704 1438 1737 cst.

196 1828 258 1867 73.
295 1814 482 1864 Exquisita
513 1813 698 1858 varietate,
726 1823 767 1852 ut

142 1867 284 1906 Servius
301 1866 459 1911 notavit,
489 1878 574 1902 cum
606 1866 652 1902 de
686 1877 764 1903 tau-

143 1919 224 1956 rino
271 1920 401 1969 genere
441 1927 576 1967 ageret,
613 1927 765 1955 matrem

142 1984 253 2014 nunc,
281 1982 365 2008 curn
384 1969 429 2006 de
446 1968 596 2018 equino,
625 1978 762 2019 patrem

140 2021 383 2060 admissarium
417 2019 601 2057 describit.
678 2020 764 2057 Sub-

141 2081 266 2111 mittere
283 2072 422 2109 dicitur
449 2071 609 2109 universe
632 2072 677 2108 de
704 2071 763 2116 iis,

140 2125 204 2176 qui
247 2124 508 2162 substituuntur
537 2122 576 2159 in
609 2123 764 2160 aliorum

140 2178 278 2219 locum,
294 2185 355 2213 aut
370 2175 416 2212 ad
433 2174 668 2225 supplendum
681 2187 762 2224 gre-

141 2241 224 2278 gem
243 2229 411 2272 aluntur3
438 2240 472 2263 v.
506 2225 581 2275 sup.
614 2226 660 2262 ad
680 2226 760 2263 Ecl.

141 2280 176 2324 I,
212 2280 285 2328 463
314 2291 408 2315 nunc
443 2277 589 2327 proprie
616 2277 661 2313 de
704 2277 764 2321 iis,

141 2330 252 2368 tauris
271 2330 327 2366 vel
344 2329 528 2372 arietibus,
556 2328 620 2379 qui
636 2329 681 2364 ad
701 2329 764 2369 ad-

140 2382 320 2420 missuram
338 2379 498 2424 aluntur,
524 2380 560 2417 h.
589 2390 629 2417 ut
655 2380 692 2417 in
711 2384 765 2417 lo-

141 2447 224 2472 cum
239 2433 409 2479 aliorum,
419 2431 541 2468 feturae
558 2431 760 2474 inutilium,

139 2485 206 2536 ipsi
234 2484 437 2522 succedant.
492 2482 585 2519 Satis
613 2482 761 2520 definita

140 2550 192 2574 res
212 2546 248 2573 et
265 2535 430 2585 expedita
447 2534 602 2584 adjeftm
626 2541 660 2570 in
666 2538 761 2592 spqffn

133 2595 276 2640 gregis;
304 2599 522 2638 praecipuam
555 2598 677 2622 curam
717 2598 762 2623 ns

140 2638 327 2689 impende,
343 2650 447 2687 quos,
465 2647 504 2674 ut
527 2650 621 2672 nova
647 2638 763 2686 proles

141 2692 227 2728 inde
247 2689 424 2732 nascatur,
442 2689 538 2725 voles
555 2687 763 2725 substituere

140 2739 351 2780 admissariis
367 2749 513 2791 propter
531 2739 621 2776 vires
639 2739 764 2777 fractas

141 2791 379 2830 removendis.
432 2791 489 2827 Ita
506 2790 705 2828 discernere
720 2790 764 2827 li-

140 2853 200 2883 cet
218 2844 318 2894 plura
335 2851 466 2880 temere
483 2842 645 2880 confusa.

193 2908 256 2949 75.
301 2894 476 2939 Continuo,
511 2893 642 2945 primo.
705 2892 764 2932 De

831 1813 949 1851 forma
968 1813 1034 1850 hac
1062 1813 1114 1850 cf.
1145 1814 1286 1865 Georg.
1305 1815 1340 1860 Ι,
1370 1816 1458 1866 169.

824 1876 935 1915 pecus,
972 1865 1010 1903 h.
1041 1865 1067 1902 l.
1109 1865 1284 1916 equinum
1317 1881 1352 1904 v.
1393 1881 1455 1918 7²·

832 1918 947 1954 Notas
980 1917 1042 1953 has
1085 1917 1320 1967 generosioris
1363 1919 1457 1970 pulli

829 1968 980 2006 illustrat
1013 1968 1146 2005 Cerda.
1191 1968 1243 2006 cf.
1279 1969 1453 2022 Xenoph.

830 2020 873 2056 de
894 2033 931 2057 re
948 2020 1099 2069 equestri
1115 2033 1171 2070 pr.
1198 2020 1318 2058 Varro
1338 2021 1386 2058 R.
1406 2022 1456 2061 R.

828 2071 882 2115 ΙΙ,
911 2086 946 2122 7.
976 2071 1127 2109 Colum.
1148 2072 1220 2116 VI,
1246 2086 1308 2120 zo.
1352 2071 1454 2111 Geoss·

827 2136 912 2173 pon.
931 2122 1045 2168 XVI,
1069 2138 1081 2161 1
1105 2134 1140 2160 et
1159 2137 1193 2162 2.
1248 2123 1348 2161 Inter
1366 2128 1457 2176 po'e'-

827 2175 1456 2265 ffissmfissffiea‘meoo‘ffiffssssu&1233ss

828 2277 987 2320 videtur,
1014 2277 1160 2329 Cyneg.
1181 2278 1215 2323 Ι,
1249 2292 1334 2330 173,
1353 2279 1455 2319 conf.

829 2328 1035 2376 Nemefian.
1054 2329 1198 2380 Cyneg.
1216 2344 1290 2378 240
1316 2330 1390 2381 sqq.
1408 2344 1454 2368 ex

829 2381 947 2417 nostro
966 2380 1207 2426 illustrandus,
1224 2389 1261 2418 et
1277 2382 1454 2431 Calpurn.

829 2431 910 2469 Eci.
931 2431 1004 2476 Vl,
1027 2446 1067 2482 51
1091 2432 1170 2482 sqq.
1202 2438 1205 2441 ’
1223 2433 1389 2470 Omnino
1405 2435 1453 2471 ad

826 2483 1080 2532 antiquitatem
1111 2484 1161 2521 rei
1194 2485 1361 2534 equestris
1398 2486 1454 2522 vi-

826 2535 964 2571 dendus
979 2534 1149 2574 Bochart.
1171 2535 1384 2573 Hierozoic.
1398 2536 1453 2582 II,

828 2587 851 2622 6
871 2585 949 2636 sqq.
1015 2588 1077 2636 76.
1108 2587 1220 2624 Allius
1251 2589 1452 2638 ingreditur,

830 2637 948 2674 Varro
978 2637 1005 2674 l.
1037 2637 1063 2674 l.
1098 2638 1264 2675 Cruribus
1295 2645 1390 2675 redis
1422 2651 1456 2676 et

828 2688 1027 2740 (equalibus.
1116 2688 1312 2727 Columell.
1355 2690 1380 2726 l.
1424 2690 1453 2729 Ῑ.

827 2739 1013 2829 {wie
1035 2741 1456 2841 „effuzrssgzfitzfflsqzz

782 2864 783 2868 =
829 2841 1027 2892 superbiam
1068 2855 1163 2880 nune
1215 2842 1452 2881 referendum.

828 2893 981 2933 Monuit
997 2893 1106 2933 etiam
1125 2893 1320 2934 Martinus.
1372 2894 1454 2968 mil-

1402 2960 1453 2984 ,ια
