1987 3361
456 302 555 339 xxv
826 273 1390 331 PRAEFATIO

455 437 561 477 tam
596 433 794 484 tantum
820 437 1028 489 operam
1055 416 1256 487 publice
1282 435 1536 487 pr0p0n0,
1576 418 1630 470 in
1657 435 1760 490 qua

451 514 732 584 unicuique
764 510 910 561 facilc
939 508 995 559 fit
1021 522 1069 559 et
1096 521 1384 578 promtum,
1416 507 1599 561 habere
1624 508 1757 562 forte

453 619 502 658 ct
530 620 829 660 memorare,
871 618 987 670 quae
1015 596 1074 648 ad
1112 616 1225 647 eam
1271 595 1636 667 perficiendam
1679 597 1760 651 fa·-

454 715 565 747 ccre
590 692 795 764 poffint.
877 688 1107 740 Proclive
1155 687 1297 738 enim
1331 688 1632 759 unicuique,
1674 688 1761 740 cui

453 785 613 837 editio
638 782 769 835 mihi
796 800 899 833 non
926 778 1030 832 visa
1055 778 1115 830 ad
1144 798 1325 831 manus
1350 777 1428 840 fit,
1472 794 1556 831 aut
1577 780 1760 832 erroris

452 889 540 927 aut
584 871 867 926 omiffionis
919 890 1002 923 me
1063 888 1290 941 arguere.
1385 869 1564 921 Vitam
1603 871 1761 922 etiam
1808 866 1815 869 i

455 966 663 1037 Virgilii
691 983 807 1015 meo
845 960 1012 1013 studio
1054 959 1350 1012 confe&am
1395 958 1658 1030 subjunxi,
1699 959 1763 1012 de

453 1076 557 1128 qua
582 1055 795 1127 quidem
824 1051 912 1104 sub
952 1051 1059 1122 ejus
1101 1051 1314 1102 initium
1355 1049 1606 1102 nonnulla
1643 1067 1763 1101 mo-

450 1151 584 1209 nui3
643 1166 753 1200 rem
798 1158 973 1197 autem
1024 1141 1348 1195 utiliffimam
1399 1154 1552 1212 atque
1603 1140 1761 1192 etiam

452 1239 774 1294 necessariam
821 1236 1068 1307 suscipere
1112 1234 1309 1306 putavi,
1363 1252 1484 1284 curn
1532 1233 1644 1284 aliis
1698 1230 1763 1282 de

455 1331 655 1392 cauffiS,
698 1344 808 1382 turn
836 1342 1124 1401 propterea,
1161 1326 1302 1397 quod
1330 1326 1495 1377 multa
1520 1324 1574 1376 in
1603 1325 1761 1376 Eclo-

454 1424 557 1494 gis,
598 1424 764 1475 multa
801 1423 854 1473 in
882 1420 1176 1491 Georgicis,
1202 1417 1429 1490 episodia
1449 1420 1607 1471 etiam
1627 1438 1763 1471 non-

453 1514 596 1565 nulla
641 1514 695 1564 in
733 1511 970 1571 AEneide,
1014 1528 1078 1561 ex
1110 1510 1237 1580 reip.
1273 1509 1403 1561 statu
1443 1522 1492 1560 et
1537 1508 1763 1561 conditi-

455 1622 554 1654 one
587 1622 869 1674 eorumque
904 1619 1161 1652 annorum
1205 1600 1354 1651 rebus
1393 1599 1546 1671 gestis
1589 1601 1761 1672 expli-

456 1694 616 1746 canda
643 1692 777 1745 sunt.
835 1694 1036 1763 Itaque,
1062 1691 1215 1742 etiam
1246 1692 1298 1742 in
1326 1692 1460 1743 notis
1488 1704 1535 1742 et
1562 1693 1614 1743 in
1642 1691 1765 1763 ipsis

456 1785 774 1856 argumentis
814 1784 1129 1854 Eclogarum
1174 1794 1223 1832 et
1269 1783 1666 1853 Georgicorum,
1709 1784 1763 1834 in

459 1876 650 1949 quibus
706 1888 945 1927 naturam
987 1886 1036 1924 et
1080 1886 1241 1924 artem
1291 1874 1532 1925 carminis
1566 1873 1764 1945 potiffi-

458 1987 611 2021 mum
640 1967 831 2019 tradere
858 1966 1118 2026 volebam,
1148 1966 1397 2017 nonnulla
1437 1969 1764 2018 commemo-

456 2060 582 2120 ravi,
623 2078 740 2131 quae
773 2057 836 2109 ad
866 2070 1118 2128 tempora,
1160 2058 1213 2109 in
1239 2057 1424 2129 quibus
1449 2077 1506 2110 ea
1539 2059 1766 2110 carmina

459 2149 644 2221 scripta
687 2147 821 2210 sunt,
864 2146 1218 2219 cognoscenda
1267 2148 1569 2220 spec'tarent.
1649 2148 1766 2201 Nifi

459 2238 602 2289 enim
650 2239 774 2299 vita,
841 2239 1090 2301 conditio,
1156 2238 1364 2291 fortuna
1409 2242 1657 2302 amstoris,
1716 2253 1767 2293 et

458 2326 666 2399 publica
696 2347 866 2380 rerum
893 2327 1069 2391 facies,
1112 2349 1272 2401 quam
1300 2330 1410 2402 ipse
1436 2346 1552 2384 ante
1590 2332 1766 2385 oculos

459 2417 698 2481 habebat,
739 2440 859 2473 cum
905 2419 1157 2483 scriberet,
1199 2435 1321 2474 nota
1370 2422 1448 2485 fit,
1510 2424 1673 2476 multa
1713 2425 1769 2476 in

459 2528 778 2581 unoquoque
805 2509 1041 2584 scriptore
1067 2511 1282 2565 obscura
1315 2533 1410 2565 nec
1452 2512 1569 2566 satis
1605 2534 1767 2587 expe-

463 2600 569 2658 dita
603 2619 808 2653 manere
859 2602 1048 2655 necesse
1091 2604 1179 2657 est.
1265 2606 1624 2673 Qamobrem
1668 2606 1770 2658 hoc

463 2693 892 2765 interpretationis
919 2714 1100 2767 genUS,
1124 2696 1265 2768 quod
1292 2717 1357 2750 ex
1378 2699 1614 2751 interiore
1633 2697 1768 2769 ejus-

1625 2791 1772 2844 modi
