1821 3381
351 281 442 331 106
494 277 546 325 P.
584 275 792 325 VIRG.
828 273 1015 323 MAR.
1053 272 1221 321 BUC.
1258 272 1421 320 ECL.
1457 273 1517 320 V.

340 397 471 444 Nam
498 411 650 458 neque
675 411 751 441 me
776 405 964 440 tantum
986 389 1218 437 venientis
1241 388 1400 437 fibilus
1423 389 1578 446 austri,

337 485 442 533 Nec
468 483 678 547 percussa
694 482 864 547 juvant
889 481 1033 528 fluffiku
1075 491 1174 526 tam
1198 479 1350 536 litora,
1384 495 1468 528 nec
1492 497 1601 545 quae

337 575 531 623 Saxosas
554 575 677 621 inter
700 573 959 620 decurrunt
983 571 1182 618 flumina
1206 571 1364 618 valles.

866 663 1168 711 MENALCAS.

343 755 453 804 Hac
479 765 525 800 te
548 770 632 800 nos
657 752 815 817 fragili
838 753 1121 800 donabimus
1143 764 1251 799 ante
1272 752 1429 800 cicuta
1452 774 1467 808 3
1602 755 1656 814 85

345 847 471 894 Haec
494 861 594 901 nos,
628 843 908 891 Formosum
935 843 1156 906 Corydon
1179 843 1375 890 ardebat
1397 842 1599 890 Alexin:

346 938 471 987 Haec
497 937 660 985 eadem
684 936 866 995 docuit,
910 935 1086 1000 Cujum
1111 934 1288 999 pecus?
1323 951 1380 980 an
1406 932 1663 981 Meliboei?

882 1028 1107 1075 Mopsus.

345 1119 414 1166 At
437 1130 487 1164 tu
512 1118 643 1163 sume
665 1117 860 1178 pedum,
876 1117 1020 1182 quod,
1044 1134 1119 1165 me
1140 1135 1289 1182 quum
1307 1116 1432 1181 saepe
1454 1125 1657 1179 rogaret,

344 1206 459 1254 Non
484 1204 594 1251 tulit
613 1203 891 1267 AntigeneS‚
927 1216 975 1250 et
992 1217 1090 1252 erat
1112 1218 1214 1253 tum
1240 1206 1413 1269 dignus
1437 1204 1600 1260 amari,

348 1293 630 1344 Formosum
649 1294 845 1357 paribus
869 1294 1006 1340 nodis
1028 1306 1170 1357 atque
1194 1311 1302 1351 aere,
1339 1294 1577 1340 Menalca.
1602 1307 1666 1356 90

394 1413 447 1446 82.
469 1426 514 1443 nec
529 1413 660 1453 mentiss.
676 1411 793 1453 fragm.
805 1411 928 1441 Moret.
1019 1409 1036 1442 8
1039 1419 1070 1450 5.
1092 1413 1251 1442 donavimus
1267 1420 1317 1451 ap.
1336 1409 1478 1441 Probum
1490 1409 1523 1440 in
1543 1409 1671 1440 Institu-

351 1464 393 1495 tis
409 1472 469 1495 art.
486 1471 516 1494 et
533 1463 566 1494 in
584 1473 632 1505 pr.
649 1462 788 1493 Mentel.
807 1469 838 1493 et
855 1463 950 1503 Reg„
975 1461 1061 1502 quod
1076 1462 1114 1493 de
1131 1469 1242 1504 parato
1261 1460 1414 1492 Menalcae
1432 1461 1471 1491 ad
1483 1460 1669 1491 donandum

349 1516 458 1546 animo
475 1514 589 1555 accipit
606 1514 753 1551 Muson„
777 1524 891 1555 parum
908 1520 991 1554 apte.
1037 1520 1111 1551 ante,

347 1565 488 1608 jejunius
503 1564 563 1594 hoe
580 1575 597 1594 a
609 1566 703 1605 poeta
719 1564 884 1595 insertum.
929 1562 1100 1594 Praessabat
1117 1563 1228 1594 saltem
1243 1576 1305 1593 ecce.
1352 1562 1492 1603 Conjicit
1508 1562 1567 1593 hoc
1583 1562 1672 1593 idem

353 1621 405 1660 Jo.
425 1616 589 1646 Schrader.
607 1622 637 1645 et
654 1614 762 1646 laudat
778 1616 836 1653 VI,
852 1615 892 1656 69
912 1616 974 1645 Hos
999 1616 1050 1645 tihi
1074 1617 1140 1646 dant
1164 1616 1291 1652 calamos,
1309 1628 1339 1644 en

353 1667 406 1700 88.
430 1670 469 1698 Ac
493 1666 619 1697 ’Moreti
644 1674 748 1707 quart.
791 1680 832 1697 me
857 1669 918 1697 dum
935 1669 1011 1710 saepe
1040 1668 1125 1699 Ven.

351 1726 412 1750 tunc
428 1730 483 1761 qu.
503 1720 622 1749 Moret.
638 1726 669 1749 et
685 1719 771 1750 Ven.

352 1824 422 1850 arae
448 1813 661 1857 statuuntur,
706 1822 782 1850 tum
816 1813 854 1851 in
881 1814 980 1852 sacro

353 1864 614 1922 Nympharum
651 1874 686 1902 et
718 1866 980 1903 lustrandorum

353 1929 523 1966 agrorum
542 1915 598 1952 illi
615 1916 762 1961 libatur,
784 1931 878 1954 nunc
898 1931 980 1954 cum

352 1967 500 2005 Baccho
520 1977 554 2003 et
578 1967 708 2004 Cerere
733 1968 982 2019 conjungitur,

354 2019 502 2069 ejusque
521 2018 646 2056 festum
664 2033 820 2056 annuum
848 2034 983 2057 memo-

355 2082 466 2107 ratur.
496 2070 670 2108 damnabo·
687 2082 723 2108 tlt
748 2087 865 2122 qnoque
882 2079 984 2116 emtis,

356 2122 396 2159 h.
434 2135 492 2166 eo,
521 2122 621 2172 quod
660 2123 821 2159 homines
860 2136 983 2160 earum

356 2187 492 2218 rerum,
512 2186 598 2223 quas
619 2187 639 2209 a
667 2184 700 2210 te
716 2174 851 2224 precati
868 2183 983 2219 erant,

356 2235 542 2275 compotes
574 2223 680 2268 facis,
707 2225 888 2275 ooligabis
923 2240 982 2263 eos

358 2278 433 2313 ad
424 2286 521 2320 v,ota
539 2289 618 2325 quae
635 2289 676 2313 ea
694 2257 807 2325 quasi&
808 2277 872 2313 sub
894 2291 981 2314 con-

358 2328 500 2365 ditione
511 2306 682 2371 fecerant,
698 2328 876 2366 solvenda.
895 2327 983 2366 For-

359 2380 457 2417 mula
482 2378 672 2415 sollennis:
703 2381 877 2418 damnatus
896 2387 983 2425 voti,

358 2432 419 2468 fed
436 2441 472 2467 et
489 2442 577 2467 vato.
633 2429 773 2481 Spestat
786 2443 902 2469 autem
915 2433 984 2469 hoc

359 2484 407 2519 ad
424 2495 554 2519 numen
569 2482 840 2528 declarandum,
858 2494 897 2521 ut
914 2497 986 2520 non

1364 1617 1464 1656 accipe,
1479 1616 1543 1645 Mu
1555 1628 1673 1644 ae.-——

1045 1827 1115 1864 que
1136 1824 1232 1859 vota,
1254 1828 1289 1852 re
1310 1815 1513 1864 Impetrata,
1531 1814 1567 1865 ei
1595 1828 1674 1865 per-

1045 1866 1240 1904 solvantur.
1274 1867 1394 1904 Simili
1413 1866 1522 1903 modo
1540 1880 1672 1904 numen

1047 1917 1202 1955 declarat
1208 1932 1248 1955 ur
1290 1931 1352 1969 per
1392 1918 1671 1968 jusjurandum:

1048 1970 1290 2020 Jurandqsque
1306 1982 1396 2007 tuum
1406 1980 1472 2020 per
1485 1985 1603 2007 numen
1613 1980 1672 2020 po-

1046 2036 1152 2058 ulmus
1169 2037 1261 2058 CVII!-

1101 2074 1162 2108 82.
1191 2079 1327 2109 venien..-
1353 2075 1461 2123 auster
1476 2071 1522 2108 est
1541 2072 1675 2116 oriens,

1046 2123 1134 2159 stare
1154 2123 1340 2174 incipiens.
1377 2124 1451 2160 vid.
1472 2124 1593 2160 Burm.
1612 2128 1676 2173 83.

1048 2174 1212 2211 Certavit
1230 2189 1313 2212 cum
1333 2175 1492 2213 Theocr.
1514 2174 1546 2217 Ι,
1576 2189 1611 2226 7.
1639 2179 1675 2212 8.

1051 2229 1112 2274 ὃς.
1131 2240 1166 2263 ν.
1188 2226 1345 2264 Theocr.
1374 2226 1466 2268 VH,
1493 2240 1556 2274 42.
1612 2227 1676 2264 Ad

1048 2277 1145 2327 seqq.
1160 2276 1208 2314 cf.
1227 2278 1301 2328 sup.
1320 2294 1357 2316 v.
1381 2292 1437 2316 11.
1458 2278 1514 2314 Ex
1529 2278 1589 2316 vfl‘.
1612 2281 1674 2317 86.

1050 2331 1094 2379 87
1117 2329 1213 2365 haud
1231 2340 1361 2366 te-nere
1387 2329 1544 2378 suspicio
1572 2340 1672 2373 nata,

1047 2380 1194 2417 voluiffe
1217 2381 1407 2418 Maronem
1441 2380 1505 2417 sub
1537 2380 1679 2417 Menal-

1049 2444 1100 2468 cae
1128 2432 1274 2482 persona
1303 2432 1479 2483 agnosci:
1509 2445 1592 2469 cum
1615 2433 1677 2469 sua

1050 2496 1213 2520 carmina
1233 2493 1434 2521 memoret:
1465 2483 1615 2522 Eel.11
1641 2493 1678 2521 et

362 2535 474 2572 modo
507 2533 618 2576 sacra,
657 2547 780 2571 verum
810 2546 850 2571 ut
879 2535 989 2572 etiam
1054 2534 1128 2572 ΠΙ

361 2599 483 2636 preces
501 2596 535 2622 et
553 2595 635 2622 vota
653 2585 696 2622 ad
723 2599 821 2629 eum,
850 2587 913 2637 qui
934 2587 990 2623 in-

363 2649 417 2677 ter
443 2638 527 2676 deos
558 2637 686 2675 relatus
712 2638 775 2683 est,
803 2639 904 2684 fiant,
932 2648 991 2675 ut-

1110 2589 1171 2627 88.
1204 2588 1268 2627 Cf.
1298 2588 1459 2628 Theocr.
1493 2587 1586 2634 VII,
1612 2600 1679 2638 43,

1057 2651 1123 2690 44·

1133 1521 1304 1554 antequam
1321 1512 1520 1543 discedimus.
1558 1512 1686 1543 Paullo‘

1218 1666 1272 1708 89.
1296 1673 1356 1697 erat
1377 1679 1435 1696 cum
1464 1677 1513 1709 pr.
1544 1667 1673 1698 Moret-
