<?xml version="1.0" encoding="UTF-8"?>
<!DOCTYPE html PUBLIC "-//W3C//DTD XHTML 1.0 Transitional//EN"
    "http://www.w3.org/TR/xhtml1/DTD/xhtml1-transitional.dtd">
<html xmlns="http://www.w3.org/1999/xhtml" xml:lang="en" lang="en">
 <head>
  <title>
</title>
<meta http-equiv="Content-Type" content="text/html;charset=utf-8" />
  <meta name='ocr-system' content='tesseract 3.04.00' />
  <meta name='ocr-capabilities' content='ocr_page ocr_carea ocr_par ocr_line ocrx_word'/>
</head>
<body>
  <div class='ocr_page' id='page_1' title='image "./operavarietatele01virguoft_0217.png"; bbox 0 0 1987 3361; ppageno 0'>
   <div class='ocr_carea' id='block_1_1' title="bbox 317 258 1432 325">
    <p class='ocr_par' dir='ltr' id='par_1_1' title="bbox 317 258 1432 325">
     <span class='ocr_line' id='line_1_1' title="bbox 317 258 1432 325; baseline -0.001 -16"><span class='ocrx_word' id='word_1_1' title='bbox 317 258 803 325; x_wconf 71' lang='lat' dir='ltr'><strong>PER&#39;ANNOS</strong></span> <span class='ocrx_word' id='word_1_2' title='bbox 855 258 1244 308; x_wconf 84' lang='lat' dir='ltr'>DIGESTA.</span> <span class='ocrx_word' id='word_1_3' title='bbox 1344 274 1432 319; x_wconf 62' lang='lat' dir='ltr'>ccx</span> 
     </span>
    </p>
   </div>
   <div class='ocr_carea' id='block_1_2' title="bbox 123 391 1473 2749">
    <p class='ocr_par' dir='ltr' id='par_1_2' title="bbox 213 391 1335 783">
     <span class='ocr_line' id='line_1_2' title="bbox 635 391 921 450; baseline -0.007 -12"><span class='ocrx_word' id='word_1_4' title='bbox 635 392 701 438; x_wconf 90' lang='lat' dir='ltr'>U.</span> <span class='ocrx_word' id='word_1_5' title='bbox 730 391 785 436; x_wconf 90' lang='lat' dir='ltr'>C.</span> <span class='ocrx_word' id='word_1_6' title='bbox 811 404 921 450; x_wconf 85' lang='lat'>714.</span> 
     </span>
     <span class='ocr_line' id='line_1_3' title="bbox 213 472 1335 532; baseline -0.001 -12"><span class='ocrx_word' id='word_1_7' title='bbox 213 473 289 532; x_wconf 81' lang='lat' dir='ltr'>Cn.</span> <span class='ocrx_word' id='word_1_8' title='bbox 316 475 532 521; x_wconf 79' lang='lat' dir='ltr'><em>Domitius</em></span> <span class='ocrx_word' id='word_1_9' title='bbox 555 475 758 520; x_wconf 77' lang='lat' dir='ltr'>Calvinus</span> <span class='ocrx_word' id='word_1_10' title='bbox 780 473 845 518; x_wconf 91' lang='lat' dir='ltr'>II.</span> <span class='ocrx_word' id='word_1_11' title='bbox 917 472 964 518; x_wconf 85' lang='lat' dir='ltr'>C.</span> <span class='ocrx_word' id='word_1_12' title='bbox 991 472 1159 532; x_wconf 72' lang='lat' dir='ltr'>Astm&#39;ns</span> <span class='ocrx_word' id='word_1_13' title='bbox 1182 473 1335 532; x_wconf 67' lang='lat' dir='ltr'>Pollio,</span> 
     </span>
     <span class='ocr_line' id='line_1_4' title="bbox 433 554 1142 602; baseline -0.003 0"><span class='ocrx_word' id='word_1_14' title='bbox 433 556 623 602; x_wconf 55' lang='lat' dir='ltr'>Suffecti</span> <span class='ocrx_word' id='word_1_15' title='bbox 647 554 729 600; x_wconf 80' lang='lat' dir='ltr'>sub</span> <span class='ocrx_word' id='word_1_16' title='bbox 750 554 929 600; x_wconf 81' lang='lat' dir='ltr'>exitum</span> <span class='ocrx_word' id='word_1_17' title='bbox 952 555 1065 599; x_wconf 83' lang='lat' dir='ltr'>anni</span> <span class='ocrx_word' id='word_1_18' title='bbox 1093 555 1142 600; x_wconf 59' lang='lat' dir='ltr'>*z</span> 
     </span>
     <span class='ocr_line' id='line_1_5' title="bbox 344 637 1212 687; baseline -0.005 0"><span class='ocrx_word' id='word_1_19' title='bbox 344 641 401 687; x_wconf 86' lang='lat' dir='ltr'>L.</span> <span class='ocrx_word' id='word_1_20' title='bbox 430 640 642 686; x_wconf 65' lang='lat' dir='ltr'>Cornelius</span> <span class='ocrx_word' id='word_1_21' title='bbox 665 639 846 684; x_wconf 76' lang='lat' dir='ltr'>Balbus.</span> <span class='ocrx_word' id='word_1_22' title='bbox 915 638 971 684; x_wconf 86' lang='lat' dir='ltr'>P.</span> <span class='ocrx_word' id='word_1_23' title='bbox 995 637 1212 684; x_wconf 72' lang='lat' dir='ltr'>Canidius.</span> 
     </span>
     <span class='ocr_line' id='line_1_6' title="bbox 454 720 1138 783; baseline -0.001 -16"><span class='ocrx_word' id='word_1_24' title='bbox 454 739 496 768; x_wconf 73' lang='lat' dir='ltr'>a.</span> <span class='ocrx_word' id='word_1_25' title='bbox 519 721 566 766; x_wconf 89' lang='lat' dir='ltr'>C.</span> <span class='ocrx_word' id='word_1_26' title='bbox 590 734 669 778; x_wconf 86' lang='lat'>40.</span> <span class='ocrx_word' id='word_1_27' title='bbox 743 720 920 783; x_wconf 74' lang='lat' dir='ltr'><em>Virgilii</em></span> <span class='ocrx_word' id='word_1_28' title='bbox 937 734 1084 781; x_wconf 75' lang='lat'>30—-3</span> <span class='ocrx_word' id='word_1_29' title='bbox 1097 735 1138 766; x_wconf 85' lang='grc' dir='ltr'>Ι.</span> 
     </span>
    </p>

    <p class='ocr_par' dir='ltr' id='par_1_3' title="bbox 123 801 1473 1722">
     <span class='ocr_line' id='line_1_7' title="bbox 177 801 1431 856; baseline 0 -13"><span class='ocrx_word' id='word_1_30' title='bbox 177 805 316 843; x_wconf 87' lang='lat' dir='ltr'>Bellum</span> <span class='ocrx_word' id='word_1_31' title='bbox 344 805 559 842; x_wconf 84' lang='lat' dir='ltr'>Perusmum.</span> <span class='ocrx_word' id='word_1_32' title='bbox 613 801 832 839; x_wconf 63' lang='lat' dir='ltr'>ottavianus</span> <span class='ocrx_word' id='word_1_33' title='bbox 864 802 908 852; x_wconf 64' lang='lat' dir='ltr'>L.v</span> <span class='ocrx_word' id='word_1_34' title='bbox 945 802 1151 840; x_wconf 79' lang='lat' dir='ltr'>Antonium</span> <span class='ocrx_word' id='word_1_35' title='bbox 1181 803 1431 856; x_wconf 79' lang='lat' dir='ltr'>Perufiamque</span> 
     </span>
     <span class='ocr_line' id='line_1_8' title="bbox 124 862 1433 916; baseline 0 -13"><span class='ocrx_word' id='word_1_36' title='bbox 124 865 250 916; x_wconf 66' lang='lat' dir='ltr'>prbem</span> <span class='ocrx_word' id='word_1_37' title='bbox 268 865 435 902; x_wconf 87' lang='lat' dir='ltr'>deditone</span> <span class='ocrx_word' id='word_1_38' title='bbox 453 862 599 913; x_wconf 86' lang='lat' dir='ltr'>accipit.</span> <span class='ocrx_word' id='word_1_39' title='bbox 654 862 728 899; x_wconf 91' lang='lat' dir='ltr'>Sub</span> <span class='ocrx_word' id='word_1_40' title='bbox 746 862 830 899; x_wconf 83' lang='lat' dir='ltr'>anni</span> <span class='ocrx_word' id='word_1_41' title='bbox 854 863 960 912; x_wconf 86' lang='lat' dir='ltr'>hujus</span> <span class='ocrx_word' id='word_1_42' title='bbox 976 862 1122 900; x_wconf 78' lang='lat' dir='ltr'>initium</span> <span class='ocrx_word' id='word_1_43' title='bbox 1142 863 1369 902; x_wconf 78' lang='lat' dir='ltr'>Scriboniam</span> <span class='ocrx_word' id='word_1_44' title='bbox 1392 866 1433 904; x_wconf 83' lang='lat' dir='ltr'>in</span> 
     </span>
     <span class='ocr_line' id='line_1_9' title="bbox 126 920 1432 976; baseline 0 -15"><span class='ocrx_word' id='word_1_45' title='bbox 126 924 398 976; x_wconf 67' lang='lat' dir='ltr'>imatrimonium</span> <span class='ocrx_word' id='word_1_46' title='bbox 417 923 538 966; x_wconf 79' lang='lat' dir='ltr'>ducit3</span> <span class='ocrx_word' id='word_1_47' title='bbox 569 921 654 958; x_wconf 85' lang='lat' dir='ltr'>fecit</span> <span class='ocrx_word' id='word_1_48' title='bbox 666 932 785 958; x_wconf 82' lang='lat' dir='ltr'>tamen</span> <span class='ocrx_word' id='word_1_49' title='bbox 804 934 886 957; x_wconf 91' lang='lat' dir='ltr'>cum</span> <span class='ocrx_word' id='word_1_50' title='bbox 901 934 942 958; x_wconf 89' lang='lat' dir='ltr'>ea</span> <span class='ocrx_word' id='word_1_51' title='bbox 960 920 1156 958; x_wconf 82' lang='lat' dir='ltr'>divortium</span> <span class='ocrx_word' id='word_1_52' title='bbox 1173 934 1267 959; x_wconf 82' lang='lat' dir='ltr'>anno</span> <span class='ocrx_word' id='word_1_53' title='bbox 1284 923 1432 973; x_wconf 80' lang='lat' dir='ltr'>sequen-</span> 
     </span>
     <span class='ocr_line' id='line_1_10' title="bbox 124 979 1429 1032; baseline 0.002 -14"><span class='ocrx_word' id='word_1_54' title='bbox 124 982 169 1025; x_wconf 90' lang='lat' dir='ltr'>ti,</span> <span class='ocrx_word' id='word_1_55' title='bbox 196 983 353 1032; x_wconf 77' lang='lat' dir='ltr'>suscepta</span> <span class='ocrx_word' id='word_1_56' title='bbox 367 996 411 1019; x_wconf 78' lang='lat' dir='ltr'>ex</span> <span class='ocrx_word' id='word_1_57' title='bbox 429 980 604 1028; x_wconf 73' lang='lat' dir='ltr'>eajulia:</span> <span class='ocrx_word' id='word_1_58' title='bbox 638 980 712 1016; x_wconf 91' lang='lat' dir='ltr'>Dio</span> <span class='ocrx_word' id='word_1_59' title='bbox 743 979 933 1023; x_wconf 81' lang='lat' dir='ltr'>XLVIII,</span> <span class='ocrx_word' id='word_1_60' title='bbox 970 980 1030 1024; x_wconf 92' lang='lat'>16,</span> <span class='ocrx_word' id='word_1_61' title='bbox 1059 990 1095 1016; x_wconf 89' lang='lat' dir='ltr'>et</span> <span class='ocrx_word' id='word_1_62' title='bbox 1116 993 1177 1030; x_wconf 72' lang='lat'>34.</span> <span class='ocrx_word' id='word_1_63' title='bbox 1231 982 1342 1028; x_wconf 88' lang='lat' dir='ltr'>Cum,</span> <span class='ocrx_word' id='word_1_64' title='bbox 1369 984 1429 1030; x_wconf 70' lang='lat' dir='ltr'>M,</span> 
     </span>
     <span class='ocr_line' id='line_1_11' title="bbox 125 1039 1432 1092; baseline -0.002 -14"><span class='ocrx_word' id='word_1_65' title='bbox 125 1042 283 1092; x_wconf 66' lang='lat' dir='ltr'>Antonii</span> <span class='ocrx_word' id='word_1_66' title='bbox 301 1042 338 1078; x_wconf 90' lang='lat' dir='ltr'>in</span> <span class='ocrx_word' id='word_1_67' title='bbox 357 1041 498 1078; x_wconf 85' lang='lat' dir='ltr'>Italiam</span> <span class='ocrx_word' id='word_1_68' title='bbox 519 1040 690 1084; x_wconf 80' lang='lat' dir='ltr'>adventu,</span> <span class='ocrx_word' id='word_1_69' title='bbox 719 1039 874 1076; x_wconf 79' lang='lat' dir='ltr'>maxima</span> <span class='ocrx_word' id='word_1_70' title='bbox 892 1039 1071 1083; x_wconf 78' lang='lat' dir='ltr'>omniurn,</span> <span class='ocrx_word' id='word_1_71' title='bbox 1097 1053 1140 1077; x_wconf 91' lang='lat' dir='ltr'>ne</span> <span class='ocrx_word' id='word_1_72' title='bbox 1160 1041 1292 1078; x_wconf 85' lang='lat' dir='ltr'>bellum</span> <span class='ocrx_word' id='word_1_73' title='bbox 1312 1056 1432 1080; x_wconf 71' lang='lat' dir='ltr'>recru-</span> 
     </span>
     <span class='ocr_line' id='line_1_12' title="bbox 124 1097 1431 1145; baseline 0.003 -10"><span class='ocrx_word' id='word_1_74' title='bbox 124 1099 297 1145; x_wconf 85' lang='lat' dir='ltr'>desceret,</span> <span class='ocrx_word' id='word_1_75' title='bbox 334 1099 542 1137; x_wconf 87' lang='lat' dir='ltr'>sollicitudo</span> <span class='ocrx_word' id='word_1_76' title='bbox 566 1099 662 1142; x_wconf 78' lang='lat' dir='ltr'>effer,</span> <span class='ocrx_word' id='word_1_77' title='bbox 689 1098 734 1136; x_wconf 93' lang='lat' dir='ltr'>L.</span> <span class='ocrx_word' id='word_1_78' title='bbox 765 1097 942 1140; x_wconf 79' lang='lat' dir='ltr'>Cocceio,</span> <span class='ocrx_word' id='word_1_79' title='bbox 969 1098 1153 1135; x_wconf 80' lang='lat' dir='ltr'>communi</span> <span class='ocrx_word' id='word_1_80' title='bbox 1186 1101 1320 1145; x_wconf 82' lang='lat' dir='ltr'>arnico,</span> <span class='ocrx_word' id='word_1_81' title='bbox 1348 1116 1431 1140; x_wconf 79' lang='lat' dir='ltr'>cum</span> 
     </span>
     <span class='ocr_line' id='line_1_13' title="bbox 126 1149 1430 1212; baseline 0.001 -17"><span class='ocrx_word' id='word_1_82' title='bbox 126 1149 281 1208; x_wconf 43' lang='lat' dir='ltr'>&#39;utroque</span> <span class='ocrx_word' id='word_1_83' title='bbox 298 1169 438 1209; x_wconf 81' lang='lat' dir='ltr'>agente,</span> <span class='ocrx_word' id='word_1_84' title='bbox 465 1168 500 1194; x_wconf 87' lang='lat' dir='ltr'>et</span> <span class='ocrx_word' id='word_1_85' title='bbox 526 1157 724 1194; x_wconf 81' lang='lat' dir='ltr'>Maecenate</span> <span class='ocrx_word' id='word_1_86' title='bbox 742 1165 778 1193; x_wconf 90' lang='lat' dir='ltr'>et</span> <span class='ocrx_word' id='word_1_87' title='bbox 808 1156 967 1193; x_wconf 78' lang='lat' dir='ltr'>Pollione</span> <span class='ocrx_word' id='word_1_88' title='bbox 996 1155 1169 1194; x_wconf 76' lang='lat' dir='ltr'>adhibitis</span> <span class='ocrx_word' id='word_1_89' title='bbox 1201 1159 1375 1210; x_wconf 68' lang='lat' dir='ltr'>(Appiam.</span> <span class='ocrx_word' id='word_1_90' title='bbox 1392 1175 1430 1212; x_wconf 80' lang='lat' dir='ltr'>p.</span> 
     </span>
     <span class='ocr_line' id='line_1_14' title="bbox 129 1210 1431 1267; baseline 0.002 -12"><span class='ocrx_word' id='word_1_91' title='bbox 129 1232 144 1262; x_wconf 75' lang='lat'>1</span> <span class='ocrx_word' id='word_1_92' title='bbox 158 1223 243 1258; x_wconf 83' lang='lat'><strong>126.</strong></span> <span class='ocrx_word' id='word_1_93' title='bbox 271 1219 347 1256; x_wconf 88' lang='lat' dir='ltr'>Dio</span> <span class='ocrx_word' id='word_1_94' title='bbox 368 1218 534 1262; x_wconf 86' lang='lat' dir='ltr'>XLVII,</span> <span class='ocrx_word' id='word_1_95' title='bbox 564 1210 645 1265; x_wconf 34' lang='lat'>28⁷),</span> <span class='ocrx_word' id='word_1_96' title='bbox 671 1231 758 1267; x_wconf 85' lang='lat' dir='ltr'>pace</span> <span class='ocrx_word' id='word_1_97' title='bbox 778 1216 1002 1261; x_wconf 76' lang='lat' dir='ltr'>Brundisma,</span> <span class='ocrx_word' id='word_1_98' title='bbox 1029 1216 1190 1254; x_wconf 74' lang='lat' dir='ltr'>amicitia</span> <span class='ocrx_word' id='word_1_99' title='bbox 1210 1218 1303 1256; x_wconf 86' lang='lat' dir='ltr'>inter</span> <span class='ocrx_word' id='word_1_100' title='bbox 1320 1220 1431 1258; x_wconf 60' lang='lat' dir='ltr'>Otta-</span> 
     </span>
     <span class='ocr_line' id='line_1_15' title="bbox 128 1275 1432 1329; baseline 0.002 -16"><span class='ocrx_word' id='word_1_101' title='bbox 128 1276 273 1323; x_wconf 80' lang='lat' dir='ltr'>yianum</span> <span class='ocrx_word' id='word_1_102' title='bbox 290 1288 325 1315; x_wconf 88' lang='lat' dir='ltr'>et</span> <span class='ocrx_word' id='word_1_103' title='bbox 345 1276 551 1314; x_wconf 80' lang='lat' dir='ltr'>Antonium</span> <span class='ocrx_word' id='word_1_104' title='bbox 569 1277 697 1314; x_wconf 88' lang='lat' dir='ltr'>iterum</span> <span class='ocrx_word' id='word_1_105' title='bbox 715 1275 869 1320; x_wconf 76' lang='lat' dir='ltr'>coaluit3</span> <span class='ocrx_word' id='word_1_106' title='bbox 910 1275 953 1312; x_wconf 88' lang='lat' dir='ltr'>ad</span> <span class='ocrx_word' id='word_1_107' title='bbox 980 1289 1087 1325; x_wconf 81' lang='lat' dir='ltr'>quam</span> <span class='ocrx_word' id='word_1_108' title='bbox 1114 1287 1214 1314; x_wconf 80' lang='lat' dir='ltr'>tanto</span> <span class='ocrx_word' id='word_1_109' title='bbox 1241 1279 1354 1329; x_wconf 79' lang='lat' dir='ltr'>magis</span> <span class='ocrx_word' id='word_1_110' title='bbox 1372 1280 1432 1317; x_wconf 82' lang='lat' dir='ltr'>fir-</span> 
     </span>
     <span class='ocr_line' id='line_1_16' title="bbox 125 1334 1432 1386; baseline -0.001 -14"><span class='ocrx_word' id='word_1_111' title='bbox 125 1337 293 1374; x_wconf 86' lang='lat' dir='ltr'>mandam</span> <span class='ocrx_word' id='word_1_112' title='bbox 311 1337 370 1375; x_wconf 87' lang='lat' dir='ltr'>M.</span> <span class='ocrx_word' id='word_1_113' title='bbox 391 1336 570 1379; x_wconf 80' lang='lat' dir='ltr'>Antonius</span> <span class='ocrx_word' id='word_1_114' title='bbox 588 1335 792 1378; x_wconf 63' lang='lat' dir='ltr'>ORaviam,</span> <span class='ocrx_word' id='word_1_115' title='bbox 822 1334 1014 1372; x_wconf 57' lang='lat' dir='ltr'>Octaviani</span> <span class='ocrx_word' id='word_1_116' title='bbox 1040 1334 1210 1379; x_wconf 88' lang='lat' dir='ltr'>sororem,</span> <span class='ocrx_word' id='word_1_117' title='bbox 1237 1338 1337 1386; x_wconf 79' lang='lat' dir='ltr'>cujus</span> <span class='ocrx_word' id='word_1_118' title='bbox 1355 1352 1432 1376; x_wconf 79' lang='lat' dir='ltr'>ma.</span> 
     </span>
     <span class='ocr_line' id='line_1_17' title="bbox 125 1388 1431 1448; baseline 0.005 -18"><span class='ocrx_word' id='word_1_119' title='bbox 125 1388 214 1448; x_wconf 74' lang='lat' dir='ltr'>ritus</span> <span class='ocrx_word' id='word_1_120' title='bbox 233 1409 345 1446; x_wconf 82' lang='lat' dir='ltr'>nuper</span> <span class='ocrx_word' id='word_1_121' title='bbox 361 1394 516 1440; x_wconf 85' lang='lat' dir='ltr'>obierat,</span> <span class='ocrx_word' id='word_1_122' title='bbox 542 1407 692 1431; x_wconf 88' lang='lat' dir='ltr'>uxorem</span> <span class='ocrx_word' id='word_1_123' title='bbox 710 1393 829 1431; x_wconf 84' lang='lat' dir='ltr'>duxit.</span> <span class='ocrx_word' id='word_1_124' title='bbox 882 1393 977 1430; x_wconf 82' lang='lat' dir='ltr'>Mox</span> <span class='ocrx_word' id='word_1_125' title='bbox 1006 1407 1087 1430; x_wconf 76' lang='lat' dir='ltr'>cum</span> <span class='ocrx_word' id='word_1_126' title='bbox 1108 1394 1205 1433; x_wconf 78' lang='lat' dir='ltr'>Sext.</span> <span class='ocrx_word' id='word_1_127' title='bbox 1226 1395 1431 1447; x_wconf 85' lang='lat' dir='ltr'>Pompeius,</span> 
     </span>
     <span class='ocr_line' id='line_1_18' title="bbox 123 1453 1473 1504; baseline 0.004 -15"><span class='ocrx_word' id='word_1_128' title='bbox 123 1453 188 1504; x_wconf 73' lang='lat' dir='ltr'>qui</span> <span class='ocrx_word' id='word_1_129' title='bbox 205 1454 362 1492; x_wconf 82' lang='lat' dir='ltr'>claffibus</span> <span class='ocrx_word' id='word_1_130' title='bbox 378 1468 474 1492; x_wconf 86' lang='lat' dir='ltr'>mare</span> <span class='ocrx_word' id='word_1_131' title='bbox 499 1454 656 1498; x_wconf 84' lang='lat' dir='ltr'>tenebat,</span> <span class='ocrx_word' id='word_1_132' title='bbox 684 1462 885 1491; x_wconf 83' lang='lat' dir='ltr'>commeatu</span> <span class='ocrx_word' id='word_1_133' title='bbox 901 1453 1023 1490; x_wconf 87' lang='lat' dir='ltr'>urbem</span> <span class='ocrx_word' id='word_1_134' title='bbox 1041 1453 1310 1500; x_wconf 74' lang='lat' dir='ltr'>intercluderet,</span> <span class='ocrx_word' id='word_1_135' title='bbox 1336 1457 1434 1494; x_wconf 75' lang='lat' dir='ltr'>fame</span> <span class='ocrx_word' id='word_1_136' title='bbox 1470 1459 1473 1463; x_wconf 82' lang='grc'><strong>“</strong></span> 
     </span>
     <span class='ocr_line' id='line_1_19' title="bbox 127 1513 1433 1567; baseline 0.004 -18"><span class='ocrx_word' id='word_1_137' title='bbox 127 1524 290 1564; x_wconf 67' lang='lat' dir='ltr'>urgente,</span> <span class='ocrx_word' id='word_1_138' title='bbox 318 1515 362 1550; x_wconf 84' lang='lat' dir='ltr'>de</span> <span class='ocrx_word' id='word_1_139' title='bbox 375 1527 462 1565; x_wconf 88' lang='lat' dir='ltr'>pace</span> <span class='ocrx_word' id='word_1_140' title='bbox 479 1527 562 1550; x_wconf 89' lang='lat' dir='ltr'>cum</span> <span class='ocrx_word' id='word_1_141' title='bbox 581 1513 690 1549; x_wconf 81' lang='lat' dir='ltr'>Sexto</span> <span class='ocrx_word' id='word_1_142' title='bbox 704 1513 764 1562; x_wconf 72' lang='lat' dir='ltr'>agi</span> <span class='ocrx_word' id='word_1_143' title='bbox 778 1523 937 1563; x_wconf 85' lang='lat' dir='ltr'>coeptum</span> <span class='ocrx_word' id='word_1_144' title='bbox 954 1513 1022 1556; x_wconf 85' lang='lat' dir='ltr'>est;</span> <span class='ocrx_word' id='word_1_145' title='bbox 1050 1527 1118 1563; x_wconf 81' lang='lat' dir='ltr'>qua</span> <span class='ocrx_word' id='word_1_146' title='bbox 1132 1514 1352 1566; x_wconf 72' lang='lat' dir='ltr'>proscriptis,</span> <span class='ocrx_word' id='word_1_147' title='bbox 1367 1518 1433 1567; x_wconf 88' lang='lat' dir='ltr'>qui</span> 
     </span>
     <span class='ocr_line' id='line_1_20' title="bbox 126 1571 1430 1625; baseline 0.004 -18"><span class='ocrx_word' id='word_1_148' title='bbox 126 1572 172 1607; x_wconf 86' lang='lat' dir='ltr'>ad</span> <span class='ocrx_word' id='word_1_149' title='bbox 189 1585 269 1608; x_wconf 90' lang='lat' dir='ltr'>eum</span> <span class='ocrx_word' id='word_1_150' title='bbox 288 1573 541 1623; x_wconf 71' lang='lat' dir='ltr'>confugerant,</span> <span class='ocrx_word' id='word_1_151' title='bbox 569 1572 702 1608; x_wconf 82' lang='lat' dir='ltr'>reditus</span> <span class='ocrx_word' id='word_1_152' title='bbox 733 1571 769 1607; x_wconf 89' lang='lat' dir='ltr'>in</span> <span class='ocrx_word' id='word_1_153' title='bbox 797 1572 920 1608; x_wconf 81' lang='lat' dir='ltr'>urbem</span> <span class='ocrx_word' id='word_1_154' title='bbox 950 1581 986 1608; x_wconf 89' lang='lat' dir='ltr'>et</span> <span class='ocrx_word' id='word_1_155' title='bbox 1003 1571 1232 1610; x_wconf 77' lang='lat' dir='ltr'>incolumitas</span> <span class='ocrx_word' id='word_1_156' title='bbox 1253 1579 1353 1625; x_wconf 65' lang='lat' dir='ltr'>pacta</span> <span class='ocrx_word' id='word_1_157' title='bbox 1370 1579 1430 1616; x_wconf 82' lang='lat' dir='ltr'>est.</span> 
     </span>
     <span class='ocr_line' id='line_1_21' title="bbox 125 1628 1432 1687; baseline 0.005 -23"><span class='ocrx_word' id='word_1_158' title='bbox 125 1628 208 1677; x_wconf 84' lang='lat' dir='ltr'>Jam</span> <span class='ocrx_word' id='word_1_159' title='bbox 226 1645 302 1681; x_wconf 81' lang='lat' dir='ltr'>quae</span> <span class='ocrx_word' id='word_1_160' title='bbox 319 1644 362 1668; x_wconf 82' lang='lat' dir='ltr'>ex</span> <span class='ocrx_word' id='word_1_161' title='bbox 380 1632 434 1668; x_wconf 85' lang='lat' dir='ltr'>his</span> <span class='ocrx_word' id='word_1_162' title='bbox 452 1632 556 1681; x_wconf 90' lang='lat' dir='ltr'>hujus</span> <span class='ocrx_word' id='word_1_163' title='bbox 573 1631 657 1668; x_wconf 88' lang='lat' dir='ltr'>anni</span> <span class='ocrx_word' id='word_1_164' title='bbox 674 1630 760 1667; x_wconf 68' lang='lat' dir='ltr'>aftis</span> <span class='ocrx_word' id='word_1_165' title='bbox 782 1631 828 1668; x_wconf 87' lang='lat' dir='ltr'>ad</span> <span class='ocrx_word' id='word_1_166' title='bbox 847 1630 1047 1682; x_wconf 79' lang='lat' dir='ltr'>Virgilium</span> <span class='ocrx_word' id='word_1_167' title='bbox 1069 1632 1285 1682; x_wconf 87' lang='lat' dir='ltr'>pertineant,</span> <span class='ocrx_word' id='word_1_168' title='bbox 1310 1638 1432 1687; x_wconf 80' lang='lat' dir='ltr'>paullo</span> 
     </span>
     <span class='ocr_line' id='line_1_22' title="bbox 124 1683 490 1722; baseline 0.011 -6"><span class='ocrx_word' id='word_1_169' title='bbox 124 1683 280 1719; x_wconf 78' lang='lat' dir='ltr'>curatius</span> <span class='ocrx_word' id='word_1_170' title='bbox 295 1683 490 1722; x_wconf 79' lang='lat' dir='ltr'>videamus,</span> 
     </span>
    </p>

    <p class='ocr_par' dir='ltr' id='par_1_4' title="bbox 123 1733 1434 2749">
     <span class='ocr_line' id='line_1_23' title="bbox 179 1733 1432 1796; baseline 0.005 -20"><span class='ocrx_word' id='word_1_171' title='bbox 179 1739 318 1778; x_wconf 74' lang='lat' dir='ltr'>Perusia</span> <span class='ocrx_word' id='word_1_172' title='bbox 333 1753 452 1792; x_wconf 79' lang='lat' dir='ltr'>capta,</span> <span class='ocrx_word' id='word_1_173' title='bbox 478 1733 554 1779; x_wconf 72' lang='lat' dir='ltr'>tota</span> <span class='ocrx_word' id='word_1_174' title='bbox 581 1741 683 1779; x_wconf 85' lang='lat' dir='ltr'>fimul</span> <span class='ocrx_word' id='word_1_175' title='bbox 707 1741 832 1778; x_wconf 82' lang='lat' dir='ltr'>Gallia</span> <span class='ocrx_word' id='word_1_176' title='bbox 863 1741 1048 1793; x_wconf 81' lang='lat' dir='ltr'>Cisalpina</span> <span class='ocrx_word' id='word_1_177' title='bbox 1071 1756 1155 1780; x_wconf 86' lang='lat' dir='ltr'>cum</span> <span class='ocrx_word' id='word_1_178' title='bbox 1173 1745 1320 1796; x_wconf 82' lang='lat' dir='ltr'>reliquis</span> <span class='ocrx_word' id='word_1_179' title='bbox 1338 1747 1432 1786; x_wconf 78' lang='lat' dir='ltr'>Gal.</span> 
     </span>
     <span class='ocr_line' id='line_1_24' title="bbox 124 1796 1432 1858; baseline 0.01 -25"><span class='ocrx_word' id='word_1_180' title='bbox 124 1796 183 1834; x_wconf 78' lang='lat' dir='ltr'>liis</span> <span class='ocrx_word' id='word_1_181' title='bbox 200 1809 235 1834; x_wconf 88' lang='lat' dir='ltr'>et</span> <span class='ocrx_word' id='word_1_182' title='bbox 255 1798 441 1850; x_wconf 84' lang='lat' dir='ltr'>Hispaniis</span> <span class='ocrx_word' id='word_1_183' title='bbox 458 1800 495 1836; x_wconf 89' lang='lat' dir='ltr'>in</span> <span class='ocrx_word' id='word_1_184' title='bbox 514 1800 664 1837; x_wconf 85' lang='lat' dir='ltr'>Caesaris</span> <span class='ocrx_word' id='word_1_185' title='bbox 681 1799 858 1836; x_wconf 82' lang='lat' dir='ltr'>ditionem</span> <span class='ocrx_word' id='word_1_186' title='bbox 876 1800 988 1837; x_wconf 77' lang='lat' dir='ltr'>venit.</span> <span class='ocrx_word' id='word_1_187' title='bbox 1015 1800 1090 1838; x_wconf 89' lang='lat' dir='ltr'>vid.</span> <span class='ocrx_word' id='word_1_188' title='bbox 1107 1803 1263 1852; x_wconf 83' lang='lat' dir='ltr'>Appian.</span> <span class='ocrx_word' id='word_1_189' title='bbox 1276 1820 1313 1856; x_wconf 90' lang='lat' dir='ltr'>p.</span> <span class='ocrx_word' id='word_1_190' title='bbox 1333 1821 1370 1844; x_wconf 87' lang='lat'>11</span> <span class='ocrx_word' id='word_1_191' title='bbox 1385 1821 1432 1858; x_wconf 85' lang='lat'>14</span> 
     </span>
     <span class='ocr_line' id='line_1_25' title="bbox 125 1857 1433 1914; baseline 0.008 -22"><span class='ocrx_word' id='word_1_192' title='bbox 125 1868 222 1908; x_wconf 81' lang='lat' dir='ltr'>extr.</span> <span class='ocrx_word' id='word_1_193' title='bbox 274 1858 399 1908; x_wconf 78' lang='lat' dir='ltr'>Itaque</span> <span class='ocrx_word' id='word_1_194' title='bbox 429 1869 504 1896; x_wconf 87' lang='lat' dir='ltr'>turn</span> <span class='ocrx_word' id='word_1_195' title='bbox 540 1860 684 1895; x_wconf 87' lang='lat' dir='ltr'>demum</span> <span class='ocrx_word' id='word_1_196' title='bbox 708 1857 874 1908; x_wconf 86' lang='lat' dir='ltr'>Virgilio</span> <span class='ocrx_word' id='word_1_197' title='bbox 907 1872 1013 1910; x_wconf 85' lang='lat' dir='ltr'>agros</span> <span class='ocrx_word' id='word_1_198' title='bbox 1041 1859 1135 1905; x_wconf 85' lang='lat' dir='ltr'>suOS‚</span> <span class='ocrx_word' id='word_1_199' title='bbox 1162 1865 1345 1914; x_wconf 85' lang='lat' dir='ltr'>postquam</span> <span class='ocrx_word' id='word_1_200' title='bbox 1370 1880 1433 1906; x_wconf 72' lang='lat' dir='ltr'>eos</span> 
     </span>
     <span class='ocr_line' id='line_1_26' title="bbox 123 1914 1432 1968; baseline 0.008 -16"><span class='ocrx_word' id='word_1_201' title='bbox 123 1914 255 1954; x_wconf 84' lang='lat' dir='ltr'>iterum</span> <span class='ocrx_word' id='word_1_202' title='bbox 274 1917 454 1962; x_wconf 65' lang='lat' dir='ltr'>amiserat,</span> <span class='ocrx_word' id='word_1_203' title='bbox 481 1917 656 1968; x_wconf 85' lang='lat' dir='ltr'>restitutos</span> <span class='ocrx_word' id='word_1_204' title='bbox 673 1917 754 1962; x_wconf 81' lang='lat' dir='ltr'>effe,</span> <span class='ocrx_word' id='word_1_205' title='bbox 781 1917 923 1954; x_wconf 87' lang='lat' dir='ltr'>eredere</span> <span class='ocrx_word' id='word_1_206' title='bbox 939 1918 1039 1955; x_wconf 85' lang='lat' dir='ltr'>licet.</span> <span class='ocrx_word' id='word_1_207' title='bbox 1096 1919 1345 1961; x_wconf 78' lang='lat' dir='ltr'>Testificandae</span> <span class='ocrx_word' id='word_1_208' title='bbox 1362 1925 1432 1964; x_wconf 86' lang='lat' dir='ltr'>suae</span> 
     </span>
     <span class='ocr_line' id='line_1_27' title="bbox 124 1968 1434 2035; baseline 0.008 -25"><span class='ocrx_word' id='word_1_209' title='bbox 124 1975 257 2013; x_wconf 74' lang='lat' dir='ltr'>laetitiae</span> <span class='ocrx_word' id='word_1_210' title='bbox 271 1968 451 2026; x_wconf 71' lang='lat' dir='ltr'>grataeque</span> <span class='ocrx_word' id='word_1_211' title='bbox 473 1977 666 2014; x_wconf 81' lang='lat' dir='ltr'>voluntatis</span> <span class='ocrx_word' id='word_1_212' title='bbox 681 1977 797 2013; x_wconf 84' lang='lat' dir='ltr'>cauffa</span> <span class='ocrx_word' id='word_1_213' title='bbox 814 1976 853 2013; x_wconf 89' lang='lat' dir='ltr'>in</span> <span class='ocrx_word' id='word_1_214' title='bbox 872 1975 964 2013; x_wconf 79' lang='lat' dir='ltr'>Vari</span> <span class='ocrx_word' id='word_1_215' title='bbox 982 1977 1170 2024; x_wconf 75' lang='lat' dir='ltr'>honorem,</span> <span class='ocrx_word' id='word_1_216' title='bbox 1200 1983 1300 2031; x_wconf 82' lang='lat' dir='ltr'>cujus</span> <span class='ocrx_word' id='word_1_217' title='bbox 1325 1996 1434 2035; x_wconf 73' lang='lat' dir='ltr'>opera</span> 
     </span>
     <span class='ocr_line' id='line_1_28' title="bbox 124 2034 1431 2093; baseline 0.004 -22"><span class='ocrx_word' id='word_1_218' title='bbox 124 2034 319 2074; x_wconf 88' lang='lat' dir='ltr'>secundum</span> <span class='ocrx_word' id='word_1_219' title='bbox 339 2036 418 2074; x_wconf 81' lang='lat' dir='ltr'>Ecl.</span> <span class='ocrx_word' id='word_1_220' title='bbox 434 2036 509 2081; x_wconf 86' lang='lat' dir='ltr'>IX,</span> <span class='ocrx_word' id='word_1_221' title='bbox 527 2051 570 2085; x_wconf 83' lang='lat'>27</span> <span class='ocrx_word' id='word_1_222' title='bbox 592 2036 668 2087; x_wconf 88' lang='lat' dir='ltr'><strong>sqq.</strong></span> <span class='ocrx_word' id='word_1_223' title='bbox 688 2050 729 2073; x_wconf 83' lang='lat' dir='ltr'>ea</span> <span class='ocrx_word' id='word_1_224' title='bbox 760 2050 813 2090; x_wconf 85' lang='lat' dir='ltr'>res</span> <span class='ocrx_word' id='word_1_225' title='bbox 843 2037 997 2087; x_wconf 63' lang='lat' dir='ltr'>perfecta</span> <span class='ocrx_word' id='word_1_226' title='bbox 1026 2037 1156 2084; x_wconf 75' lang='lat' dir='ltr'>fuerat,</span> <span class='ocrx_word' id='word_1_227' title='bbox 1184 2042 1431 2093; x_wconf 71' lang='lat' dir='ltr'>Eclogamsex-</span> 
     </span>
     <span class='ocr_line' id='line_1_29' title="bbox 126 2095 1433 2156; baseline 0.003 -25"><span class='ocrx_word' id='word_1_228' title='bbox 126 2104 196 2131; x_wconf 79' lang='lat' dir='ltr'>tam</span> <span class='ocrx_word' id='word_1_229' title='bbox 225 2104 302 2132; x_wconf 91' lang='lat' dir='ltr'>tum</span> <span class='ocrx_word' id='word_1_230' title='bbox 330 2095 497 2146; x_wconf 82' lang='lat' dir='ltr'>scriptam</span> <span class='ocrx_word' id='word_1_231' title='bbox 524 2096 604 2139; x_wconf 78' lang='lat' dir='ltr'>effe,</span> <span class='ocrx_word' id='word_1_232' title='bbox 632 2096 802 2147; x_wconf 77' lang='lat' dir='ltr'>opinatur</span> <span class='ocrx_word' id='word_1_233' title='bbox 827 2096 1008 2133; x_wconf 78' lang='lat' dir='ltr'>Martinus</span> <span class='ocrx_word' id='word_1_234' title='bbox 1039 2111 1075 2151; x_wconf 62' lang='lat' dir='ltr'>P?</span> <span class='ocrx_word' id='word_1_235' title='bbox 1101 2099 1192 2136; x_wconf 83' lang='lat' dir='ltr'>LVI</span> <span class='ocrx_word' id='word_1_236' title='bbox 1215 2111 1250 2138; x_wconf 87' lang='lat' dir='ltr'>et</span> <span class='ocrx_word' id='word_1_237' title='bbox 1275 2117 1314 2153; x_wconf 82' lang='lat' dir='ltr'>p.</span> <span class='ocrx_word' id='word_1_238' title='bbox 1345 2115 1433 2156; x_wconf 87' lang='lat'>149·</span> 
     </span>
     <span class='ocr_line' id='line_1_30' title="bbox 128 2151 1432 2209; baseline 0.008 -19"><span class='ocrx_word' id='word_1_239' title='bbox 128 2151 256 2198; x_wconf 76' lang='lat' dir='ltr'>Fuisse,</span> <span class='ocrx_word' id='word_1_240' title='bbox 283 2154 347 2204; x_wconf 91' lang='lat' dir='ltr'>qui</span> <span class='ocrx_word' id='word_1_241' title='bbox 361 2154 496 2192; x_wconf 83' lang='lat' dir='ltr'>sextam</span> <span class='ocrx_word' id='word_1_242' title='bbox 514 2155 675 2193; x_wconf 86' lang='lat' dir='ltr'>omnium</span> <span class='ocrx_word' id='word_1_243' title='bbox 703 2155 821 2209; x_wconf 82' lang='lat' dir='ltr'>primo</span> <span class='ocrx_word' id='word_1_244' title='bbox 852 2156 932 2193; x_wconf 85' lang='lat' dir='ltr'>loco</span> <span class='ocrx_word' id='word_1_245' title='bbox 963 2156 1130 2207; x_wconf 84' lang='lat' dir='ltr'>scriptam</span> <span class='ocrx_word' id='word_1_246' title='bbox 1163 2160 1228 2197; x_wconf 81' lang='lat' dir='ltr'>effe</span> <span class='ocrx_word' id='word_1_247' title='bbox 1253 2161 1432 2209; x_wconf 85' lang='lat' dir='ltr'>dicerent,</span> 
     </span>
     <span class='ocr_line' id='line_1_31' title="bbox 127 2213 1432 2267; baseline 0.008 -18"><span class='ocrx_word' id='word_1_248' title='bbox 127 2213 292 2265; x_wconf 83' lang='lat' dir='ltr'>Donatus</span> <span class='ocrx_word' id='word_1_249' title='bbox 310 2214 349 2250; x_wconf 90' lang='lat' dir='ltr'>in</span> <span class='ocrx_word' id='word_1_250' title='bbox 367 2214 457 2251; x_wconf 79' lang='lat' dir='ltr'>Vita</span> <span class='ocrx_word' id='word_1_251' title='bbox 476 2215 505 2265; x_wconf 57' lang='grc' dir='ltr'>ᾗ,</span> <span class='ocrx_word' id='word_1_252' title='bbox 531 2229 599 2253; x_wconf 88' lang='lat'>102</span> <span class='ocrx_word' id='word_1_253' title='bbox 620 2226 762 2259; x_wconf 83' lang='lat' dir='ltr'>narrat;</span> <span class='ocrx_word' id='word_1_254' title='bbox 790 2215 849 2251; x_wconf 86' lang='lat' dir='ltr'>sed</span> <span class='ocrx_word' id='word_1_255' title='bbox 864 2228 924 2252; x_wconf 87' lang='lat' dir='ltr'>eos</span> <span class='ocrx_word' id='word_1_256' title='bbox 941 2218 1031 2253; x_wconf 86' lang='lat' dir='ltr'>mala</span> <span class='ocrx_word' id='word_1_257' title='bbox 1049 2218 1158 2267; x_wconf 85' lang='lat' dir='ltr'>primi</span> <span class='ocrx_word' id='word_1_258' title='bbox 1183 2220 1321 2261; x_wconf 82' lang='lat' dir='ltr'>versus:</span> <span class='ocrx_word' id='word_1_259' title='bbox 1350 2224 1432 2261; x_wconf 84' lang='lat' dir='ltr'>Pri-</span> 
     </span>
     <span class='ocr_line' id='line_1_32' title="bbox 127 2269 1432 2326; baseline 0.007 -15"><span class='ocrx_word' id='word_1_260' title='bbox 127 2289 183 2311; x_wconf 79' lang='lat' dir='ltr'>ma</span> <span class='ocrx_word' id='word_1_261' title='bbox 209 2274 234 2308; x_wconf 90' lang='lat' dir='ltr'><em>S</em></span> <span class='ocrx_word' id='word_1_262' title='bbox 223 2274 370 2323; x_wconf 69' lang='lat' dir='ltr'>yracqfio</span> <span class='ocrx_word' id='word_1_263' title='bbox 399 2277 542 2325; x_wconf 62' lang='lat' dir='ltr'>dzglzata</span> <span class='ocrx_word' id='word_1_264' title='bbox 572 2277 615 2324; x_wconf 81' lang='lat' dir='ltr'>cst</span> <span class='ocrx_word' id='word_1_265' title='bbox 639 2274 750 2312; x_wconf 82' lang='lat' dir='ltr'>ludere</span> <span class='ocrx_word' id='word_1_266' title='bbox 771 2277 1131 2326; x_wconf 63' lang='lat' dir='ltr'>‘vefffic-——acceptione</span> <span class='ocrx_word' id='word_1_267' title='bbox 1150 2278 1314 2318; x_wconf 58' lang='lat' dir='ltr'>induffilos</span> <span class='ocrx_word' id='word_1_268' title='bbox 1330 2269 1432 2321; x_wconf 56' lang='lat' dir='ltr'>fuisse</span> 
     </span>
     <span class='ocr_line' id='line_1_33' title="bbox 125 2333 1431 2392; baseline 0.004 -23"><span class='ocrx_word' id='word_1_269' title='bbox 125 2333 188 2371; x_wconf 69' lang='lat' dir='ltr'>vix</span> <span class='ocrx_word' id='word_1_270' title='bbox 206 2333 360 2372; x_wconf 79' lang='lat' dir='ltr'>dubites.</span> <span class='ocrx_word' id='word_1_271' title='bbox 413 2334 534 2370; x_wconf 87' lang='lat' dir='ltr'>Aliam</span> <span class='ocrx_word' id='word_1_272' title='bbox 553 2333 742 2378; x_wconf 86' lang='lat' dir='ltr'>rationem,</span> <span class='ocrx_word' id='word_1_273' title='bbox 759 2347 866 2385; x_wconf 82' lang='lat' dir='ltr'>quare</span> <span class='ocrx_word' id='word_1_274' title='bbox 879 2343 958 2371; x_wconf 88' lang='lat' dir='ltr'>ante</span> <span class='ocrx_word' id='word_1_275' title='bbox 977 2335 1150 2384; x_wconf 87' lang='lat' dir='ltr'>Tityrum</span> <span class='ocrx_word' id='word_1_276' title='bbox 1165 2338 1304 2377; x_wconf 88' lang='lat' dir='ltr'>Silenus</span> <span class='ocrx_word' id='word_1_277' title='bbox 1318 2340 1431 2392; x_wconf 88' lang='lat' dir='ltr'>scrip.</span> 
     </span>
     <span class='ocr_line' id='line_1_34' title="bbox 130 2392 1431 2444; baseline 0.008 -17"><span class='ocrx_word' id='word_1_278' title='bbox 130 2401 185 2430; x_wconf 89' lang='lat' dir='ltr'>tus</span> <span class='ocrx_word' id='word_1_279' title='bbox 203 2393 267 2429; x_wconf 85' lang='lat' dir='ltr'>effe</span> <span class='ocrx_word' id='word_1_280' title='bbox 286 2393 463 2437; x_wconf 89' lang='lat' dir='ltr'>debuerit,</span> <span class='ocrx_word' id='word_1_281' title='bbox 490 2393 658 2430; x_wconf 87' lang='lat' dir='ltr'>Catroeus</span> <span class='ocrx_word' id='word_1_282' title='bbox 687 2406 732 2429; x_wconf 83' lang='lat' dir='ltr'>ex</span> <span class='ocrx_word' id='word_1_283' title='bbox 759 2406 802 2430; x_wconf 91' lang='lat' dir='ltr'>eo</span> <span class='ocrx_word' id='word_1_284' title='bbox 837 2392 994 2443; x_wconf 84' lang='lat' dir='ltr'>petebat,</span> <span class='ocrx_word' id='word_1_285' title='bbox 1030 2395 1205 2444; x_wconf 87' lang='lat' dir='ltr'>quoniam</span> <span class='ocrx_word' id='word_1_286' title='bbox 1234 2397 1431 2440; x_wconf 85' lang='lat' dir='ltr'>secundum</span> 
     </span>
     <span class='ocr_line' id='line_1_35' title="bbox 129 2443 1432 2504; baseline 0.005 -16"><span class='ocrx_word' id='word_1_287' title='bbox 129 2443 316 2489; x_wconf 86' lang='lat' dir='ltr'>Donatum</span> <span class='ocrx_word' id='word_1_288' title='bbox 333 2461 368 2488; x_wconf 93' lang='lat' dir='ltr'>et</span> <span class='ocrx_word' id='word_1_289' title='bbox 387 2446 547 2504; x_wconf 81' lang='lat' dir='ltr'>Servium</span> <span class='ocrx_word' id='word_1_290' title='bbox 566 2464 586 2488; x_wconf 82' lang='lat' dir='ltr'>a</span> <span class='ocrx_word' id='word_1_291' title='bbox 615 2451 815 2502; x_wconf 82' lang='lat' dir='ltr'>Cytheride</span> <span class='ocrx_word' id='word_1_292' title='bbox 842 2453 880 2489; x_wconf 90' lang='lat' dir='ltr'>in</span> <span class='ocrx_word' id='word_1_293' title='bbox 910 2452 1013 2490; x_wconf 85' lang='lat' dir='ltr'>scena</span> <span class='ocrx_word' id='word_1_294' title='bbox 1032 2454 1209 2494; x_wconf 87' lang='lat' dir='ltr'>Cicerone</span> <span class='ocrx_word' id='word_1_295' title='bbox 1230 2458 1350 2496; x_wconf 84' lang='lat' dir='ltr'>adhuc</span> <span class='ocrx_word' id='word_1_296' title='bbox 1367 2474 1432 2499; x_wconf 81' lang='lat' dir='ltr'>au-</span> 
     </span>
     <span class='ocr_line' id='line_1_36' title="bbox 128 2506 1432 2566; baseline 0.007 -19"><span class='ocrx_word' id='word_1_297' title='bbox 128 2511 251 2562; x_wconf 78' lang='lat' dir='ltr'>diente</span> <span class='ocrx_word' id='word_1_298' title='bbox 265 2524 306 2549; x_wconf 89' lang='lat' dir='ltr'>ea</span> <span class='ocrx_word' id='word_1_299' title='bbox 323 2512 471 2548; x_wconf 84' lang='lat' dir='ltr'>recitata</span> <span class='ocrx_word' id='word_1_300' title='bbox 486 2511 606 2549; x_wconf 88' lang='lat' dir='ltr'>fuerit.</span> <span class='ocrx_word' id='word_1_301' title='bbox 634 2506 636 2508; x_wconf 55' lang='grc'>’</span> <span class='ocrx_word' id='word_1_302' title='bbox 660 2510 721 2548; x_wconf 88' lang='lat' dir='ltr'>Sic</span> <span class='ocrx_word' id='word_1_303' title='bbox 753 2525 831 2549; x_wconf 85' lang='lat' dir='ltr'>eam</span> <span class='ocrx_word' id='word_1_304' title='bbox 856 2521 937 2549; x_wconf 87' lang='lat' dir='ltr'>ante</span> <span class='ocrx_word' id='word_1_305' title='bbox 966 2525 998 2550; x_wconf 89' lang='lat' dir='ltr'>a.</span> <span class='ocrx_word' id='word_1_306' title='bbox 1020 2527 1109 2565; x_wconf 87' lang='lat'>711,</span> <span class='ocrx_word' id='word_1_307' title='bbox 1135 2530 1208 2566; x_wconf 91' lang='lat' dir='ltr'>quo</span> <span class='ocrx_word' id='word_1_308' title='bbox 1234 2518 1367 2557; x_wconf 91' lang='lat' dir='ltr'>Cicero</span> <span class='ocrx_word' id='word_1_309' title='bbox 1383 2533 1432 2558; x_wconf 78' lang='lat' dir='ltr'>ex</span> 
     </span>
     <span class='ocr_line' id='line_1_37' title="bbox 127 2571 1431 2622; baseline 0.008 -15"><span class='ocrx_word' id='word_1_310' title='bbox 127 2571 388 2622; x_wconf 85' lang='lat' dir='ltr'>proscriptione</span> <span class='ocrx_word' id='word_1_311' title='bbox 401 2571 605 2610; x_wconf 61' lang='lat' dir='ltr'>interfectus</span> <span class='ocrx_word' id='word_1_312' title='bbox 620 2573 683 2616; x_wconf 88' lang='lat' dir='ltr'>est,</span> <span class='ocrx_word' id='word_1_313' title='bbox 712 2572 848 2610; x_wconf 87' lang='lat' dir='ltr'>editam</span> <span class='ocrx_word' id='word_1_314' title='bbox 866 2572 979 2618; x_wconf 84' lang='lat' dir='ltr'>fuisse,</span> <span class='ocrx_word' id='word_1_315' title='bbox 1006 2575 1138 2613; x_wconf 80' lang='lat' dir='ltr'>necesse</span> <span class='ocrx_word' id='word_1_316' title='bbox 1162 2577 1257 2616; x_wconf 79' lang='lat' dir='ltr'>effer.</span> <span class='ocrx_word' id='word_1_317' title='bbox 1309 2579 1364 2616; x_wconf 85' lang='lat' dir='ltr'>At</span> <span class='ocrx_word' id='word_1_318' title='bbox 1382 2581 1431 2620; x_wconf 86' lang='lat' dir='ltr'>de</span> 
     </span>
     <span class='ocr_line' id='line_1_38' title="bbox 128 2630 1430 2691; baseline 0.01 -24"><span class='ocrx_word' id='word_1_319' title='bbox 128 2630 309 2671; x_wconf 85' lang='lat' dir='ltr'>Cicerone</span> <span class='ocrx_word' id='word_1_320' title='bbox 325 2631 425 2668; x_wconf 87' lang='lat' dir='ltr'>illam</span> <span class='ocrx_word' id='word_1_321' title='bbox 442 2631 618 2682; x_wconf 87' lang='lat' dir='ltr'>Eclogam</span> <span class='ocrx_word' id='word_1_322' title='bbox 634 2631 778 2669; x_wconf 86' lang='lat' dir='ltr'>recitari</span> <span class='ocrx_word' id='word_1_323' title='bbox 805 2632 972 2673; x_wconf 86' lang='lat' dir='ltr'>audiente</span> <span class='ocrx_word' id='word_1_324' title='bbox 997 2635 1141 2687; x_wconf 84' lang='lat' dir='ltr'>explosa</span> <span class='ocrx_word' id='word_1_325' title='bbox 1158 2636 1235 2688; x_wconf 87' lang='lat' dir='ltr'>jam</span> <span class='ocrx_word' id='word_1_326' title='bbox 1263 2638 1366 2691; x_wconf 82' lang='lat' dir='ltr'>supra</span> <span class='ocrx_word' id='word_1_327' title='bbox 1381 2641 1430 2680; x_wconf 82' lang='lat' dir='ltr'>ad</span> 
     </span>
     <span class='ocr_line' id='line_1_39' title="bbox 125 2691 853 2749; baseline 0.004 -21"><span class='ocrx_word' id='word_1_328' title='bbox 125 2702 164 2748; x_wconf 44' lang='grc' dir='ltr'>ᾗ,</span> <span class='ocrx_word' id='word_1_329' title='bbox 185 2704 254 2749; x_wconf 79' lang='lat'>711</span> <span class='ocrx_word' id='word_1_330' title='bbox 274 2700 310 2748; x_wconf 83' lang='lat' dir='ltr'>et</span> <span class='ocrx_word' id='word_1_331' title='bbox 329 2692 376 2748; x_wconf 79' lang='lat' dir='ltr'>ad</span> <span class='ocrx_word' id='word_1_332' title='bbox 392 2691 527 2733; x_wconf 86' lang='lat' dir='ltr'>Donat.</span> <span class='ocrx_word' id='word_1_333' title='bbox 546 2691 577 2743; x_wconf 52' lang='grc' dir='ltr'>ᾗ.</span> <span class='ocrx_word' id='word_1_334' title='bbox 593 2705 637 2744; x_wconf 87' lang='lat'>41</span> <span class='ocrx_word' id='word_1_335' title='bbox 655 2693 704 2731; x_wconf 85' lang='lat' dir='ltr'>est</span> <span class='ocrx_word' id='word_1_336' title='bbox 719 2691 853 2748; x_wconf 60' lang='lat' dir='ltr'>fabula,</span> 
     </span>
    </p>
   </div>
   <div class='ocr_carea' id='block_1_3' title="bbox 124 2844 1431 2951">
    <p class='ocr_par' dir='ltr' id='par_1_5' title="bbox 124 2844 1431 2951">
     <span class='ocr_line' id='line_1_40' title="bbox 174 2844 1431 2906; baseline 0.008 -19.945"><span class='ocrx_word' id='word_1_337' title='bbox 174 2855 192 2874; x_wconf 57' lang='lat' dir='ltr'>“f</span> <span class='ocrx_word' id='word_1_338' title='bbox 216 2855 313 2897; x_wconf 84' lang='lat' dir='ltr'>Apud</span> <span class='ocrx_word' id='word_1_339' title='bbox 324 2857 452 2905; x_wconf 57' lang='lat' dir='ltr'>Gruter..</span> <span class='ocrx_word' id='word_1_340' title='bbox 469 2865 502 2898; x_wconf 89' lang='lat' dir='ltr'>p.</span> <span class='ocrx_word' id='word_1_341' title='bbox 519 2856 554 2888; x_wconf 87' lang='lat' dir='ltr'>C.</span> <span class='ocrx_word' id='word_1_342' title='bbox 572 2855 590 2888; x_wconf 90' lang='lat'>8</span> <span class='ocrx_word' id='word_1_343' title='bbox 615 2844 760 2906; x_wconf 50' lang='lat' dir='ltr'>Max-mer</span> <span class='ocrx_word' id='word_1_344' title='bbox 773 2857 897 2901; x_wconf 60' lang='lat' dir='ltr'>visitur,</span> <span class='ocrx_word' id='word_1_345' title='bbox 916 2867 943 2893; x_wconf 79' lang='lat' dir='ltr'>a.</span> <span class='ocrx_word' id='word_1_346' title='bbox 962 2859 992 2893; x_wconf 87' lang='lat' dir='ltr'>d.</span> <span class='ocrx_word' id='word_1_347' title='bbox 1010 2859 1055 2893; x_wconf 90' lang='lat' dir='ltr'>1v</span> <span class='ocrx_word' id='word_1_348' title='bbox 1072 2858 1119 2893; x_wconf 89' lang='lat' dir='ltr'>Id.</span> <span class='ocrx_word' id='word_1_349' title='bbox 1133 2857 1264 2896; x_wconf 58' lang='lat' dir='ltr'>Ofilobr.</span> <span class='ocrx_word' id='word_1_350' title='bbox 1282 2860 1344 2895; x_wconf 85' lang='lat' dir='ltr'>Cn.</span> <span class='ocrx_word' id='word_1_351' title='bbox 1357 2860 1431 2904; x_wconf 58' lang='lat' dir='ltr'>DQ</span> 
     </span>
     <span class='ocr_line' id='line_1_41' title="bbox 124 2898 1428 2951; baseline 0.002 -19"><span class='ocrx_word' id='word_1_352' title='bbox 124 2906 223 2951; x_wconf 47' lang='lat' dir='ltr'>{utro</span> <span class='ocrx_word' id='word_1_353' title='bbox 235 2907 267 2933; x_wconf 81' lang='lat' dir='ltr'>et</span> <span class='ocrx_word' id='word_1_354' title='bbox 283 2901 324 2934; x_wconf 84' lang='lat' dir='ltr'>C.</span> <span class='ocrx_word' id='word_1_355' title='bbox 339 2898 449 2933; x_wconf 74' lang='lat' dir='ltr'>Afinio</span> <span class='ocrx_word' id='word_1_356' title='bbox 466 2899 549 2934; x_wconf 80' lang='lat' dir='ltr'>Coff.</span> <span class='ocrx_word' id='word_1_357' title='bbox 566 2899 765 2945; x_wconf 77' lang='lat' dir='ltr'>inscnptum.</span> <span class='ocrx_word' id='word_1_358' title='bbox 1418 2904 1428 2908; x_wconf 70' lang='grc'><strong><em>“</em></strong></span> 
     </span>
    </p>
   </div>
   <div class='ocr_carea' id='block_1_4' title="bbox 1940 2024 1987 3361">
    <p class='ocr_par' dir='ltr' id='par_1_6' title="bbox 1940 2024 1987 3361">
     <span class='ocr_line' id='line_1_42' title="bbox 1940 2024 1987 3361; baseline 0 0"><span class='ocrx_word' id='word_1_359' title='bbox 1940 2024 1987 3361; x_wconf 95' lang='lat' dir='ltr'> </span> 
     </span>
    </p>
   </div>
  </div>
 </body>
</html>
