1987 3361
521 340 606 376 xx
902 325 1467 378 PRAEFATIO

521 484 695 524 cori-(m,
735 486 843 537 qtae
885 468 936 519 in
988 468 1212 520 sEtteider
1257 468 1508 521 aeconomia
1556 462 1843 538 reprehendi⁴

514 556 726 627 possam.

598 649 723 698 Sunt
745 647 861 709 alia,
906 669 1022 721 quae
1067 649 1128 700 ad
1168 660 1442 701 externum
1482 647 1648 718 operis
1688 645 1839 699 habi-

523 752 636 790 tum
663 737 912 809 speeiant,
935 742 988 792 in
1010 740 1199 812 quibus
1223 739 1491 810 diligentia
1517 735 1750 789 adhibita
1768 736 1848 789 est.

523 843 715 903 quanta
739 831 967 884 adhiberi
994 834 1162 904 potuit
1183 859 1200 894 5
1240 832 1480 903 inprimis
1509 830 1839 881 ut‘emenda-

525 922 712 974 tissime
738 923 964 995 expressa
989 924 1145 976 effent
1171 924 1233 976 ab
1260 923 1429 994 operis
1457 923 1650 974 omnia.
1694 924 1841 975 Cum

526 1013 581 1066 in
607 1026 853 1065 contextu
882 1020 1048 1086 po'etae
1077 1014 1348 1066 induciam
1375 1013 1437 1064 ab
1478 1011 1693 1065 Heinsio
1721 1011 1842 1065 scri-

525 1103 683 1155 bendi
722 1105 971 1157 rationem
1016 1106 1213 1157 nollem
1255 1104 1505 1164 deserere,
1545 1121 1649 1174 qua
1688 1102 1749 1154 de
1788 1123 1841 1155 re

529 1193 703 1265 postea
722 1194 939 1257 dicetur,
963 1196 1152 1248 retinui
1179 1196 1232 1246 in
1259 1195 1396 1248 notis
1417 1194 1629 1245 alteram
1655 1191 1844 1245 sollen-

528 1305 671 1346 nem,
712 1305 829 1358 quae
856 1301 904 1339 et
930 1286 1040 1359 ipsa
1076 1287 1338 1340 interdum
1376 1305 1470 1358 pro
1505 1284 1843 1338 illustratione

531 1375 629 1428 effe
654 1378 821 1448 potest
844 1382 894 1430 ἐκ.

607 1465 890 1520 Induxerat
925 1469 978 1520 in
1016 1469 1253 1520 animum
1297 1466 1556 1529 librarius,
1602 1467 1842 1522 honestus

529 1558 630 1618 vir,
671 1571 974 1610 ornamenta
1014 1559 1199 1610 addere
1248 1558 1371 1611 huic
1411 1560 1628 1613 editioni
1663 1560 1843 1634 figuris

532 1666 630 1699 aere
655 1645 918 1718 expreffis.
999 1647 1126 1698 Non
1166 1646 1301 1698 soleo
1339 1649 1588 1719 equidem
1629 1649 1750 1702 huie
1776 1651 1842 1703 li·-

530 1736 747 1789 brorum
773 1735 937 1807 pretia
962 1735 1416 1790 excandefaciendi
1457 1739 1670 1809 cohnfilio
1703 1741 1846 1792 mul-

532 1816 650 1879 ium
675 1827 895 1879 tribuere
916 1852 933 1887 ς
974 1827 1193 1879 omnino
1234 1829 1378 1880 enim
1416 1848 1444 1881 a
1469 1829 1599 1882 luxu
1633 1829 1733 1883 hoc
1761 1844 1846 1903 ty-

533 1916 872 1991 pographiCO,
910 1918 965 1969 in
995 1937 1099 1990 quo
1142 1918 1313 1971 nostra
1359 1933 1480 1974 aetas
1526 1921 1620 1979 fibi
1657 1923 1844 1994 placet,

588 2076 611 2096 ’ἓ
641 2076 692 2112 At
710 2075 789 2113 sunt
805 2076 876 2114 alia
892 2076 1036 2114 levioris
1057 2079 1246 2123 momenti,
1266 2079 1447 2130 inquibus
1463 2076 1562 2119 nolui
1581 2081 1690 2119 nimis
1708 2082 1849 2120 severus

535 2136 615 2180 effe,
643 2134 728 2185 quia
756 2135 846 2172 tanti
868 2149 941 2173 rem
969 2150 1041 2173 non
1070 2137 1136 2174 effe
1167 2138 1362 2187 putabam3
1392 2153 1430 2177 v.
1449 2153 1482 2177 c.
1502 2141 1600 2191 quod
1629 2140 1845 2191 syllabarum

536 2194 667 2231 divisio
683 2204 717 2230 et
735 2207 846 2231 nexus
864 2194 910 2231 ab
926 2195 1043 2245 operis
1059 2195 1216 2234 librariis
1231 2210 1276 2234 eo
1305 2199 1413 2235 modo
1429 2198 1542 2236 fa&us
1568 2200 1630 2244 est,
1656 2213 1761 2250 quem
1779 2214 1846 2251 pro

537 2267 621 2292 vcro
636 2267 675 2291 ac
690 2255 782 2304 justo
801 2254 932 2291 habere
950 2268 1022 2292 non
1040 2256 1197 2306 possum:
1227 2271 1308 2294 cum
1329 2272 1363 2295 ν.
1383 2264 1417 2296 ε’.
1445 2258 1614 2297 scribitur
1630 2259 1668 2297 in
1687 2270 1848 2298 extrema

538 2315 632 2353 linea
646 2329 709 2351 auc
724 2337 738 2342 -
759 2314 796 2350 in
813 2315 923 2350 altera
937 2325 1066 2351 tamnus
1078 2331 1091 2359 ,·
1118 2331 1165 2367 ag
1183 2341 1198 2346 -
1218 2332 1305 2362 men,
1332 2326 1368 2354 et
1399 2318 1445 2355 fic
1462 2327 1585 2369 porro.
1638 2320 1717 2356 Aut
1743 2319 1769 2357 fi
1788 2319 1847 2357 in—

537 2372 739 2422 terpunzstio
755 2372 800 2408 ad
817 2373 951 2409 calcem
967 2373 1215 2422 parentheseos
1230 2376 1392 2425 ponitur,
1418 2386 1454 2413 et
1472 2376 1518 2414 sic
1535 2378 1620 2416 alia.
1672 2378 1846 2417 Nomini-

539 2430 605 2467 bus
635 2431 792 2468 viroxum
816 2432 1019 2473 doeiorum,
1046 2446 1135 2482 quos
1164 2435 1460 2481 commemoravi,
1486 2435 1651 2487 inprimis
1677 2438 1752 2475 vita
1784 2439 1847 2476 de-

539 2491 759 2533 finitorum,
788 2490 888 2527 nolui
914 2491 1051 2542 ubique
1090 2492 1245 2541 adjicere
1271 2495 1421 2532 honoris
1446 2496 1583 2533 caussa:
1617 2499 1681 2534 Vir
1700 2497 1758 2535 Cl.
1786 2508 1849 2535 aut

540 2565 615 2601 quo
632 2565 726 2587 nune
746 2551 780 2588 se
806 2560 931 2588 mutuo
964 2552 1100 2588 honore
1135 2554 1353 2605 compellant
1381 2555 1443 2591 Vir
1464 2554 1528 2593 Ill.
1583 2557 1725 2595 Totum
1751 2558 1847 2596 hune

542 2625 678 2648 morem
696 2611 868 2654 facetum,
895 2612 952 2648 seu
971 2608 1279 2666 ve1·iusineptum,
1306 2628 1378 2665 quo
1395 2617 1548 2654 caedimus
1573 2629 1605 2654 et
1621 2620 1749 2655 totidem
1765 2618 1848 2668 pla-

542 2678 590 2722 gis
618 2673 822 2719 consumimus
848 2671 975 2722 hostem,
1005 2670 1142 2709 utinam
1173 2673 1350 2711 sublatum
1380 2675 1446 2712 effe
1474 2676 1581 2713 vellet
1609 2685 1690 2713 aetas
1719 2678 1848 2714 nostra.

543 2728 635 2769 Non
649 2742 694 2765 ex
707 2730 790 2766 loco
806 2739 842 2766 et
860 2730 989 2767 ordine
1009 2744 1049 2767 ac
1071 2731 1266 2782 dignitate,
1295 2747 1416 2771 verum
1435 2748 1479 2771 ex
1495 2734 1658 2786 ingenio,
1684 2735 1850 2774 derina

544 2802 580 2830 et
598 2789 747 2833 meritis,
773 2790 843 2826 viri
861 2790 1011 2827 litterati
1027 2790 1106 2827 sunt
1124 2792 1310 2838 censendi;
1341 2805 1377 2832 et
1394 2796 1541 2833 nomine
1564 2795 1762 2847 cujuspiam
1785 2810 1847 2835 au-

540 2850 620 2888 dito
637 2849 886 2900 assurgendum
903 2850 968 2895 est,
996 2863 1070 2888 non
1089 2850 1200 2906 titflulo
1215 2862 1253 2892 et
1271 2853 1407 2893 honore
1423 2856 1668 2907 pronuntiato.

1662 2944 1849 2999 parum
