1987 3361
456 306 478 335 ι,
821 281 925 332 DE
991 278 1380 329 VIRGILII

457 442 481 472 c
506 440 597 487 qua
627 421 752 467 furto
779 430 859 466 aut
885 417 978 464 alio
1007 413 1113 462 casu
1143 413 1380 477 surreptus
1412 411 1462 460 in
1493 410 1769 464 Mediceam

455 504 686 571 pervenit.

520 582 863 648 Expressajam
887 580 1071 628 dudum
1095 596 1152 627 ex
1175 579 1267 626 hoc
1298 577 1464 627 codice
1494 589 1593 626 erat
1622 578 1771 628 editio

459 667 610 716 Paulli
638 666 847 713 Manutii
875 668 1014 726 1583.
1083 662 1253 727 Nuper
1273 662 1333 709 ad
1365 660 1566 709 eandem
1601 661 1770 709 excusa

459 751 605 797 fertur
643 747 791 794 editio
825 745 1171 810 Ambrogiana.
1242 742 1468 792 Heinfius
1516 743 1773 807 diligenter

458 849 568 879 eum
594 829 845 877 Florentiae
864 828 1118 876 evolverat.
1190 827 1451 874 Varietatem
1479 827 1665 873 leffionis
1688 840 1772 871 ex-
1836 871 1841 875 ,

458 927 674 978 cerptam
710 913 816 979 jam
863 913 980 977 1565
1034 913 1309 977 vulgaverat
1352 909 1529 958 Brixiae
1585 908 1773 957 Paullus

462 997 717 1048 Gabianus.

526 1082 746 1129 Alterum
774 1082 998 1128 volumen
1023 1077 1286 1142 Fogginius
1318 1074 1597 1139 promiserat
1625 1072 1775 1136 priori

460 1165 529 1211 illi
554 1163 922 1228 subjiciendum,
958 1164 1006 1208 in
1043 1176 1139 1223 quo
1175 1159 1421 1206 historiam
1444 1156 1625 1203 codicis
1649 1155 1774 1202 ulte-

460 1250 556 1296 rius
587 1246 951 1311 persequuturus
981 1242 1119 1295 effet;
1156 1242 1203 1286 in
1228 1257 1324 1304 quo
1356 1255 1465 1302 quae
1496 1237 1642 1286 modo
1679 1234 1776 1283 dis-

460 1341 623 1394 putata
653 1327 773 1385 sunt,
805 1324 1069 1374 accuratius
1098 1323 1221 1370 forte
1256 1334 1304 1368 et
1338 1321 1570 1385 copiofius
1605 1317 1774 1367 tradita

461 1412 666 1462 suiffent.

624 1560 720 1624 JO.
756 1558 966 1608 PIERII
1001 1556 1385 1605 VALERIANI
1425 1555 1633 1603 CODD.

531 1671 709 1717 Praeter
746 1667 996 1714 Vaticanum
1025 1665 1246 1714 codicem
1274 1665 1411 1730 supra
1439 1674 1777 1720 memoratum,

464 1770 607 1818 quem
634 1753 866 1798 Romanum
889 1750 1111 1814 appellat,
1133 1767 1159 1797 a
1186 1750 1340 1799 Pierio
1363 1748 1532 1806 excuffi
1555 1746 1687 1795 sunt:

531 1835 663 1882 Codex
701 1834 925 1896 Obhngus,
960 1849 1056 1896 quo
1092 1834 1292 1896 quidem
1328 1832 1522 1880 nomine
1556 1847 1585 1877 a
1622 1829 1777 1877 forma

465 1915 719 1965 voluminis
754 1915 897 1962 ducto
935 1916 995 1962 ab
1030 1915 1131 1979 ipso
1170 1915 1324 1964 Pierio
1361 1915 1647 1978 designatur,
1680 1912 1776 1959 mi-

467 2000 659 2048 noribus
695 1999 862 2045 litteris
886 2011 1098 2047 exaratus
1127 2013 1173 2047 et
1202 2000 1298 2064 ipse
1335 1999 1597 2047 admodum
1629 2009 1778 2053 vetUS‚

465 2084 620 2131 Pierio
632 2082 815 2147 judice.
885 2083 1107 2145 Pomponii
1136 2083 1256 2130 Laeti
1286 2080 1478 2128 delicias
1512 2096 1625 2126 eum
1655 2078 1777 2126 olim

465 2164 612 2221 fuiffe,
646 2162 774 2209 idem
794 2162 971 2210 Pierius
990 2175 1224 2211 memorat
1241 2163 1300 2210 ad
1319 2162 1430 2211 AEn.
1456 2161 1515 2219 V,
1537 2175 1641 2223 143.
1710 2159 1777 2219 X,

468 2248 574 2293 186.
621 2260 731 2308 345.
779 2245 956 2309 Georg.
997 2245 1084 2304 IV,
1118 2246 1227 2308 368,
1262 2245 1409 2307 fitque
1443 2243 1566 2291 mihi
1601 2241 1778 2305 proba-

465 2328 579 2385 bile,
596 2326 727 2374 fuisse
750 2327 973 2385 eundum,
990 2344 1135 2391 quem
1158 2326 1424 2391 Episcopus
1449 2321 1702 2371 Alerienfis
1726 2321 1776 2368 in

467 2410 559 2457 Ed.
595 2410 813 2474 principe
848 2410 992 2458 altera
1026 2409 1321 2459 emendanda
1363 2406 1669 2455 adhibuerat:
1716 2403 1777 2451 de

463 2576 618 2614 cimeliis
633 2577 761 2616 domus
778 2578 823 2616 de
841 2578 972 2617 Monte
994 2577 1054 2628 (de
1084 2590 1157 2630 quo
1184 2576 1352 2616 dubitare
1383 2576 1469 2615 licet
1483 2592 1495 2622 ;
1521 2588 1542 2613 a
1574 2572 1777 2625 Rudolpho

464 2636 633 2687 Carpenfi
660 2637 706 2674 ad
732 2651 812 2676 eam
838 2648 981 2689 gentem
1010 2639 1185 2689 perlatum
1211 2651 1295 2676 eum
1334 2638 1400 2675 effe
1432 2634 1657 2688 probabilius
1691 2635 1776 2682 fit);

463 2695 580 2745 Julius
595 2695 652 2733 ΙΙΙ
669 2709 712 2734 ex
728 2711 769 2735 ea
787 2708 895 2748 gente
913 2698 1086 2736 oriundus
1103 2698 1270 2737 codicem
1297 2698 1396 2735 dono
1414 2696 1562 2734 dederat
1580 2693 1776 2733 Cardinali

463 2753 676 2851 {pnpcentio
701 2755 748 2795 de
778 2756 927 2802 Monte,
961 2770 983 2794 a
1012 2769 1086 2808 quo
1118 2757 1212 2809 1568
1247 2757 1404 2795 muneris
1429 2757 1512 2794 loco
1540 2753 1704 2807 pervenit
1729 2753 1777 2790 ad

502 2826 523 2851 0
542 2827 657 2855 mum.

1683 2899 1779 2946 qua
