1987 3361
459 262 712 363 NOVAE
752 302 1217 359 EDITIONIS.
1352 299 1493 376 iixng,

181 453 344 529 pudet
385 452 441 503 in
490 448 572 500 his
613 465 824 518 operam
875 444 1177 498 consumere
1197 471 1213 506 ς
1256 462 1373 518 quae
1401 469 1494 521 ap-

184 543 354 618 posui,
394 558 452 592 ea
495 539 556 591 de
605 535 770 588 cauffa
817 535 1082 586 monenda
1131 535 1300 597 fuere,⁴
1336 553 1392 591 ut
1429 560 1495 601 ex

186 634 366 690 cauffis
411 643 462 682 et
498 628 784 682 rationibus
822 625 936 678 haec.
979 626 1263 698 dijudicare
1302 629 1498 687 discant

189 721 416 782 studiosi,
446 719 866 789 intelligantque‚
905 735 1012 767 non
1051 718 1271 770 omnino
1308 738 1366 771 ea
1403 723 1503 777 effe

189 809 571 869 contemnenda
619 827 713 860 nec
758 821 933 858 tamen
990 827 1303 881 magnopere
1352 831 1504 867 com*

191 905 504 962 mendanda.

267 999 449 1052 Multo
475 995 726 1068 gravioris
754 994 1010 1045 momenti
1041 1013 1120 1047 res
1143 994 1277 1048 mihi
1306 997 1409 1050 visa
1434 998 1506 1054 est

193 1087 583 1161 interpuncstio:
647 1103 750 1155 qua
788 1083 1062 1136 emendata
1113 1085 1223 1138 vidi
1269 1087 1509 1146 sexcenta

192 1183 308 1234 loca
355 1178 543 1231 melius
593 1175 835 1228 constitui
881 1174 1038 1246 poffe,
1079 1195 1172 1228 nec
1218 1179 1510 1250 quicquan)

198 1272 367 1344 magis
411 1271 473 1323 ab
507 1270 655 1321 omni
700 1270 900 1333 ratione
938 1282 987 1321 et
1031 1270 1247 1323 confilio
1275 1272 1507 1331 alienum

201 1366 317 1427 effe,
349 1383 511 1437 quam
539 1363 939 1434 interpungendi
969 1365 1221 1416 rationem
1248 1366 1303 1417 in
1330 1385 1510 1418 exem-

200 1456 430 1530 plaribus
459 1454 659 1525 scriptis
696 1467 744 1505 et
790 1455 844 1505 in
880 1453 1137 1525 plerisque
1163 1454 1337 1507 editis.
1417 1458 1512 1509 Li-

198 1549 412 1599 brorum
459 1545 634 1614 itaque
674 1544 949 1596 auotoritas
995 1545 1049 1595 in
1094 1545 1513 1616 inte1·pun5'tione

203 1638 426 1690 omnino
453 1634 548 1686 effe
575 1633 738 1704 potest
766 1635 925 1686 nulla.
1009 1634 1124 1686 Nec
1150 1636 1407 1707 majorem
1436 1651 1513 1690 ta-

207 1748 330 1781 men
369 1743 545 1779 curam
586 1738 673 1777 aut
715 1738 905 1776 certam
951 1726 1224 1786 rationem,
1262 1726 1327 1778 ad
1354 1746 1515 1798 quam

205 1822 653 1891 interpungerent,
697 1830 905 1868 tenuere
931 1815 1175 1868 editores.
1252 1819 1423 1888 Atqui
1451 1818 1515 1871 ad

207 1910 515 1963 sententiam
568 1906 985 1959 constituendam
1037 1920 1086 1958 et
1140 1908 1516 1979 expediendam

209 2002 263 2054 in
292 2001 533 2073 plurimis
559 2000 686 2051 locis
714 2018 872 2050 omne
916 1998 1177 2050 auxilium
1216 1998 1287 2051 est
1327 2019 1394 2052 ex
1438 2002 1520 2054 in-

210 2094 572 2165 terpundtione
592 2119 609 2153 ,-
650 2105 707 2147 ut
733 2093 889 2144 altera
925 2110 990 2143 ex
1032 2106 1175 2163 parte
1201 2091 1404 2145 sensum
1438 2096 1523 2146 ni-

211 2186 289 2240 hil
316 2187 485 2257 magis
531 2185 701 2242 turbat
731 2204 891 2256 quam
930 2202 1088 2256 prava
1131 2185 1519 2258 interpunstioe

213 2277 649 2350 quandoquidem
695 2277 851 2349 hujus
914 2278 1043 2330 ratio
1091 2290 1141 2329 et
1201 2279 1524 2351 principium

214 2368 559 2440 quaerendum
586 2368 657 2420 est
682 2369 735 2420 in
763 2367 880 2429 hoe,
921 2383 978 2422 ut
1003 2370 1185 2421 exacste
1202 2358 1205 2359 ⁷
1224 2368 1529 2441 respondeat

216 2460 305 2513 illa
352 2460 723 2514 enuntiationis
773 2459 1004 2531 partibus
1052 2478 1176 2515 cum
1243 2461 1530 2534 majoribus

219 2565 335 2604 tum
386 2552 716 2610 minoribus;
761 2572 868 2624 quo
919 2552 1106 2605 eodem
1157 2553 1319 2605 modo
1370 2554 1528 2609 etiam

218 2644 575 2716 pronuntiatio
600 2656 806 2717 regatur
825 2669 842 2703 ,·
881 2656 938 2697 ut
978 2644 1105 2696 adeo
1147 2663 1314 2698 unum
1360 2644 1532 2697 idem-

222 2752 326 2804 que
367 2733 424 2786 fit
468 2736 605 2787 reete
648 2735 894 2807 cogitare,
937 2735 1146 2788 recitare
1191 2749 1240 2787 et
1280 2734 1491 2789 scribere
1514 2759 1532 2796 ς

222 2825 485 2882 distinctio
530 2827 671 2886 enirn
711 2826 848 2904 justa
892 2828 1152 2903 interponi
1189 2847 1295 2884 non
1344 2826 1534 2902 potest,

1441 2916 1537 2970 nisi
