1821 3381
305 327 844 386 GEORGICON,
911 325 1066 384 LIB·
1122 326 1188 385 Π.
1301 340 1392 398 ‚33¹

81 468 164 516 Sin
185 477 395 513 armenta
417 463 569 527 magis
595 462 803 509 studium
825 460 1094 524 vitulosque
1117 460 1255 526 tueri,
1307 467 1392 524 595

80 560 181 617 Aut
204 557 323 604 fetus
345 556 525 611 ovium,
547 564 627 600 aut
650 553 828 599 urentis
850 553 979 599 culta
1000 551 1206 615 capellas
1226 568 1237 596 :

81 649 250 704 SaltuS,
278 658 326 693 et
347 645 493 692 saturi
516 643 668 708 petito
692 642 957 706 longinqua
980 642 1193 699 Tarenti,

25 789 28 794 ⁷
78 737 147 793 Et
168 736 361 800 qualem
382 734 547 781 infelix
567 732 724 779 amifit
749 733 952 779 Mantua
973 747 1220 794 campum,

126 911 199 944 195.
209 903 331 946 studium
346 903 381 945 2st
395 915 424 932 v.
439 913 522 932 unus
537 901 648 932 Mead.
745 900 816 943 196.
835 901 891 932 Aut
906 903 1090 943 oviumfoetus
1106 899 1230 931 Medic.
1246 911 1318 932 cum
1327 911 1401 944 per-2

81 956 205 989 multis.
250 956 399 995 ,ΛΜ-[ἔπ’]
415 957 508 984 ovium
524 961 628 984 urentes
639 955 771 995 llslenag.
787 963 836 995 pr.
883 961 908 984 et
919 961 1022 984 urentes
1038 953 1087 984 ed.
1099 954 1181 984 Ven.
1274 961 1345 995 197.
1358 955 1401 983 Et

70 1008 166 1051 filtus
182 1006 256 1037 duo.
289 1008 388 1047 satyri
405 1006 528 1036 Medic.
543 1016 562 1036 a
577 1016 621 1035 m.
637 1015 686 1046 pr.
706 1005 816 1034 Franc.
840 1011 872 1035 et
892 1015 940 1046 pr.
969 1005 1173 1041 Moretanus,
1189 1014 1264 1034 cum
1290 1003 1403 1046 glossa,

72 1052 114 1089 '‘id
125 1058 158 1098 est
174 1056 272 1099 oppia&
320 1056 428 1087 Habet
444 1056 540 1087 leelio
558 1056 712 1087 doctrina:
729 1056 874 1098 speciem.
923 1057 970 1086 Ita
986 1062 1018 1086 et
1038 1062 1162 1086 veteres
1187 1055 1401 1086 Grammatici

83 1108 233 1150 legerunt
249 1116 281 1138 et
297 1115 499 1148 acceperunt,
520 1113 555 1138 ut
580 1106 603 1138 fi
623 1117 682 1148 pro
705 1105 844 1147 Satyrii3
866 1105 1007 1148 Satyrium
1028 1106 1190 1136 Tarentum.
1216 1116 1247 1136 v.
1266 1105 1403 1143 Probus,

83 1168 128 1196 et,
149 1159 204 1200 qui
219 1159 293 1189 inde
309 1158 364 1188 sua
379 1158 551 1195 transtulit,
574 1157 677 1199 Julius
690 1156 831 1187 Sabinus.
877 1158 911 1187 In
929 1164 1036 1188 vetere
1054 1157 1201 1199 responso
1218 1156 1401 1189 Phalantho

82 1211 159 1241 dato
175 1209 261 1252 apud
281 1209 385 1240 Strab.
404 1210 463 1246 Vl,
477 1219 509 1251 p.
529 1218 591 1247 427
615 1207 747 1251 Exrv'gzssu
763 1222 804 1238 erm
818 1206 904 1238 ἓῶσω.
930 1208 970 1240 cf.
988 1208 1103 1250 Opusc.
1121 1209 1195 1239 Vol.
1220 1210 1259 1246 ΙΙ,
1274 1220 1306 1250 p.
1326 1208 1401 1241 218.

83 1270 160 1303 219.
205 1261 312 1292 Etiam
329 1259 482 1302 Stephani
500 1262 579 1301 Byz.
596 1260 748 1302 epitome,
771 1260 1077 1301 Satyrium'tracstum
1102 1270 1202 1301 prope
1224 1261 1402 1291 Tarentum

82 1313 156 1351 csse,
178 1313 261 1344 unde
278 1313 398 1354 gentile
415 1312 581 1353 Satyrinus
597 1319 627 1342 et
646 1311 788 1352 satyr-ius
800 1310 846 1341 fit.
895 1311 956 1342 Sed
979 1311 1130 1353 praeclare
1155 1311 1302 1342 Heinsius
1316 1311 1373 1343 has
1384 1323 1403 1344 e

79 1365 166 1398 vitio
182 1363 345 1405 scripturae
362 1371 393 1394 et
409 1363 672 1405 pronuntiatione
687 1362 806 1393 vocalis
821 1375 838 1391 u
856 1368 915 1403 ety
928 1362 1056 1392 confusa
1073 1369 1158 1392 ortas
1173 1372 1273 1403 nugas
1285 1363 1402 1405 rejicit.

83 1417 127 1448 cf.
145 1414 202 1446 inf.
216 1416 274 1452 IV,
285 1423 301 1453 3
307 1424 323 1454 3
328 1424 359 1453 5,
374 1414 428 1445 ubi
433 1416 534 1456 fizturo
545 1416 629 1446 colore
644 1414 742 1446 etiam
758 1414 859 1456 Satyro
874 1413 993 1456 legitur
1004 1413 1166 1456 scriptum.
1212 1413 1306 1445 Satiri
1317 1414 1405 1449 Gud-

88 1468 204 1500 Terenti
218 1465 336 1497 Medic.
352 1476 370 1496 a
381 1476 428 1496 m.
440 1476 489 1508 pr.

83 1603 204 1631 tamen
218 1592 257 1630 id
267 1591 600 1629 Grammaticorum
611 1603 712 1629 com-

84 1654 246 1691 mentum
257 1645 361 1682 valde
374 1645 537 1694 jejunum
556 1643 712 1680 videtur.

85 1695 237 1733 Scilicet
255 1699 365 1744 po'e'ta
391 1710 512 1733 aarum
542 1694 712 1745 simplici-

85 1756 143 1792 ter
160 1760 224 1799 pro
236 1757 361 1796 patera
377 1761 482 1784 aurea
499 1745 621 1783 dicere
645 1759 709 1796 po-¹

779 1591 875 1637 XII,
913 1605 984 1643 215·
1020 1594 1152 1641 viscera
1193 1595 1296 1630 vivis
1324 1593 1406 1632 Eri-

769 1649 885 1694 piunt,
911 1643 1140 1695 cumulantque
1164 1649 1310 1683 oneratis
1327 1645 1404 1683 lan-

773 1696 863 1734 cibus
879 1712 973 1734 aras.

831 1762 844 1785 1
853 1760 874 1796 9¹
883 1760 1044 1797 5—202.
1073 1746 1296 1786 observetur
1312 1761 1403 1798 prae-

85 1799 172 1845 test;
201 1798 290 1848 saepe
314 1797 385 1835 hoc
413 1810 486 1835 uno
521 1808 709 1835 contentus
774 1808 960 1850 ceptorum
980 1798 1018 1835 in
1033 1798 1091 1835 his
1105 1798 1231 1837 formis
1250 1799 1406 1837 variatio

87 1850 157 1895 ρᾶς
202 1849 402 1892 interdurn,
434 1858 473 1885 ut
504 1848 541 1885 h.
574 1849 616 1891 l.‚
644 1848 714 1886 hoc

85 1901 203 1952 ipsum
221 1899 436 1950 explicative
455 1900 715 1950 adponit,cum

88 1952 346 2006 generaliorem
390 1964 518 1990 vocem
557 1951 716 2002 primum

88 2002 270 2055 posuisset.
340 2002 517 2040 Similiter
560 2016 614 2043 res
646 2002 717 2040 sese

89 2054 198 2097 habet
217 2055 253 2091 in
279 2054 359 2092 aliis
387 2053 572 2107 exemplis.
632 2068 716 2105 193.

91 2105 302 2143 Tibicinem
318 2106 510 2143 Etruscum
531 2105 715 2144 sacrificiis

91 2157 298 2197 adhibitum
316 2157 431 2201 fuisse,
449 2157 505 2194 vel
533 2171 578 2194 ex
605 2158 715 2194 Livio

92 2210 222 2246 'notum
254 2210 314 2246 est.
374 2212 513 2260 pingui}
547 2209 587 2246 in
621 2208 716 2247 ludi-

91 2260 213 2298 brium
231 2260 349 2311 gentis
367 2260 504 2297 dicium
531 2261 600 2300 effe
616 2260 716 2298 vide-

92 2322 164 2349 tur.
185 2311 322 2348 Catull.
339 2311 558 2357 XXXVII,
583 2326 621 2350 11
646 2313 719 2352 Aac

86 2365 201 2414 pastus
219 2363 347 2401 Umber
357 2373 419 2400 aut
428 2363 532 2412 obesus
550 2364 639 2400 Etru
653 2378 718 2401 cus.

89 2414 196 2451 Nam
214 2415 260 2452 ad
277 2415 412 2451 buccas
432 2415 571 2453 inflatas
589 2414 721 2451 referre

95 2463 227 2503 nolim.
280 2464 463 2505 Habitum
483 2465 647 2516 corporis
675 2479 720 2503 ex

95 2516 252 2554 adsiduis
294 2514 552 2558 sacrificiorum
593 2516 722 2568 epulis,

96 2567 228 2618 quibus
244 2567 510 2605 adhibebantur
536 2569 721 2611 tibicinem

96 2619 267 2669 exprimi,
284 2631 356 2655 non
372 2618 465 2656 male
480 2618 621 2657 Servius
639 2630 722 2656 cen-

96 2669 208 2713 sebat.
261 2669 344 2707 ebur
358 2670 404 2706 est
424 2669 517 2707 tibia
534 2683 579 2707 ex
597 2670 719 2708 ebore.

97 2717 263 2761 ‘reddimus
275 2735 288 2758 .·
325 2721 466 2765 damus,
501 2720 574 2759 diis
603 2721 722 2759 offeri-

98 2786 188 2811 mus.
277 2773 468 2810 Sacrorum
504 2772 722 2811 vocabulum

98 2824 179 2870 effe,
201 2823 311 2864 etiarn
328 2823 468 2863 Servius
485 2834 600 2875 notat,
634 2824 722 2865 AEn.

779 1861 816 1887 et
832 1849 1008 1887 orationis
1023 1849 1141 1900 copia.
1196 1851 1259 1888 Ad
1278 1851 1408 1901 pascua

780 1901 982 1951 {eligendos
1013 1914 1119 1952 agros
1146 1902 1319 1940 saltuosos
1340 1903 1408 1940 esse

781 1963 817 1990 et
850 1952 1006 2005 irriguos
1038 1964 1173 1992 monet.
1228 1954 1406 2004 Exempla,

782 2018 878 2042 nunc
898 2004 936 2041 in
953 2004 1068 2055 ipsum
1087 2015 1305 2055 praeceptum
1323 2019 1410 2043 con-

784 2056 904 2093 vertit.
966 2060 1070 2101 tueri,
1100 2065 1142 2093 ut
1172 2056 1324 2101 servare,
1364 2070 1409 2095 eo

781 2107 896 2150 sensu,
923 2119 996 2157 quo
1030 2109 1077 2145 est
1110 2110 1265 2151 nutrire,
1299 2109 1408 2153 alere,

779 2158 901 2208 itaque
934 2166 970 2194 et
998 2159 1155 2210 pascere,
1195 2161 1267 2197 hoc
1298 2174 1334 2198 ν.
1371 2173 1408 2199 e.

779 2210 889 2247 etiarn
908 2209 1016 2248 Grat.
1036 2211 1179 2262 Cyneg.
1206 2213 1294 2261 306.
1321 2224 1408 2262 307.

781 2272 907 2300 urentes
936 2262 1028 2300 culta
1055 2264 1215 2312 capellas,
1243 2263 1411 2300 laedente:

784 2313 842 2350 seu
862 2312 992 2350 serrato
1009 2314 1117 2351 dente
1135 2314 1195 2351 seu
1220 2314 1348 2359 saliva,
1369 2325 1409 2351 ut

783 2365 1002 2403 exarescant.
1030 2365 1110 2403 vid.
1139 2365 1281 2417 Georg.
1308 2366 1343 2410 I,
1362 2379 1408 2418 77

783 2424 820 2460 et
839 2415 910 2453 inf.
944 2420 1031 2467 378.
1058 2430 1145 2470 379.
1161 2422 1321 2467 saturum
1339 2418 1411 2455 Ta-

785 2477 910 2505 rentum
927 2467 1075 2518 propter
1101 2469 1277 2519 insignem
1303 2482 1412 2519 agro-

786 2531 865 2556 rum
898 2519 1096 2557 ubertatem
1139 2521 1229 2568 (vid.
1278 2519 1413 2558 Horat.

786 2570 912 2608 Carm.
931 2570 986 2615 Π,
1015 2571 1055 2615 6,
1075 2584 1121 2609 10
1138 2571 1230 2622 sqq.)
1247 2587 1257 2617 3
1285 2585 1306 2610 a
1323 2585 1410 2610 con·

787 2621 975 2672 sequenti3
1002 2632 1043 2659 ut
1068 2626 1223 2676 pinguis,
1267 2632 1303 2660 et
1338 2636 1415 2672 224

786 2674 885 2710 dives
915 2673 1053 2723 Capua.
1124 2675 1279 2712 Illustrat
1312 2675 1414 2712 usum

784 2723 938 2774 epitheti
976 2724 1159 2764 Heinsius.
1220 2725 1333 2777 long-in
1354 2742 1414 2771 ua,

785 2775 1004 2825 longinquos
1032 2788 1151 2826 agros,
1213 2782 1298 2827 198.
1359 2777 1414 2814 lo-

787 2835 866 2865 tum
884 2839 928 2864 ex
966 2827 1048 2868 Eel.
1076 2827 1096 2865 Ι
1124 2837 1354 2881 argumento,
1380 2838 1418 2866 et

890 2891 913 2930 5
1333 2879 1413 2919 Ecl.

899 2931 903 2947 l
