1987 3361
459 321 576 353 val
797 299 911 348 DE
979 293 1407 345 VIRGILII

457 440 727 496 AEneidem,
751 435 914 484 multis
946 431 1193 494 scripturae
1219 427 1533 491 compendiiS‚
1563 438 1611 474 et
1634 428 1771 476 valde

456 525 624 574 vitiose
647 534 875 576 exaratus,
894 513 1307 579 frequentibusque
1324 510 1476 558 lituris
1497 521 1545 557 et
1568 509 1771 557 indoctis

457 606 870 657 emendationibus
905 601 1070 666 paffim
1116 597 1442 661 interpolatus.
1523 593 1600 643 Ad
1645 593 1775 642 XIII

459 705 618 739 tamen
635 690 706 735 vel
722 686 843 735 XIV
861 684 1089 731 saeculum
1108 681 1357 744 adsurgere
1375 676 1472 743 ejus
1489 689 1600 725 aetas
1622 676 1776 725 videri

458 774 627 840 potest.
696 771 802 819 Hos
838 781 929 816 tres
964 766 1105 814 codd.
1149 763 1447 826 comparavit
1481 774 1527 809 et
1560 760 1776 810 leffionis

459 857 736 904 varietatem
761 852 819 899 ad
845 849 1113 912 marginem
1137 846 1252 893 edit.
1289 844 1514 907 Gotting.
1547 841 1780 905 excerpfit
1824 868 1831 872 -

462 939 535 999 J0.
569 937 648 984 Ge.
674 934 856 994 Messa,
889 932 973 977 illo
1002 942 1219 992 tempore
1252 927 1423 989 (1766)
1451 926 1659 990 juvenis,
1693 927 1779 973 Se-

463 1020 651 1069 minarii
687 1014 969 1081 philologici
1008 1011 1223 1059 sodalitio
1259 1009 1542 1072 adscriptus,
1567 1025 1693 1056 nunc
1729 1011 1781 1057 in

464 1101 727 1152 Academia
761 1096 1037 1160 Erlangenfi
1072 1093 1397 1141 Historiarum
1447 1093 1680 1140 Profeffor
1723 1092 1784 1140 de

465 1187 633 1234 litteris
658 1182 890 1231 historicis
915 1176 1248 1232 meritisfimuS,
1273 1174 1486 1238 Principi
1507 1174 1784 1223 Marchioni

467 1267 735 1317 Brandenb.
756 1282 781 1311 a
805 1262 947 1310 Cons.
973 1260 1064 1307 aul.

533 1348 787 1396 Obtulerat
808 1343 928 1391 mihi
945 1341 1069 1389 haud
1094 1340 1276 1405 vulgari
1295 1339 1601 1387 humanitatis
1619 1356 1785 1387 exem-

469 1434 569 1497 plo,
612 1447 697 1478 nec
744 1428 1026 1492 appellatus,
1075 1426 1242 1482 Saxins,
1287 1436 1615 1472 conterraneus
1653 1441 1786 1471 meus

475 1526 609 1581 (nam
634 1517 683 1563 in
705 1515 871 1562 ilsdem
896 1511 1269 1560 Cliemnicienfis
1295 1510 1381 1556 soli
1415 1508 1540 1571 apud
1577 1507 1788 1553 Misenos

474 1601 665 1656 finibus,
689 1600 738 1645 in
761 1596 931 1659 quibus
958 1594 1047 1641 Ge.
1076 1593 1318 1639 Fabricius
1343 1603 1478 1638 natus
1503 1601 1614 1646 erat,
1631 1590 1790 1636 lucem

472 1697 668 1745 uterque
691 1676 1033 1741 adspeximus),
1052 1674 1314 1737 Virgilium
1330 1674 1554 1719 varietate
1572 1670 1790 1718 lectionis

473 1762 769 1816 instrusstum,
787 1774 932 1821 quam
949 1774 1006 1803 ex
1022 1756 1319 1819 autographo
1338 1755 1565 1803 Coi-tiano
1582 1754 1702 1800 olim
1719 1753 1795 1800 vir

475 1842 762 1894 doffiffimus
786 1837 1105 1901 adscripserat.
1175 1836 1290 1882 Erat
1313 1835 1393 1882 illa
1408 1851 1464 1882 ex
1490 1835 1587 1882 XV
1609 1835 1794 1883 codici..

475 1929 563 1975 bus
591 1923 825 1988 congesta,
853 1938 972 1983 quos
996 1933 1155 1966 tamen
1193 1919 1358 1965 Cortius
1391 1935 1488 1964 non
1519 1934 1686 1965 omnes
1719 1919 1798 1965 in..

475 2007 673 2074 spexiffe
720 2004 872 2052 videri
919 2002 1076 2059 debet,
1129 2014 1304 2064 praeter
1339 2000 1798 2063 Guelpherbytanos‚

478 2110 595 2158 quos
620 2091 678 2138 ad
695 2090 739 2137 se
756 2086 914 2134 miffos
938 2085 1281 2132 eumffiabuiffe
1301 2083 1548 2148 probabile
1568 2082 1639 2129 fit.
1679 2080 1801 2129 Cor-

478 2178 603 2226 tium
637 2172 842 2235 Virgilio
879 2167 1165 2216 recensendo
1214 2168 1431 2214 animum
1462 2165 1706 2229 appuIiffe,
1739 2181 1798 2211 ex

483 2257 726 2308 Thesauro
751 2255 819 2301 La
854 2252 1090 2299 Croziano
1114 2266 1284 2297 noram
1318 2249 1464 2295 Tom.
1500 2247 1538 2304 I,
1571 2263 1682 2309 pag.
1723 2250 1798 2294 88.

485 2341 684 2389 Codices
707 2348 883 2393 autem,
905 2351 1111 2398 quorum
1132 2333 1395 2381 variantem
1414 2329 1671 2378 lecstionem
1684 2344 1803 2376 con-

484 2420 743 2484 scripserat,
767 2418 817 2464 hi
842 2428 1002 2464 erant:

559 2522 598 2553 Ι.
635 2507 778 2552 Vetus
805 2503 1024 2549 Gudianus
1051 2500 1131 2562 (de
1152 2516 1248 2562 quo
1270 2498 1371 2562 sup.
1388 2515 1438 2561 p.
1463 2513 1485 2561 5
1494 2501 1568 2561 3).

556 2605 599 2635 2.
636 2587 773 2633 Alius
813 2584 1032 2631 Gudianus
1075 2580 1286 2646 ejusdem
1332 2582 1485 2629 aetatis
1525 2593 1573 2627 et
1617 2580 1801 2636 formae,

492 2668 577 2715 nisi
599 2668 727 2730 quod
755 2667 925 2713 litterae
949 2664 1175 2711 vetustate
1202 2663 1375 2711 attritae
1400 2662 1568 2726 paffim
1599 2675 1804 2708 evanue-

494 2763 618 2800 runt.
690 2751 869 2812 Incipit
893 2766 1005 2796 cum
1030 2749 1212 2813 Georg.
1240 2748 1322 2805 IV,
1348 2763 1410 2810 70
1433 2759 1479 2794 et
1501 2745 1664 2794 deficit
1688 2743 1801 2791 AEn.

498 2834 562 2891 X,
589 2848 695 2895 123.
744 2832 951 2880 Notatur
974 2832 1094 2881 inter
1125 2831 1372 2880 Gudianos
1396 2830 1491 2878 No,
1529 2842 1617 2890 107
1645 2826 1771 2891 (66).

786 2929 810 2977 5
1559 2924 1606 2973 3.
1641 2907 1807 2958 Etiam
