1987 3361
374 318 638 372 NOVAE
693 314 1162 369 EDITIONIS.
1289 332 1415 368 xvn

108 462 239 515 dum
270 461 505 513 criticam
549 459 886 512 subtilitatem
938 456 1182 528 sequeriS,
1225 453 1417 514 videre,

107 555 236 628 quid
256 573 320 606 ex
341 554 560 626 poeticae
581 551 826 605 orationis
848 550 1004 621 genio
1029 552 1183 619 poeta
1205 546 1415 609 dixerit,

108 646 345 718 quidque
382 641 753 716 phantasmatis
787 639 986 712 poetici
1032 639 1160 690 ratio
1195 637 1419 709 objicere

106 737 217 807 ejus
262 737 438 788 animo
487 734 751 786 debuerit:
819 751 978 793 nune,
1021 732 1196 782 minus
1257 748 1418 801 quam

105 841 270 889 antea,
311 822 500 879 criticis
546 824 630 877 seu
667 823 1018 896 grammaticis
1046 820 1418 873 subtilitatibus

104 918 410 990 implicitus,
450 917 686 969 animum
712 914 950 967 liberiore
975 912 1124 966 cursu
1165 914 1232 965 ad
1263 912 1419 983 ipsum

98 1015 290 1080 poeitam
317 1008 537 1068 intendi,
577 1021 635 1059 ut
661 1008 817 1058 totius
845 1005 1086 1056 carminis
1115 1001 1418 1073 descriptio-

105 1119 246 1162 nem,
287 1101 518 1172 partium
542 1094 868 1157 consensum,
911 1096 1249 1147 inventorum
1296 1091 1419 1145 fon-

105 1203 230 1252 tem,
271 1203 321 1241 et
364 1189 589 1241 inventis
634 1186 814 1240 utendi
857 1198 1041 1245 artem,
1083 1182 1417 1255 phantasma-

105 1295 217 1335 tum
243 1283 577 1355 poeticorum
609 1294 658 1332 et
699 1280 952 1334 rationem
971 1290 1021 1328 et
1055 1276 1418 1328 auctoritatem

104 1386 417 1425 excuterem.
499 1372 682 1443 Itaque
708 1370 851 1421 nulla
879 1366 1027 1419 facile
1052 1366 1244 1437 pagina
1268 1385 1419 1417 man-

106 1464 165 1517 sit
197 1465 409 1525 intacta,
451 1464 580 1535 quin
616 1480 799 1514 manus
844 1458 1168 1511 emendatrix
1206 1457 1416 1509 accede-

105 1571 199 1618 ret,
241 1558 340 1609 alia
371 1556 646 1608 recidendo
691 1555 788 1607 alia
833 1551 1123 1624 supplendo
1161 1547 1246 1601 seu
1296 1548 1418 1601 sub-

103 1648 380 1701 stituendo,
459 1648 603 1699 Cum
631 1645 890 1697 summam
913 1644 1219 1695 brevitatem
1246 1641 1300 1693 in
1334 1642 1418 1693 in-

105 1741 465 1812 terpretatione
507 1738 826 1811 sequendam
866 1735 963 1788 effe
1003 1734 1268 1787 viderem:
1313 1734 1418 1785 cla-

103 1833 309 1885 ritatem
335 1844 509 1883 tamen
534 1843 582 1882 et
609 1828 1031 1902 perspicuitatem
1058 1845 1179 1878 cum
1206 1845 1264 1877 ea
1288 1846 1419 1879 con-

95 1922 336 1994 junctam
377 1921 475 1973 effe
517 1922 681 1975 volui.
762 1919 920 1990 Qod
965 1918 1002 1969 fi
1047 1917 1110 1968 ad
1163 1917 1414 1980 Cerdam,

104 2014 406 2075 Heinfium‚
437 2016 798 2066 Burmannum
822 2023 872 2062 et
898 2011 1026 2061 alios
1054 2007 1284 2068 remittO,
1313 2005 1417 2059 hoc

101 2127 209 2160 non
261 2126 358 2178 pro
407 2106 584 2159 inutili
635 2105 790 2157 citato
842 2100 1169 2161 habendum,
1230 2117 1414 2153 verum

103 2200 436 2274 quaerendam
469 2198 544 2251 ibi
574 2196 670 2250 effe
698 2196 1064 2267 exemplorum
1091 2192 1300 2264 copiam
1326 2189 1416 2245 seu

99 2294 396 2346 ulteriorem
421 2290 824 2344 declarationem
844 2287 976 2360 erS,
1017 2285 1160 2358 quod
1182 2284 1415 2338 summa-

100 2386 199 2438 tim
223 2397 429 2438 tantum
468 2383 716 2457 apposui3
758 2400 852 2433 nec
889 2380 1032 2432 enim
1066 2379 1137 2431 ita
1179 2378 1415 2449 ablegavi

99 2478 165 2531 ad
190 2478 336 2538 alios,
379 2478 510 2549 quin
533 2475 640 2549 ipse
665 2494 775 2528 rem
800 2486 851 2526 et
884 2472 1147 2525 summam
1172 2468 1412 2522 observa·

99 2570 255 2622 tionis
281 2587 625 2641 apponerem:
658 2565 789 2619 nihil
814 2565 957 2618 enim
980 2561 1078 2615 effe
1101 2559 1265 2633 potest
1293 2578 1416 2612 mo-

99 2659 295 2720 lestius,
336 2677 516 2731 quam,
556 2656 646 2709 ubi
682 2658 738 2709 in
775 2655 912 2707 notis
951 2653 1182 2706 virorum
1222 2649 1410 2702 docto-

99 2771 215 2804 rum
261 2750 324 2803 ad
375 2751 605 2822 aliquam
651 2748 1013 2801 difficultatem
1075 2740 1328 2801 offendas,
1371 2739 1408 2793 fi

94 2841 230 2895 nihil
257 2842 399 2895 aliud
427 2842 602 2896 videas
643 2840 980 2912 adscriptum,
1021 2853 1185 2910 quam
1221 2832 1407 2886 viden-

172 2934 340 2987 TOM.
371 2951 415 2989 1.
858 2929 895 2982 b
1279 2922 1407 2984 dum
