1821 3381
332 286 862 344 GEORGICON,
918 283 1070 332 LIB.
1114 280 1154 328 I.

1322 295 1412 342 279

112 426 241 474 Tum
266 422 470 487 liquidas
493 419 625 468 corvi
647 416 795 481 presso
820 427 889 462 ter
909 425 1099 477 gutture
1123 426 1262 456 voces
1314 423 1410 467 410

110 517 212 565 Aut
233 526 398 578 quater
421 511 745 575 ingeminant;
781 519 826 553 et
850 505 973 569 saepe
995 501 1232 551 cubilibus
1255 499 1380 555 altis,

110 602 286 651 Nescio
308 619 400 666 qua
421 611 595 664 praeter
618 597 808 644 solitum
832 596 1081 642 dulcedine
1103 593 1219 649 laeti,

109 695 239 742 Inter
260 692 306 739 se
330 692 456 738 foliis
480 689 722 752 strepitant
736 711 750 742 ;
777 687 914 751 juvat
938 686 1169 733 imbribus
1204 684 1317 731 actis

111 784 398 849 Progeniem
421 797 618 846 parvam
641 778 885 842 dulcisque
909 776 1105 824 revisere
1132 776 1284 822 nidos.

111 876 257 923 Haud
275 874 495 938 equidem
519 874 675 930 credo,
709 872 820 935 quia
841 871 897 918 fit
921 869 1149 917 divinitus
1174 867 1264 914 illis
1321 879 1410 928 415

112 966 383 1031 Ingenium,
416 976 496 1012 aut
516 980 671 1012 rerum
695 962 791 1009 fato
813 960 1067 1025 prudentia
1088 957 1266 1022 major:

157 1134 232 1164 410.
260 1125 326 1158 Cum
349 1125 466 1165 liquidas
489 1124 572 1154 Ven.

113 1176 260 1218 Ingeminat
276 1177 357 1217 Reg.
376 1186 394 1205 a
410 1186 452 1205 m.
465 1185 511 1216 pr.

114 1228 191 1259 alias
206 1229 319 1270 po'e'tae.
365 1227 426 1258 Sed
441 1237 474 1257 v.
492 1225 549 1256 inf.
565 1226 621 1261 IV,
644 1234 697 1263 55.

654 1122 742 1164 prffl
762 1135 775 1151 ε

776 1123 838 1151 orvi
864 1123 980 1151 Moret.
1013 1119 1236 1155 sec.——411.
1262 1117 1354 1158 Atque
1379 1122 1420 1145 ier

602 1182 677 1211 412.
698 1174 829 1203 dulcedine
843 1174 916 1213 capti
932 1173 1060 1211 Menag.
1079 1178 1110 1200 et
1123 1169 1224 1200 Goth.
1243 1168 1375 1209 primus,
1388 1172 1420 1196 ut

788 1232 863 1261 413.
889 1225 916 1252 in
927 1223 1011 1263 soliis
1038 1220 1152 1251 Medic.
1183 1219 1267 1250 Gud.
1282 1219 1331 1249 sex
1348 1217 1423 1254 alii;

117 1282 196 1312 item
228 1281 406 1316 Romanus,
428 1278 545 1309 Medic.
578 1276 676 1307 Pierii
711 1286 783 1306 cum
810 1275 896 1312 aliis3
920 1270 976 1304 nec
1003 1282 1067 1302 non
1093 1280 1157 1302 tres
1181 1271 1263 1312 apud
1290 1269 1423 1300 Martin.

103 1332 255 1376 strepitant
260 1332 344 1372 foliis
362 1332 479 1362 Moret.
498 1339 589 1360 unus.
634 1330 767 1369 crepitant
791 1326 882 1358 Leid.
909 1325 1000 1362 alter,
1022 1323 1106 1366 quod
1128 1323 1199 1354 sane
1216 1330 1246 1352 et
1260 1320 1362 1363 ipsum
1378 1319 1426 1351 di-

115 1383 210 1421 citur,
231 1389 267 1413 ut
282 1392 333 1423 ap.
348 1381 466 1411 Avien.
484 1391 518 1422 p.
540 1387 602 1411 122
618 1379 650 1409 in
666 1378 725 1410 hac
741 1378 805 1419 ipsa
820 1388 864 1408 re.

426 1439 500 1470 415.
524 1429 670 1460 Reiikius
693 1429 855 1471 eleganter
879 1427 960 1468 conj.
989 1428 1080 1457 Haud
1105 1427 1238 1466 (equidem
1253 1426 1346 1464 credo)
1363 1427 1428 1465 quia

115 1441 191 1466 natos
206 1432 335 1464 Vratiss.

955 1385 1029 1414 414.
1052 1382 1076 1404 et
1091 1376 1175 1404 dulces
1190 1375 1306 1414 invifi’re
1315 1374 1424 1403 Franc.

105 1488 149 1530 fit
164 1487 284 1516 divinius
299 1486 355 1515 illis
371 1486 535 1527 Ingenium;
562 1490 594 1513 et
610 1481 750 1523 sequitur
765 1485 866 1523 major.
911 1479 1015 1509 Video
1037 1479 1069 1509 in
1094 1478 1179 1508 idem
1195 1476 1331 1518 hocjam
1351 1475 1429 1507 alios

118 1537 204 1569 viros
229 1537 340 1568 doc‘leos
364 1534 503 1567 incidiffe
526 1535 575 1576 (in
602 1534 677 1576 Hss.
704 1536 733 1563 de
755 1534 869 1563 l'Acad.
894 1533 935 1560 des
951 1531 1189 1571 Instript.Tom.
1209 1528 1371 1564 XXXlV‚
1395 1538 1426 1569 p.

120 1589 193 1622 168.
215 1588 305 1630 169),
329 1588 427 1619 etiam
443 1589 494 1629 Jo.
517 1585 737 1616 Schraderum.
781 1586 828 1614 Ex
843 1582 968 1624 vulgari
984 1581 1119 1612 leetione
1136 1580 1179 1610 est
1194 1578 1403 1620 supplendum
1417 1591 1425 1610 ·.

120 1642 214 1673 Haud
233 1642 348 1684 equidem
369 1642 445 1672 credo
468 1638 529 1671 hoc
550 1637 594 1670 ita
617 1635 697 1673 fieri,
721 1636 844 1677 quiastt.

118 1692 207 1726 Toll.

115 1837 213 1874 gens,
238 1836 336 1874 quam
354 1829 423 1857 etc.
477 1818 534 1856 Ita
560 1819 584 1855 fi
603 1819 743 1862 statuas,

119 1875 251 1911 cauffas
276 1886 321 1910 ex
338 1871 412 1923 ipsa
430 1870 481 1908 rei
501 1879 627 1907 natura
652 1869 743 1920 peti-

119 1936 171 1963 tas
186 1935 316 1962 teneaS.

172 1990 262 2026 410.
280 1975 413 2012 Aratus
430 1972 522 2011 ibid.
552 1987 587 2010 v.
618 1985 744 2023 271—

122 2041 211 2080 277‚
238 2026 298 2064 sed
325 2024 503 2063 disertius.
549 2026 743 2074 prffgztt-

119 2092 207 2123 ture,
235 2078 429 2120 cometam,
469 2085 575 2112 acuto
623 2084 744 2118 cantu,

121 2132 304 2182 clangore,
339 2131 602 2175 λι-γοιινομένοισ-ιν
635 2129 745 2173 ὁμοῖοι.

122 2198 215 2220 voces
247 2181 380 2232 liquidae
420 2192 552 2229 oppon.
606 2177 743 2215 raucis:

121 2234 250 2285 quibus
273 2245 400 2269 corvus
427 2229 557 2267 imbres
575 2231 660 2268 alias
685 2228 746 2265 de-

122 2284 287 2323 nuntiat:
316 2283 366 2320 cf.
406 2281 496 2318 Plin.
515 2281 541 2319 1.
570 2295 603 2320 e.
659 2295 749 2331 412.

124 2337 252 2385 Xaigm
267 2339 299 2372 κε’
314 2352 365 2372 τις
383 2333 534 2371 idam-ro
553 2333 645 2370 ibid.
662 2346 749 2382 274.

121 2391 319 2439 voluptate,
331 2385 476 2437 gaudio.
490 2383 588 2422 conf.
601 2384 666 2421 inf.
677 2383 751 2427 IV,

126 2454 188 2493 55.
206 2438 363 2476 imbribus
379 2443 476 2480 allis,
502 2435 648 2478 exafiis,
671 2435 750 2472 fini-

123 2493 184 2537 tis,
226 2488 479 2530 desinentibus,
530 2488 752 2524 Burmannus

124 2541 325 2594 exponebat
338 2556 348 2586 3
395 2552 533 2584 vereor,
587 2551 631 2575 ne
663 2537 748 2574 hinc

126 2605 244 2633 tenuis
272 2605 379 2629 nimis
421 2600 515 2628 ratlo
555 2599 751 2627 exonatur.

126 2646 263 2684 Melius
281 2650 378 2686 abiis,
405 2641 555 2686 abactis,
580 2640 700 2692 pulsis.

179 2711 222 2747 41
234 2711 271 2747 5.
291 2694 381 2731 Non
398 2694 468 2730 hoc
486 2706 547 2730 eos
565 2702 751 2744 propterea

932 1633 1006 1671 416.
1017 1635 1103 1674 sabio
1120 1634 1230 1662 Franc.
1244 1633 1314 1673 fato
1337 1643 1427 1661 rerum

808 1817 1131 1866 Pythagoreorum,
1158 1814 1428 1850 Platonicorum

807 1883 847 1906 ac
865 1869 1067 1905 Stoicorum
1082 1865 1224 1917 placitis
1234 1875 1318 1914 pars
1335 1865 1427 1900 divi-

808 1937 863 1957 πώ
897 1926 1010 1957 mentis
1039 1929 1069 1954 et
1102 1917 1234 1966 haustus
1284 1916 1429 1959 aetherii‚

809 1982 847 2008 ut
878 1971 950 2013 IV,
987 1983 1073 2019 219.
1112 1982 1203 2011 220,
1232 1967 1296 2004 vbi
1328 1965 1428 2010 vide,

807 2023 906 2061 conf.
938 2022 1071 2059 Cicero
1088 2021 1133 2057 de
1152 2019 1277 2056 Divin.
1303 2018 1336 2061 I,
1365 2031 1430 2067 49,

807 2074 833 2111 s.
859 2088 941 2111 110.
974 2087 1016 2125 53
1038 2086 1109 2123 pn,
1137 2082 1198 2109 aul
1222 2087 1331 2108 rerum
1346 2081 1428 2119 pru-

808 2128 920 2163 dentia
936 2128 1044 2172 major
1046 2129 1143 2175 fato,
1169 2123 1209 2160 h.
1245 2135 1353 2172 quam
1377 2121 1431 2156 fa-

809 2187 901 2219 tum,
919 2177 1084 2213 haetenus
1102 2174 1252 2216 scilicet,
1271 2182 1324 2216 ut,
1341 2172 1431 2223 quid

810 2228 971 2265 futurum
1000 2227 1042 2263 fit
1083 2226 1172 2270 fato,
1199 2225 1263 2276 ipfi
1307 2223 1431 2274 praevi·

813 2280 918 2316 deant
948 2289 983 2316 et
1010 2278 1255 2330 praesentiant:
1286 2275 1434 2312 Scilicet

813 2330 901 2368 solet
918 2330 978 2375 iis,
1005 2329 1067 2379 qui
1098 2327 1289 2366 divinandi
1318 2328 1434 2364 facul-

814 2392 922 2419 tatem
971 2381 1118 2424 habent,
1171 2380 1318 2430 potestas
1369 2378 1435 2415 ali-

814 2447 884 2485 qua
929 2442 964 2470 et
1006 2432 1197 2483 imperium
1236 2432 1275 2468 in
1322 2430 1436 2467 fatum

814 2485 958 2536 poetica
991 2484 1129 2522 ratione
1172 2482 1300 2520 tribui.
1356 2482 1435 2518 Nec

812 2548 931 2574 tamen
967 2536 1096 2578 habeo,
1146 2536 1244 2584 quod
1291 2534 1437 2570 alteram

816 2588 990 2626 rationem
1040 2586 1309 2637 reprehendam,
1353 2585 1439 2634 quia

816 2653 933 2677 rerum
958 2637 1146 2690 prudentia
1174 2637 1287 2686 major
1315 2638 1439 2686 (quam

816 2692 855 2728 in
872 2691 1079 2729 hominibus
1105 2689 1171 2725 effe
1201 2687 1303 2735 solet)
1335 2687 1380 2724 iis
1398 2687 1438 2724 fit

127 2749 246 2787 facere
263 2745 378 2784 videri
404 2745 471 2790 ait,
499 2744 585 2795 quia
614 2743 686 2781 illis
702 2745 752 2781 di-
804 2747 901 2794 fato,
928 2753 967 2780 ut
989 2752 1085 2786 ante,
1112 2743 1291 2784 divinitus,
1317 2752 1339 2776 a
1362 2737 1440 2776 fato

129 2806 258 2839 vinitas
278 2799 331 2848 fit
363 2803 545 2849 ingenium,
573 2796 610 2834 h.
641 2808 674 2834 e.
707 2807 752 2832 ex

816 2794 913 2832 data.

1357 2853 1443 2893 4¹7·
