1987 3361
400 261 872 332 conminus
933 276 1077 326 MSS.
1252 293 1396 326 mn

77 443 200 482 ‚anus
225 420 452 476 AsterIus‚
487 417 572 481 qui
607 430 733 462 anno
758 411 935 459 Christi
967 428 1064 475 494
1093 409 1404 457 Consulatum

87 508 236 575 gestit,
270 519 317 554 et
352 522 378 552 e
407 502 543 566 cujus
575 497 845 545 recensione
879 494 1097 541 Sedulius
1127 493 1404 539 emendatus

91 589 290 639 Rhemis
313 586 534 634 servatur.
603 580 714 627 Vid.
734 580 794 627 de
818 580 909 625 hoc
935 578 1038 623 viro
1060 574 1219 622 Noris.
1247 574 1406 620 Ceno-

90 671 221 734 taph.
248 668 339 716 Pis.
366 682 478 729 pag.
519 663 631 724 446.
705 661 970 709 Tillemont
1010 657 1123 718 Hzst.
1159 659 1231 703 des
1271 656 1403 718 Emp.

92 753 154 800 T.
197 752 282 809 IV,
315 766 420 812 cap.
468 751 540 795 18.
613 743 867 792 Fontanini
893 742 1020 788 Hist.
1060 741 1149 787 litt.
1191 740 1403 803 Aquilei.

94 851 206 899 pag.
246 838 341 894 234
380 831 480 894 sqq.
539 827 777 876 Relandus
821 825 942 872 Fast.
988 823 1126 869 Cons.
1167 824 1226 870 ad
1264 840 1304 869 a.
1345 823 1402 868 C.

93 932 206 977 494.
245 913 497 959 Wilthem.
536 910 668 973 App.
714 908 774 955 ad
826 907 1059 969 Diptych.
1103 906 1253 954 Leod.
1301 904 1406 970 (ubi

93 996 212 1042 alius
259 993 446 1040 Flavius
486 991 717 1053 Astyrius,
751 988 835 1052 qui
878 989 939 1035 A.
990 988 1045 1033 C.
1089 1006 1183 1051 449
1233 986 1408 1034 Consul

97 1075 205 1133 fuit,
239 1076 524 1129 illustratum
575 1074 701 1120 hunc
741 1071 989 1118 Asturium
1040 1071 1279 1118 diversum
1318 1069 1410 1116 effe

96 1175 122 1204 a
144 1158 301 1205 nostro
324 1156 525 1213 Asterio‚
559 1171 710 1218 nuper
735 1153 911 1199 iterum
935 1152 1099 1199 docuit
1122 1151 1409 1198 doetiffimus

98 1238 262 1285 Saxius
296 1239 342 1285 in
369 1237 677 1284 Onomastico
713 1252 761 1299 p.
799 1236 915 1298 494)
954 1234 1067 1281 Nic.
1106 1234 1274 1280 Heins.
1312 1234 1340 1280 Ι,
1378 1235 1409 1279 i.

98 1318 209 1380 Jam
241 1335 352 1366 cum
381 1316 478 1384 ejus
509 1318 690 1367 diversa
715 1335 742 1365 a
771 1319 950 1380 reliqua
983 1317 1210 1379 scriptura
1245 1332 1411 1362 manus

94 1400 173 1458 fit,
223 1414 271 1448 et
307 1403 473 1460 codex,
519 1418 667 1466 quem
712 1398 1066 1446 emendandum
1117 1397 1414 1461 suscipiebat,

94 1484 198 1549 jam
221 1487 416 1534 antehac
444 1487 644 1550 scriptus
667 1485 755 1531 effe
779 1483 1013 1539 debuerit,
1047 1481 1105 1528 ad
1133 1482 1239 1528 saec.
1268 1481 1335 1528 IV
1367 1493 1413 1526 et

101 1568 374 1614 remotiores
405 1569 522 1614 adeo
546 1568 654 1614 saec.
685 1567 732 1613 H
764 1581 910 1612 annos
936 1576 1128 1610 aetatem
1163 1564 1258 1627 ejus
1295 1562 1416 1627 rejea

105 1662 212 1693 cere
243 1647 331 1694 viri
367 1647 492 1695 docti
528 1646 743 1694 Norifius
782 1647 812 1692 1.
855 1645 886 1691 l.
925 1658 969 1691 et
1010 1644 1245 1691 Bottarius
1277 1644 1413 1708 praef.

106 1728 232 1774 laud.
273 1745 322 1791 p.
348 1728 453 1779 .IV.
525 1728 658 1794 Qid
694 1741 854 1774 tamen
894 1727 928 1772 ii
968 1726 1295 1787 reponendum
1334 1728 1418 1772 ha·-

104 1809 261 1868 beant,
285 1811 372 1875 ipfi
397 1812 613 1868 viderint,
637 1810 671 1857 fi
701 1810 806 1874 quis
830 1826 942 1856 cum
967 1809 1058 1856 PP.
1086 1810 1419 1865 Benediftinis,

107 1910 201 1942 non
234 1895 371 1943 facile
395 1896 480 1943 nifi
504 1896 768 1942 admodum
796 1910 955 1940 recens
984 1892 1213 1956 scriptum
1242 1893 1420 1940 librum.

107 1978 400 2025 emendatori
430 1978 658 2025 traditum
684 1976 834 2033 fuiffe,
868 1975 1122 2022 contendat
1141 1998 1152 2028 3
1188 1991 1284 2038 quo
1318 1976 1419 2038 ipso

110 2060 314 2108 efficitur
361 2061 466 2118 hoc,
517 2073 570 2108 ut
609 2077 704 2107 non
747 2059 833 2106 nifi
878 2059 1004 2105 circa
1042 2058 1188 2103 finem
1234 2057 1338 2104 saec.
1379 2059 1420 2105 V

111 2153 356 2188 exaratum
394 2157 504 2188 eum
533 2141 752 2188 codicem
795 2139 986 2186 credere
1018 2137 1083 2183 fas
1110 2137 1178 2184 sit.
1249 2138 1421 2202 Ouid?

108 2224 258 2285 quod,
293 2223 379 2270 nifi
431 2224 674 2287 scripturae
724 2222 963 2269 character
1006 2220 1333 2277 intercederet,
1366 2236 1424 2266 ex

114 2307 455 2371 subscriptione
491 2309 571 2355 illa
610 2324 669 2355 ne
712 2308 801 2354 hoc
843 2307 1040 2369 quidem
1073 2317 1175 2352 tuto
1213 2320 1427 2367 pronun-

115 2391 232 2438 tiare
249 2392 400 2455 posfis.
449 2393 610 2440 Solent
634 2393 763 2439 enim
786 2392 861 2437 hae
884 2387 1248 2451 subscriptiones
1263 2401 1428 2433 emen-

116 2474 339 2522 datorum
370 2476 420 2522 in
454 2476 563 2538 ipfis
601 2475 899 2539 sequentium
928 2472 1232 2519 librariorum
1265 2486 1430 2516 exem-

116 2561 344 2624 plaribus,
377 2576 485 2623 quae
523 2562 618 2608 istis
656 2558 1038 2607 emendatoribus
1076 2556 1230 2602 multo
1267 2570 1430 2601 recen-

116 2645 238 2692 tiora
261 2644 382 2701 sunt,
415 2645 566 2707 repeti
586 2668 597 2698 ;
633 2660 730 2706 quo
754 2642 855 2706 ipso
878 2641 1033 2688 omnis
1058 2655 1219 2686 earum
1244 2638 1360 2684 fides
1383 2650 1431 2684 et

117 2727 368 2773 auctoritas
398 2726 685 2790 infringitur.
733 2726 971 2787 Exempla
988 2722 1085 2787 ejus
1106 2722 1186 2777 rei,
1210 2736 1268 2766 ne
1288 2721 1336 2766 in
1361 2719 1431 2764 his

118 2807 395 2867 haereamUS,
426 2822 557 2873 petat
589 2810 758 2871 aliquis
793 2825 836 2854 v.
880 2823 920 2853 c.
978 2822 1035 2851 ex
1086 2803 1335 2850 Wiithcrn.
1375 2797 1433 2844 ad

1199 2880 1432 2946 Diptyth.
