1821 3381
326 321 415 370 492

520 305 573 352 P.
623 307 1005 356 VIRGILII
1055 308 1448 361 MARONIS

327 448 504 509 Jugcra
529 445 644 491 ruris
666 456 829 491 erant:
867 461 951 491 nec
977 445 1146 493 fertilis
1172 448 1250 495 illa
1265 448 1498 511 juvencis,

323 538 426 584 Nec
445 535 606 599 pecori
620 546 887 596 opportuna
901 533 1044 598 segeS,
1058 550 1142 581 nec
1162 538 1418 585 commoda
1435 542 1639 588 Baccho.

323 631 424 679 Hic
441 645 599 676 rarum
614 639 770 674 tamen
789 630 838 673 in
854 626 1012 673 dumis
1027 626 1128 673 olus
1145 626 1341 690 albaque
1352 629 1534 676 circum
1550 646 1565 676 1
1576 646 1642 692 30

364 790 436 822 129.
456 780 510 811 Nc„-
528 780 622 810 Cereri
637 777 768 810 Salmas.
787 779 896 808 Exere.
912 775 999 808 Plin.
1016 787 1051 819 p.
1070 776 1133 818 366
1150 776 1277 817 laudat;
1307 778 1472 810 memoriae
1489 779 1530 810 sc.
1546 778 1638 810 vitio.

320 849 401 856 ——
413 840 483 870 130.
508 831 568 861 Hic
590 831 711 869 (rarum
726 831 763 869 J)
792 831 820 858 in
836 830 935 866 dumis,
957 827 1251 870 interpungendum
1268 829 1425 871 conjedtat
1443 831 1565 867 Burm,
1589 829 1643 861 sed

318 882 389 912 vid.
407 883 485 914 Not.
530 883 609 912 Hinc
622 880 702 911 liber
719 878 924 916 Bersmanni3
948 878 1012 920 ipse
1029 879 1112 921 conj.
1129 879 1221 910 Huic:
1246 880 1332 921 quod
1348 888 1380 910 et
1398 879 1464 911 Erf.
1482 891 1501 911 a
1515 891 1558 910 m.
1577 879 1638 910 sec.

318 932 468 965 habebat.

318 984 454 1018 Pierius.

318 1101 462 1139 dentur.
535 1097 646 1149 Apud
681 1097 838 1135 Probum
875 1096 946 1134 alia

317 1156 365 1193 est
384 1151 561 1190 narratio:
588 1159 617 1174 “
632 1149 822 1200 Pompeius
835 1162 946 1199 quum

315 1213 543 1256 oppugnaret
571 1202 715 1252 piratas,
752 1199 948 1250 remigibus

313 1270 441 1295 eorum
460 1254 621 1305 promisit
639 1266 758 1303 agros,
785 1251 810 1288 fi
840 1250 947 1288 vicis-

313 1311 366 1348 set
389 1320 513 1345 eorum
539 1304 747 1355 adjutori03
790 1315 944 1352 quorum

313 1360 523 1413 proditione
538 1357 653 1394 viPtor
661 1354 945 1392 Tarentinorum
974 1369 979 1377 -

316 1426 422 1464 agros
435 1408 609 1447 veteranis
627 1406 763 1449 divifit,
791 1414 827 1442 et
841 1405 944 1454 quic-

315 1463 407 1515 quid
426 1460 662 1499 deterrimum
682 1458 768 1501 fuit,
798 1455 946 1506 remigi-

314 1516 383 1553 bus
399 1514 542 1552 dedic?
594 1510 747 1547 Indoeste
760 1509 835 1545 haec
854 1521 945 1557 quo-

317 1580 388 1618 que
414 1574 576 1607 narrat33
616 1571 666 1606 et,
693 1561 718 1597 fi
746 1559 838 1611 quid
860 1559 946 1596 inde

315 1618 525 1660 tenendum,
545 1615 669 1651 saltem
687 1612 866 1655 dicemus,
884 1624 944 1648 ve-

314 1681 455 1708 teranos
485 1682 505 1705 a
539 1664 710 1716 Pompeio
745 1664 784 1700 in
816 1675 944 1712 agrum

314 1720 555 1759 Tarentinum
568 1728 645 1755 tum
660 1728 813 1753 vacuum
829 1715 874 1750 ab
888 1714 943 1750 in-

312 1774 404 1813 colis
423 1772 594 1810 deductos
617 1769 695 1806 effe.
750 1767 850 1803 Inter
867 1765 944 1802 haec

313 1825 405 1876 quid
437 1834 549 1867 vetat,
576 1835 648 1872 quo
667 1819 786 1856 minus
805 1827 944 1854 certum

313 1877 498 1914 hominem
511 1873 669 1912 Cilicem
685 1869 945 1920 intelligamus,

312 1942 422 1978 quem
453 1931 576 1978 po'eta,
618 1935 834 1974 quocunque
865 1931 943 1957 tan-

313 1982 397 2017 dem
413 1980 494 2016 casu
507 1979 546 2015 in
563 1976 707 2014 Italiam
724 1974 786 2011 ille
799 1973 944 2010 traduc-

315 2043 372 2070 tus
391 2032 524 2073 fuerat,
551 2029 589 2066 in
606 2028 659 2065 his
678 2026 780 2064 terris
798 2025 943 2061 hortum

313 2086 490 2122 colentem
509 2079 680 2119 noverat?
715 2079 768 2114 At
787 2076 850 2113 illa
864 2076 943 2113 Ser-

311 2136 367 2173 rii
385 2136 477 2173 ratio
490 2134 554 2170 vix
574 2131 658 2169 ferri
673 2130 801 2181 potest,
821 2138 861 2165 ut
876 2128 942 2165 Co-

286 2184 289 2186 *
315 2190 545 2238 peius-scum
580 2181 794 2234 appellative
825 2180 944 2217 dictus

314 2242 372 2283 fit,
411 2237 475 2289 qui
502 2249 601 2274 more
631 2234 728 2284 apud
763 2231 944 2280 Corycios

312 2291 441 2330 nfitato
460 2301 586 2340 agrum
615 2286 762 2324 coleret.
816 2285 943 2320 Hortus

312 2343 460 2394 quidem
480 2343 636 2389 Com-cius
662 2339 754 2374 recle
774 2335 827 2372 ita
845 2334 944 2371 dice-

312 2406 425 2437 retur,
453 2405 474 2429 a
490 2389 728 2442 pxaestantiore
748 2387 864 2424 cultus
881 2399 943 2438 ge-

311 2461 412 2490 nere,
439 2457 512 2482 non
530 2453 647 2479 autem
653 2444 771 2490 senex.

371 2510 455 2548 127.
493 2497 576 2532 128.
613 2500 667 2530 cai
693 2502 806 2542 pauca
837 2489 944 2527 rclzffi

311 2550 451 2603 Jaegercz
486 2553 576 2585 ruris
610 2555 720 2582 erant.
779 2541 943 2590 'relidam

314 2618 369 2639 rus
401 2613 485 2638 cum
511 2597 670 2634 absolute
695 2595 852 2636 dicatur,
881 2593 944 2630 vix

312 2653 419 2690 aliter
437 2649 554 2699 accipi
582 2647 708 2699 potest,
734 2658 842 2696 quam
872 2644 943 2682 five

313 2707 361 2742 de
380 2701 580 2742 subsecivo‚
608 2700 645 2736 h.
676 2698 715 2734 in
734 2696 944 2739 metatione,

311 2768 398 2792 cum
430 2753 508 2804 agri
543 2751 812 2800 affignarentur,
851 2748 946 2784 intra

311 2806 445 2846 limites
479 2817 553 2841 non
579 2811 723 2851 recepto
761 2805 810 2848 (v,
830 2798 937 2836 Goes.

312 2859 397 2896 Ind.
427 2858 466 2894 in
501 2855 550 2892 R.
574 2856 707 2904 Agrar.
745 2850 936 2902 Scriptt.),

312 2910 382 2955 five
401 2909 445 2945 de
463 2916 647 2945 contemto
661 2903 811 2940 omnino
830 2916 938 2953 prop-

311 2971 366 3004 ter
381 2960 607 3012 jejunitatem
626 2956 693 2994 soli
718 2955 880 3007 neglecto
903 2964 939 2993 et

529 933 609 964 Hinc
639 930 738 963 etiam
768 929 993 973 Longobard.,
1028 939 1069 961 ex
1098 929 1209 973 paucis
1234 929 1299 963 illis
1324 930 1500 974 jugeribus,
1537 930 1642 973 inquit

1009 1095 1150 1134 deserto
1174 1109 1278 1146 agro,
1308 1104 1348 1133 ut
1377 1095 1520 1133 Servius
1549 1095 1641 1133 facit

1011 1150 1099 1198 (quo
1113 1157 1149 1185 et
1164 1148 1300 1198 reliqua
1311 1159 1465 1186 vocant:
1495 1153 1639 1198 necfer-

1007 1200 1078 1237 tilis
1093 1199 1154 1237 illa
1160 1203 1336 1250 juvencis,
1377 1201 1448 1237 Nec
1465 1206 1574 1250 pecori
1587 1210 1642 1249 op-

1001 1261 1148 1300 portuna
1156 1253 1266 1302 figes,
1277 1266 1332 1288 nec
1342 1251 1636 1288 cwzmodaBaccho

1007 1312 1043 1338 et
1059 1314 1143 1338 mox
1171 1309 1206 1338 in
1233 1303 1376 1349 dumis).
1431 1303 1530 1339 Nam
1558 1318 1644 1355 ager

1008 1354 1155 1395 relidas,
1184 1352 1232 1389 sc.
1262 1352 1478 1396 hereditate,
1506 1353 1639 1397 avitus,

1008 1417 1092 1441 cum
1112 1404 1221 1448 nihil,
1248 1403 1347 1454 quod
1364 1416 1408 1440 eo
1427 1404 1550 1448 ducat,
1578 1405 1642 1442 ad-

1003 1456 1139 1505 jestum
1157 1455 1213 1500 fit,
1240 1465 1280 1491 ut
1298 1469 1331 1492 v.
1351 1468 1385 1491 c.
1412 1455 1635 1494 contrarium

1007 1508 1047 1544 in
1065 1507 1130 1544 illo
1147 1506 1349 1543 Martialis:
1381 1508 1446 1544 Res
1464 1520 1535 1543 non
1554 1521 1637 1557 par-

1006 1568 1043 1595 ta
1058 1559 1179 1595 labore
1184 1561 1254 1607 sed
1267 1558 1396 1595 relic-Pa.
1425 1558 1527 1595 valde
1545 1560 1636 1596 dure

1006 1609 1124 1647 dicius
1141 1611 1235 1647 effet.
1299 1608 1423 1646 Habes
1448 1619 1565 1646 tamen
1597 1610 1636 1647 in

1006 1661 1078 1699 hoc
1123 1661 1318 1698 Burmanni
1371 1661 1637 1700 auetoritatem.

1011 1715 1096 1751 128.
1119 1727 1202 1763 ¹29·
1230 1729 1286 1751 nec
1291 1712 1424 1763 fertilis
1437 1713 1502 1750 illa
1501 1715 1636 1763 juven-

1007 1772 1066 1809 cis,
1093 1765 1377 1815 h.juvencorum
1395 1765 1532 1807 labore,
1559 1777 1637 1801 ara-

1010 1817 1125 1855 tione.
1168 1819 1262 1868 figes
1280 1816 1429 1853 omnino
1444 1829 1511 1867 pro
1533 1830 1637 1869 agro,

1007 1870 1096 1907 solo.
1149 1867 1232 1908 Nec
1265 1866 1435 1911 arationi,
1462 1881 1527 1905 nee
1560 1869 1640 1917 pas-

1009 1921 1103 1965 cuis,
1139 1933 1203 1957 nec
1232 1919 1345 1957 vineis
1373 1920 1508 1956 bonum
1525 1920 1639 1958 solum

1005 1972 1109 2010 fuiffe
1127 1971 1233 2009 dicit.

1064 2037 1148 2073 130.
1176 2028 1213 2061 in
1231 2025 1350 2067 dumis,
1370 2022 1409 2059 in
1426 2022 1501 2059 solo
1517 2022 1637 2073 spino-

1006 2076 1045 2114 so
1076 2089 1117 2113 ac
1148 2075 1268 2112 dumis
1302 2073 1521 2124 indulgenti,
1559 2086 1638 2125 pre-

1007 2144 1109 2171 mens,
1137 2140 1259 2170 manu,
1286 2126 1374 2162 dum
1392 2124 1568 2175 decerpit,
1587 2127 1637 2163 le-

1006 2193 1109 2231 gens,
1138 2189 1284 2215 metenS.
1328 2191 1363 2215 v.
1391 2177 1468 2228 sup.
1498 2177 1571 2215 Ge.
1602 2178 1637 2221 I,

1011 2245 1096 2283 157.
1139 2230 1313 2279 Calpurn.
1335 2228 1387 2273 V,
1412 2242 1474 2266 111
1511 2227 1567 2266 Tu
1583 2240 1637 2266 ta-

1006 2299 1078 2320 men
1101 2292 1160 2319 aut
1187 2281 1294 2318 lae-ves
1319 2281 1432 2318 ederas
1466 2291 1528 2318 aut
1545 2281 1638 2318 molle

991 2335 1154 2384 fillic‘lum
1200 2332 1297 2370 Valle
1332 2343 1459 2381 premes
1506 2332 1635 2383 gelida.

1005 2385 1208 2436 Accipiunt
1235 2383 1298 2420 alii
1325 2394 1489 2433 premens,
1534 2383 1637 2433 plan-

1005 2447 1099 2481 tans,
1127 2447 1166 2473 ut
1190 2436 1330 2485 Georg.
1358 2434 1410 2477 II,
1439 2435 1512 2485 346
1541 2451 1634 2485 quae-

1003 2504 1126 2540 cunque
1134 2499 1260 2538 premes
1273 2486 1431 2536 virgulta
1442 2497 1507 2536 per
1526 2502 1636 2536 agros.

1002 2540 1100 2577 Mox
1120 2555 1235 2577 rarum
1267 2537 1334 2575 olus
1365 2539 1474 2587 potest
1506 2537 1632 2576 referri

1002 2592 1048 2629 ad
1068 2603 1258 2642 pauperem
1272 2589 1432 2633 hortum,
1461 2597 1499 2625 ut
1514 2588 1634 2625 modi-

1003 2657 1086 2680 cum
1105 2644 1184 2680 olus
1198 2642 1284 2678 inde
1301 2639 1495 2691 proveniffe
1509 2639 1608 2676 dicat
1620 2655 1632 2684 ;

1002 2695 1064 2733 sed
1083 2694 1202 2732 verius
1218 2693 1265 2729 est
1283 2692 1335 2729 ita
1353 2691 1444 2734 dici,
1460 2691 1633 2741 quoniam

1002 2745 1193 2797 proprium
1210 2743 1357 2781 sationis
1370 2747 1409 2780 'et
1434 2741 1632 2792 plantatio-

1003 2798 1059 2835 nis
1077 2799 1140 2842 est,
1166 2806 1206 2834 ut
1224 2796 1319 2833 olera
1344 2795 1462 2845 parvis
1479 2793 1574 2830 inter
1597 2793 1635 2830 se

1003 2848 1216 2893 intervallis,
1253 2852 1342 2884 raris
1373 2844 1552 2887 ordinibus,
1578 2843 1634 2881 se-

1004 2910 1144 2944 rantur;
1185 2900 1225 2936 id
1253 2895 1350 2949 quod
1380 2897 1419 2933 in
1437 2895 1512 2933 solo
1530 2895 1632 2933 tenui

1004 2953 1118 2992 multo
1139 2951 1255 3003 magis
1281 2948 1358 2988 fieri
1385 2948 1517 2986 neceffe
1539 2957 1629 2984 erat.

1496 2998 1630 3039 Saltem
