1987 3361
534 311 700 345 cxv111
922 296 1028 343 DE
1109 290 1494 341 VIRGILII

588 430 632 466 P.
657 430 698 466 V.
719 428 776 465 M.
814 427 928 477 Opera
961 430 1060 475 (cum
1096 425 1229 463 minor.
1265 423 1401 475 OpusC.
1435 435 1480 460 ex
1515 424 1643 475 1517).
1696 422 1753 460 Ex
1779 422 1843 461 off.

538 489 636 527 Rob.
655 489 838 539 Stephani.
867 486 1004 524 Parifiis
1674 484 1709 521 8.
1732 496 1842 534 1533.

591 548 772 586 Praefixam
799 548 904 584 habet
932 561 977 584 ex
1004 547 1092 584 edit.
1119 546 1208 583 Ald.
1233 554 1315 583 tert.
1335 544 1594 596 praefationem.
1648 542 1766 581 Poetae
1792 555 1844 582 ta-

541 623 622 648 men
652 610 760 646 verba
788 609 908 660 pmiim
942 608 987 645 ad
1019 607 1106 644 alias
1132 608 1233 651 edd„
1260 620 1296 644 v.
1333 620 1368 644 c.
1405 605 1485 643 Ecl.
1524 604 1580 650 X,
1621 618 1664 656 19
1696 604 1846 649 bubulci,

540 681 689 708 mutata.

593 733 638 768 P.
662 732 702 766 V.
718 730 775 767 ῘἉ.
804 729 958 767 Bucolica
975 745 1046 767 cum
1074 728 1260 766 Commenta
1266 725 1460 779 familiari.
1515 723 1679 763 Londini
1699 724 1738 762 in
1765 724 1851 763 aedi-

542 792 608 830 bus
623 791 799 828 Winandi
818 790 863 827 de
883 790 1018 827 Worde
1679 798 1717 835 4.
1741 799 1753 823 1
1765 799 1851 838 533.

594 852 706 902 Apud
725 851 907 888 Maittair.
927 851 977 888 T.
995 849 1048 892 ΙΙ,
1066 863 1102 900 p.
1122 862 1210 900 790.
1239 847 1323 885 vide
1342 847 1446 901 supra
1470 859 1581 898 ¹5¹2·
1599 848 1710 897 1516.
1835 861 1842 863 ·

596 911 727 950 Scholia
751 928 792 949 ex
818 913 944 949 Graecis
972 921 1003 948 et
1031 912 1162 950 Latinis
1192 908 1382 947 nubloribus
1409 914 1443 945 in
1477 905 1858 958 Bucolica—Lycobatis

546 975 730 1014 Anemoecii
750 972 970 1023 (Wolfgang
984 970 1195 1008 Windheim
1213 971 1240 1018 ?)
1263 970 1363 1019 Aug.
1385 967 1501 1005 Vind.
1686 969 1721 1004 8.
1745 980 1758 1004 1
1767 979 1788 1019 5
1795 979 1812 1016 3
1820 979 1856 1016 3.

598 1033 810 1071 Laudamur
826 1032 871 1069 ab
887 1031 1063 1081 Heusmg.
1083 1031 1128 1067 ad
1144 1029 1253 1067 Offic.
1272 1029 1357 1066 Cic.
1377 1027 1477 1079 praef.
1493 1041 1531 1079 p.
1552 1040 1614 1078 34.

1155 1141 1168 1164 ¹
1178 1141 1197 1179 5
1205 1139 1266 1176 34·

603 1199 648 1235 P.
688 1200 732 1237 V.
768 1200 824 1237 M.
879 1199 992 1248 Opera
1019 1213 1089 1236 cum
1106 1198 1238 1241 Servii,
1265 1195 1426 1247 Probique
1445 1196 1626 1233 Comment.
1660 1208 1702 1230 ac
1718 1191 1863 1230 omnibus

552 1256 722 1294 leffiionum
752 1256 999 1294 variationibus
1023 1262 1057 1292 in
1084 1268 1157 1293 ant.
1185 1258 1274 1293 codd.
1304 1261 1452 1306 repertis,
1480 1269 1562 1291 cura
1585 1264 1616 1290 et
1620 1255 1730 1304 studio
1753 1253 1864 1290 Alex.

555 1314 746 1352 Vellutelli
764 1318 936 1353 emendata
954 1326 986 1351 et
999 1321 1138 1364 propriis
1151 1316 1297 1365 impe7fis
1314 1322 1349 1351 in
1374 1313 1501 1350 aedlbzcs
1522 1313 1621 1349 Petri
1646 1313 1685 1348 de
1709 1311 1866 1348 Nicolim's

555 1376 595 1411 de
613 1375 734 1413 Sabbio
750 1373 988 1426 imprcgffiz,sub
1010 1374 1157 1422 principe
1171 1372 1309 1409 Andrea
1328 1373 1437 1409 Gritti
1448 1370 1498 1407 M
1496 1371 1691 1408 DXXXII
1689 1371 1714 1407 I
1713 1371 1738 1407 I
1737 1399 1746 1408 .
1767 1375 1869 1422 mense

557 1434 742 1483 Seplembri
1703 1433 1737 1468 8.
1758 1445 1770 1467 1
1781 1444 1800 1482 5
1807 1444 1869 1480 34.

609 1492 818 1530 Memorant
847 1491 938 1527 hanc
969 1502 1094 1540 parum
1113 1488 1333 1538 frequentem
1351 1488 1551 1526 editionem
1572 1487 1713 1526 Fabric.
1746 1488 1788 1527 B.
1824 1488 1869 1532 L,

560 1551 611 1588 T.
631 1551 664 1595 Ι,
691 1564 772 1602 pag.
798 1562 884 1599 209.
940 1548 1066 1585 Μαίη.
1084 1548 1218 1584 Annal.
1250 1547 1332 1584 Ind.
1352 1560 1435 1597 pag.
1453 1551 1540 1595 328.
1594 1546 1687 1583 Bure
1705 1547 1871 1599 Bibliogr.

559 1611 706 1659 instrasc’z‘.
738 1622 774 1647 n.
805 1609 918 1658 2676,
947 1620 1017 1655 qua
1035 1605 1190 1656 inspecffa
1206 1604 1340 1655 patuit,
1366 1604 1463 1655 spem
1482 1618 1538 1641 me
1556 1604 1593 1641 in
1611 1604 1773 1642 editione
1798 1607 1872 1656 pri.

561 1682 623 1706 ore
649 1667 829 1717 suscepisse
859 1678 1007 1707 vanam3
1037 1677 1120 1700 nam
1145 1663 1303 1713 sequitur
1328 1676 1369 1700 ea
1386 1663 1572 1712 Juntinas;
1600 1664 1795 1706 lecffionum
1813 1679 1874 1704 au-

563 1737 637 1765 tem
654 1725 804 1763 varietas
819 1726 866 1763 est
884 1738 903 1761 e
925 1724 1078 1762 Pierian.
1133 1722 1306 1774 Castigat.
1325 1732 1504 1773 excerpta.

618 1787 663 1823 P.
687 1786 727 1822 V.
755 1786 812 1822 M.
868 1786 982 1834 Opera
1001 1799 1043 1819 ex
1072 1783 1244 1831 recenfionc
1262 1783 1307 1830 J.
1331 1783 1372 1819 B.
1402 1782 1629 1834 Egnati'icum
1647 1783 1763 1822 Ser-vii
1780 1785 1877 1823 Com-

567 1856 666 1883 ment.
721 1844 862 1881 Bafileae
880 1856 942 1893 per
958 1843 1017 1891 Jo.
1033 1841 1196 1882 Walder.
1218 1841 1256 1878 P.
1282 1856 1314 1879 1.
1333 1841 1387 1879 H.
1698 1843 1744 1892 ‘4.
1769 1858 1878 1895 1534..

620 1903 800 1941 Maittair.
853 1902 903 1939 T.
924 1902 975 1945 Π,
1003 1915 1039 1952 p.
1061 1903 1134 1938 810
1149 1910 1185 1937 et
1203 1911 1283 1938 ante
1300 1913 1381 1937 eum
1399 1899 1541 1938 Fabrie.
1561 1900 1602 1938 B.
1622 1900 1667 1938 L.
1723 1902 1772 1940 T.
1792 1903 1824 1948 1,
1841 1917 1879 1954 p.

570 1966 661 2008 208,
689 1962 750 2000 ubi
767 1961 979 2012 subjicitur:
1009 1966 1068 2012 qni
1085 1959 1263 2008 (Walder)
1291 1961 1416 2009 vetusto
1442 1959 1630 2009 exemplari
1640 1963 1680 2009 se
1706 1964 1797 2010 usum
1825 1965 1883 2013 effi

567 2030 631 2060 ait.
726 2022 796 2058 uod
812 2020 973 2065 verebar,
1001 2033 1044 2056 ne
1074 2020 1119 2056 de
1146 2018 1304 2068 Egnatio
1323 2017 1435 2055 verba
1454 2017 1518 2054 ista
1537 2018 1747 2068 accipienda
1761 2019 1884 2066 effent,

572 2082 646 2133 ipsa
666 2095 718 2118 res
734 2095 790 2118 me
808 2079 957 2125 docuitg
986 2079 1033 2116 est
1052 2078 1149 2117 enim
1178 2091 1276 2115 mera
1304 2075 1471 2127 repetitio
1491 2076 1700 2126 Egnatianae
1718 2090 1750 2114 a.
1774 2091 1887 2130 1507.

572 2141 741 2191 Repetita
768 2153 910 2190 quoque
928 2139 984 2176 hoc
1014 2154 1100 2176 anno
1128 2138 1394 2175 Catalee’corum
1424 2135 1537 2173 editio
1555 2136 1652 2187 apud
1671 2136 1809 2175 Aldum
1838 2151 1884 2176 ex

572 2202 734 2240 editione
756 2215 865 2252 1517.
924 2198 1114 2249 (Biblioth.
1134 2197 1308 2248 Gotting.
1344 2195 1495 2244 Acad.).
1523 2195 1574 2234 cf.
1593 2196 1788 2236 Burmann.
1808 2197 1888 2240 Sec.

577 2263 678 2314 praef.
697 2262 852 2299 Anthol.
872 2261 954 2299 Lat.
974 2273 1057 2312 pag.
1075 2264 1137 2312 58.

1180 2368 1221 2405 15
1229 2368 1247 2403 3
1255 2366 1274 2405 5'
1280 2381 1290 2392 ·

638 2433 812 2485 Virgilius.
852 2432 947 2471 Phil.
965 2431 1231 2470 Melanchthonis
1248 2428 1526 2468 adnotatiunculis
1539 2428 1735 2478 zsslzstratm.
1756 2426 1898 2466 Parisiis

583 2492 676 2543 apud
694 2493 751 2540 J0.
774 2491 926 2529 Parvum
1704 2500 1760 2524 12.
1785 2500 1895 2538 1535-

642 2551 759 2603 (Vide
783 2567 795 2590 1
806 2566 823 2604 5
831 2555 907 2601 31.)
953 2552 1001 2588 Et
1019 2568 1046 2590 c.
1067 2550 1176 2588 Schol.
1196 2549 1289 2588 Phil.
1309 2547 1588 2587 Melanchthonis.
1609 2548 1898 2595 acc.dive7·s0ram

588 2614 674 2664 lnfils
691 2619 725 2650 in
743 2615 919 2663 Priapum.
950 2613 1092 2649 Bafileae
1730 2609 1764 2643 8·
1786 2617 1896 2656 1535.

639 2674 686 2713 P.
724 2674 766 2712 V.
796 2675 852 2711 M.
887 2673 1054 2711 Bucolica.
1107 2670 1257 2721 Tiguri.
1298 2669 1394 2721 apud
1429 2667 1552 2719 Chph.
1584 2666 1613 2704 F
1617 2663 1900 2702 roschhoverum

1730 2727 1766 2762 8.
1790 2738 1901 2776 1535.

642 2792 823 2830 Maittair.
853 2793 902 2830 T.
922 2793 936 2817 Τ
960 2822 973 2838 ,
997 2807 1033 2843 p.
1055 2794 1127 2842 829
1155 2791 1204 2828 cf.
1221 2789 1316 2827 infra
1337 2803 1446 2841 1547.
1471 2787 1581 2839 1561.

645 2852 783 2890 Donati
807 2858 843 2891 in
865 2852 962 2890 libros
978 2852 1073 2890 XII.
1109 2852 1279 2896 AEneidos,
1305 2865 1380 2901 quae
1402 2859 1503 2886 antea
1521 2844 1786 2898 defiderabatur,
1811 2842 1904 2892 alfi-

1831 2900 1905 2938 luta
