1987 3361
502 331 594 368 cvl
849 312 967 362 DE
1031 306 1479 359 VIRGILII

501 444 571 482 bus
605 446 718 497 1558,
753 443 848 494 (quae
864 441 975 480 etiarn
1008 440 1046 478 in
1079 437 1315 476 Plantinianis
1330 436 1411 474 sunt
1428 443 1576 487 receptae
1598 435 1710 488 1566,
1736 445 1824 474 mox

501 502 668 542 meliores
695 502 780 554 ipfis
796 500 992 540 substitutae
1009 498 1054 536 ab
1074 497 1174 535 Hen.
1205 496 1388 548 Stephano
1411 497 1539 547 1577,)
1560 503 1597 533 et
1614 494 1749 533 selectis
1766 493 1821 532 vi-

500 574 625 601 rorum
642 563 831 600 doctorum
859 558 955 597 notis
973 571 994 595 a
1012 557 1084 595 Ge.
1104 555 1276 593 Fabricio
1300 569 1312 593 1
1324 555 1411 606 546.
1436 567 1546 605 1551·
1568 565 1680 606 1557,
1707 562 1785 590 tum
1803 564 1826 589 a

500 621 722 660 Bersmanno
752 621 864 672 1581.
917 616 1103 655 Laudatur
1123 613 1275 652 Pontani
1294 625 1403 664 opera
1426 624 1536 663 1599.
1606 611 1670 649 Ad
1689 611 1824 649 Graeca

502 687 731 718 revocaverat
757 677 920 715 animum
947 677 1024 726 jam
1049 674 1140 712 olim
1171 672 1339 711 Eobanus
1359 671 1486 708 Heffus
1509 683 1622 721 1529,
1648 680 1684 708 et
1701 669 1826 708 Theo-

502 738 590 775 criti
622 736 847 787 Hefiodique
869 736 952 773 loca
969 741 1250 784 comparaverat.
1303 731 1447 781 Majore
1465 743 1549 767 cum
1566 739 1739 781 apparatu
1754 729 1826 768 hoc

502 796 717 847 exsequutus
730 796 777 834 est
795 794 943 832 Fulvius
956 792 1107 830 Ursinus
1129 805 1140 829 1
1155 792 1241 843 568,
1268 791 1370 841 cujus
1380 788 1535 840 vestigiis
1551 789 1707 827 insistens
1729 801 1825 842 1575·

505 854 713 893 Germanus
743 853 913 892 Guellius
945 852 1082 890 Valens
1101 850 1307 902 Virgilium
1325 863 1346 887 e
1371 849 1510 904 Graecis
1528 847 1744 894 illustravit;
1771 847 1843 885 ni·-

504 912 622 952 mium
639 914 737 959 sane,
764 922 804 950 ut
823 922 952 950 natura
969 912 1125 949 humana
1143 910 1228 952 fert,
1257 908 1296 946 in
1311 908 1458 945 invento
1476 907 1542 945 fibi
1559 907 1770 958 indulgens,
1788 914 1829 944 ut

504 981 628 1011 tamen
646 974 799 1024 erigeret
828 972 970 1009 animos
986 970 1032 1007 ad
1063 970 1224 1008 meliora.
1277 967 1368 1004 Inde
1392 966 1648 1011 disertiffimos,
1674 965 1830 1004 eruditi-

503 1031 668 1076 tiffimos,
695 1042 731 1070 et
748 1030 1040 1069 luculentiffimos
1053 1026 1331 1066 commentarios
1349 1025 1519 1065 condidit
1538 1025 1592 1062 La
1608 1025 1730 1063 Cerda
1743 1025 1829 1062 Ma-

504 1091 612 1136 driti‚
639 1092 798 1142 primum
817 1090 856 1128 in
875 1089 1012 1140 singula
1031 1088 1206 1125 Carmina
1229 1087 1339 1125 1608.
1365 1086 1475 1124 1612.
1500 1087 1612 1136 1617,
1640 1094 1716 1121 tum
1740 1096 1828 1121 vero

504 1150 577 1188 hoc
596 1150 674 1202 ipso
691 1163 787 1188 anno
807 1150 900 1201 1617
917 1147 1072 1199 junctim
1089 1147 1221 1186 editos.
1274 1145 1313 1182 Si
1329 1145 1565 1183 subtilitatem
1584 1152 1621 1182 et
1643 1143 1829 1194 judicium

504 1209 545 1247 in
563 1209 702 1248 deletftu
720 1209 918 1248 defideres:
937 1207 1049 1245 aetatis
1066 1206 1197 1245 vitium
1216 1206 1309 1244 forte
1326 1204 1418 1242 illud
1433 1204 1495 1249 est,
1513 1217 1585 1241 non
1600 1202 1684 1243 viri.
1714 1201 1830 1255 Qod

505 1268 697 1319 praevideri
712 1268 847 1321 potuit,
866 1277 906 1305 ut
917 1280 961 1305 ex
978 1266 1171 1317 largissimo
1189 1265 1301 1303 fluvio
1320 1264 1453 1302 rivulos
1471 1262 1537 1299 fibi
1556 1261 1735 1314 aperirent
1749 1260 1831 1306 alii,

506 1327 643 1370 evenit,
658 1337 694 1365 et
710 1327 829 1365 exorti
847 1326 929 1364 sunt
945 1326 1078 1376 plures,
1096 1324 1159 1374 qui
1178 1324 1320 1361 selectas
1333 1335 1377 1358 ex
1395 1320 1636 1372 superioribus
1654 1319 1830 1369 interpre-

505 1385 670 1439 pretibus
696 1396 799 1425 notas
822 1385 1043 1437 Virgilianis
1068 1383 1288 1422 carminibus
1311 1382 1509 1424 adderent3
1537 1380 1602 1430 qui
1618 1380 1690 1416 fere
1708 1391 1833 1416 omnes

507 1457 703 1496 peccarunt
731 1447 770 1484 in
787 1447 878 1491 hoc,
906 1444 1004 1496 quod
1020 1457 1092 1481 non
1115 1443 1181 1493 ipfi
1197 1442 1383 1492 judicium
1396 1441 1498 1478 suum
1517 1440 1760 1481 adverterunt,
1773 1438 1832 1476 vi-

507 1505 710 1555 deruntque
726 1518 807 1555 quae
821 1503 1093 1541 illustrationem
1111 1501 1177 1538 fibi
1195 1502 1423 1551 postularent,
1450 1512 1575 1536 verum
1600 1498 1640 1535 id
1658 1497 1765 1535 unice
1777 1497 1830 1536 se-

507 1563 614 1613 quuti
628 1563 724 1607 sunt,
737 1571 777 1599 ut
795 1575 841 1600 ex
866 1562 1022 1598 aliorum
1036 1559 1191 1610 judiciis
1209 1559 1279 1596 toti
1297 1558 1510 1609 penderent,
1537 1566 1830 1608 apponerentque

507 1635 564 1664 ea,
580 1635 659 1671 quae
676 1620 881 1658 invenirent
897 1629 1024 1657 notata
1047 1618 1092 1655 ab
1118 1617 1198 1654 aliis
1215 1618 1339 1668 prouti
1359 1617 1473 1661 casus,
1500 1626 1561 1653 aut
1578 1617 1750 1660 studium,
1768 1625 1831 1654 aut

508 1681 709 1719 stomachus
732 1679 887 1717 offerret.
942 1678 1033 1716 Non
1059 1687 1163 1715 vacat
1181 1677 1237 1714 his
1264 1676 1364 1714 vitiis
1386 1675 1460 1727 ipse
1478 1675 1714 1714 Taubmanni
1731 1689 1832 1714 com-

510 1739 706 1778 mentarius
735 1740 847 1783 1618,
875 1738 991 1776 multo
1017 1736 1136 1774 minus
1158 1736 1330 1773 Farnabii
1357 1749 1466 1785 opera
1499 1739 1597 1785 1634
1614 1745 1650 1773 et
1667 1734 1832 1774 Minellii

514 1798 626 1849 1674.
679 1797 906 1836 Intellectum
933 1796 1015 1834 sane
1030 1796 1076 1833 est
1096 1809 1115 1832 a
1132 1795 1220 1833 viris
1237 1795 1369 1838 doctis,
1394 1794 1588 1832 desiderari
1606 1795 1645 1832 in
1663 1794 1832 1846 Virgilio

512 1857 784 1908 interpretando
801 1870 914 1907 genus
930 1855 1079 1906 aliquod
1096 1854 1316 1892 scholiorum
1339 1853 1397 1890 seu
1422 1846 1739 1891 commentationis
1752 1868 1833 1905 per.

510 1926 650 1967 petuae3
678 1929 777 1960 narn,
806 1926 845 1953 ut
875 1929 988 1953 unum
1013 1914 1212 1952 alterumve
1231 1914 1352 1950 locum
1371 1911 1521 1963 egregie
1541 1912 1757 1952 illustratum
1773 1914 1832 1952 vi-

511 1975 610 2017 deas,
638 1973 679 2011 id
709 1975 754 2011 ad
771 1974 937 2025 perpetui
955 1972 1126 2011 carminis
1152 1972 1346 2009 lectionem
1365 1970 1565 2008 doffiorem
1583 1985 1657 2008 non
1675 1972 1758 2009 satis
1775 1972 1830 2010 fa-

511 2033 585 2078 cit3
612 2043 801 2084 peccatum
820 2043 940 2070 tamen
957 2032 1005 2070 est
1016 2031 1056 2069 in
1072 2044 1132 2076 eo,
1158 2031 1257 2081 quod
1270 2029 1447 2081 excerptis
1461 2042 1501 2066 ac
1520 2029 1655 2067 selectis
1673 2030 1831 2070 aliorum

512 2092 609 2129 notis
636 2091 677 2129 id
701 2092 796 2130 effici
825 2092 919 2142 poffe
947 2101 1131 2142 putarunt.
1187 2090 1385 2127 Schrevelii
1403 2102 1511 2140 opera
1529 2089 1615 2127 inde
1632 2103 1653 2126 a
1675 2093 1770 2142 1647
1791 2090 1833 2128 in

511 2151 597 2190 edd.
627 2152 782 2202 grassata
808 2164 871 2201 per
895 2161 996 2188 notas
1015 2150 1155 2187 selenas
1173 2149 1405 2188 oscitantiam
1424 2159 1459 2185 et
1486 2148 1669 2186 levitatem
1694 2149 1832 2199 judicii

511 2210 648 2261 ubique
665 2209 790 2260 prodit
800 2226 810 2255 3
840 2223 904 2247 nec
922 2208 1037 2260 magis
1055 2209 1241 2260 probanda
1259 2207 1484 2246 Emmeneffii
1503 2220 1610 2258 opera
1633 2209 1742 2248 1680.
1771 2209 1834 2247 In-

513 2278 610 2306 terea
628 2268 784 2306 studium
802 2268 1006 2306 excudendi
1024 2269 1183 2305 auctores
1200 2267 1356 2305 clafficos
1387 2280 1469 2304 cum
1493 2266 1646 2317 integris
1670 2267 1832 2307 virorum

511 2327 702 2365 doctorum
720 2327 990 2365 commentariis
1006 2340 1068 2377 per
1087 2327 1239 2364 Batavos
1256 2326 1456 2370 revixerat3
1485 2339 1558 2375 quo
1584 2325 1665 2363 sane
1693 2326 1833 2365 sublata

512 2387 561 2424 est
579 2387 723 2425 molesta
741 2387 804 2424 illa
828 2387 921 2425 ratio
940 2387 1175 2438 indiligenter
1200 2396 1236 2423 et
1255 2386 1400 2423 indocte
1416 2385 1635 2434 excerpendi
1651 2399 1692 2424 ac
1721 2386 1832 2424 muti÷

513 2445 614 2482 landi
642 2445 796 2483 aliorum
823 2445 1073 2497 diligentiam,
1101 2445 1210 2482 altera
1226 2454 1346 2482 tamen
1364 2457 1409 2482 ex
1428 2452 1528 2495 parte
1547 2457 1621 2481 non
1639 2445 1755 2483 minus
1773 2446 1831 2497 ig-

512 2505 625 2546 naviae
641 2505 822 2543 editorum
840 2505 1045 2543 consultum
1062 2504 1135 2542 fuit
1152 2504 1192 2542 in
1210 2505 1296 2548 hoc,
1324 2504 1424 2554 quod
1452 2503 1524 2540 fine
1550 2503 1626 2540 ullo
1644 2503 1756 2542 animi
1769 2506 1832 2555 Ju-

515 2563 617 2600 dicio
634 2574 669 2600 et
687 2563 854 2601 acumine
872 2564 1102 2601 cumularunt
1122 2577 1178 2609 ea,
1205 2577 1284 2615 quae
1301 2563 1346 2600 ab
1361 2563 1442 2600 aliis
1457 2571 1559 2600 erant
1575 2563 1722 2614 prodita
1733 2579 1743 2608 ;
1762 2564 1832 2602 ita-

515 2636 587 2673 que
613 2622 779 2672 vulgaria
806 2636 957 2674 quaeque
983 2623 1041 2659 bis
1068 2632 1163 2660 terve
1177 2623 1365 2661 enuntiata
1381 2621 1589 2674 apposuere,
1617 2622 1741 2661 relicta
1757 2624 1832 2661 lec-

514 2681 589 2719 tori
608 2682 781 2727 molestia,
810 2692 865 2726 ut,
885 2682 910 2719 fi
930 2682 1020 2732 quid
1037 2682 1160 2727 vellet,
1186 2683 1225 2721 id
1245 2683 1319 2735 ipse
1335 2691 1487 2720 erueret.
1541 2681 1642 2719 Inter
1657 2683 1734 2720 haec
1751 2682 1834 2719 vul-

515 2749 601 2790 gata
615 2740 661 2776 est
679 2740 877 2778 Burmanni
895 2740 1012 2778 editio
1035 2741 1148 2792 1746,
1175 2742 1214 2779 in
1242 2756 1313 2793 qua
1329 2741 1394 2779 vix
1412 2740 1610 2792 intelligas,
1643 2741 1829 2791 quodnam

516 2806 654 2837 ,certum
681 2797 794 2835 animi
814 2799 998 2848 judicium
1027 2798 1089 2836 ille
1117 2799 1183 2837 fibi
1208 2799 1448 2851 proposuerit.
1502 2799 1543 2853 Si
1566 2798 1763 2837 Heinfiana
1791 2799 1832 2837 in

516 2856 636 2895 lucem
679 2856 784 2894 edere
823 2866 859 2895 et
893 2855 1021 2896 critica
1053 2871 1179 2897 curare
1213 2859 1353 2898 voluit:
1391 2871 1465 2898 non
1497 2858 1635 2902 videas,
1661 2857 1832 2908 quorsum

1661 2916 1835 2956 Serviana
