1987 3361
499 322 628 362 xx11
873 296 1438 353 PRAEFATIO

497 445 695 501 nifcstis
745 443 1031 500 erroribus;
1096 439 1151 492 in
1216 433 1578 510 posterioribus
1637 447 1810 488 tamen

500 537 734 593 AE-neidis
784 534 926 586 libris
976 531 1334 602 intelligebam
1380 528 1442 579 ab
1492 545 1553 577 eo
1596 525 1809 578 confilio

500 628 633 681 mihi
660 626 754 679 effe
781 622 1167 683 discedendum,
1209 639 1329 672 cum
1372 616 1812 671 Burmannianam

500 719 784 771 editionem
811 713 1040 765 viderem
1067 710 1206 763 haud
1249 709 1365 761 satis
1407 705 1678 759 emendate
1717 725 1811 758 ex·-

498 807 719 880 pressam
745 803 840 857 effe
864 831 878 865 ς
921 802 1242 856 redeundum
1291 800 1463 870 itaque
1496 798 1685 850 iterum
1712 795 1813 869 fuit

499 900 562 951 ad
629 897 966 950 Heinsianam
1028 893 1407 950 recensionem;
1474 889 1707 942 maxime
1757 889 1813 942 in

500 990 749 1060 scriptura
777 987 859 1037 seu
886 981 1275 1054 orthographia,
1319 1000 1477 1053 quam
1511 982 1565 1033 in
1602 981 1693 1032 illo
1719 999 1814 1032 vo-

499 1080 699 1132 lumine
727 1075 974 1127 desertam
1001 1073 1261 1133 videbam,
1306 1071 1438 1124 forte
1464 1071 1602 1144 quod
1644 1071 1815 1142 operis

501 1168 640 1220 aliud
673 1166 940 1236 exemplar
964 1163 1330 1216 excudendum
1356 1163 1605 1217 traditum
1631 1161 1813 1217 fuerat.

504 1259 725 1316 Verum,
767 1275 888 1307 cum
936 1255 1091 1306 semel
1137 1254 1189 1305 in
1239 1253 1339 1307 hoc
1384 1255 1563 1314 incidi,
1602 1255 1817 1308 omnino

506 1351 745 1424 quaedam
773 1369 829 1401 ea
856 1348 917 1400 de
944 1368 996 1401 re
1039 1360 1095 1400 ut
1134 1348 1478 1420 interponam,
1519 1349 1816 1404 consultum

504 1442 600 1495 esse
630 1441 848 1493 videtur.

580 1536 754 1599 Qum
777 1532 967 1583 incerta
987 1543 1034 1582 et
1063 1530 1257 1583 lubrica
1278 1551 1352 1584 res
1381 1545 1430 1584 et
1459 1532 1516 1585 fit
1542 1546 1590 1585 et
1613 1531 1707 1584 effe
1729 1531 1820 1585 de-

504 1625 618 1677 beat
647 1623 904 1694 scripturae
930 1623 1056 1673 ratio
1083 1635 1131 1674 et
1175 1642 1288 1675 mos
1332 1624 1386 1675 in
1429 1626 1574 1677 omni
1614 1626 1817 1697 lingua,

507 1716 677 1769 multo
706 1713 872 1784 magis
898 1713 952 1764 in
979 1732 1056 1774 ea,
1086 1713 1234 1784 cujus
1263 1712 1379 1766 usus
1402 1714 1536 1767 inter
1560 1715 1708 1767 vivos
1730 1715 1821 1767 de-

509 1807 610 1867 siit,
651 1803 918 1856 neminem
968 1801 1125 1875 fugit,
1168 1804 1261 1875 qui
1311 1801 1549 1857 animum
1594 1805 1824 1860 adhaec

509 1895 814 1954 adverterit3
857 1893 1097 1964 inprimis
1138 1906 1312 1946 tamen
1348 1896 1619 1949 Romanus
1657 1896 1825 1950 sermo

510 1988 607 2041 hac
632 1999 774 2060 parte
800 1987 966 2038 multo
1002 1988 1167 2059 magis
1196 1988 1411 2048 laborat,
1453 2008 1613 2061 quam
1641 1991 1826 2045 Graeca

510 2081 707 2151 lingua,
747 2077 999 2149 quoniam
1026 2079 1088 2130 ad
1123 2080 1525 2150 grammaticam
1566 2079 1823 2133 subtilita-

515 2184 623 2224 tem
648 2168 804 2221 serius
833 2167 931 2220 fuit
957 2182 1222 2221 revocatus
1252 2182 1300 2221 et
1339 2171 1461 2242 quia
1486 2170 1668 2224 seriore
1690 2192 1824 2235 aeVO,

515 2282 544 2314 e
569 2280 673 2333 quo
699 2260 944 2331 pleraque
967 2271 1308 2311 monumenta
1326 2260 1386 2312 ad
1405 2280 1499 2313 nos
1528 2274 1829 2334 temporum

516 2351 902 2423 hominumque
950 2351 1180 2404 barbarie
1228 2352 1313 2404 ille
1370 2352 1471 2407 fuit
1539 2369 1828 2428 corruptus.

519 2446 715 2498 Nullus
743 2446 915 2516 itaque
946 2448 1100 2498 reetae
1128 2465 1185 2498 ac
1209 2466 1343 2499 verae
1380 2448 1591 2500 rationis
1633 2448 1828 2505 fundus

522 2535 595 2587 est
621 2534 737 2586 satis
783 2535 937 2597 fidus,
978 2535 1077 2589 five
1111 2550 1351 2609 etymum
1400 2538 1646 2612 sequaris,
1687 2541 1832 2613 quod

523 2629 697 2683 nullus
725 2631 948 2700 populus
974 2630 1028 2682 in
1056 2632 1297 2684 omnibus
1326 2632 1507 2684 retinet
1528 2658 1544 2693 ς
1586 2633 1687 2686 five
1711 2653 1833 2686 auc-

526 2720 784 2772 toritatem
809 2745 824 2779 3
883 2740 1005 2772 nam
1049 2723 1398 2795 antiquiorem
1448 2726 1502 2778 in
1529 2727 1727 2778 'numis
1782 2739 1835 2781 et

528 2812 869 2867 marmoribus
898 2813 1134 2867 videmus
1160 2816 1430 2879 fluetuare,
1468 2817 1708 2873 seriorem
1741 2838 1836 2871 au-

1726 2922 1834 2963 tem
