1821 3381
292 393 884 452 GEORGlCON,
939 391 1105 441 LIB.
1153 391 1220 440 ΙΙ.
1315 406 1409 455 307

98 530 298 598 Qippe
324 530 422 577 solo
447 541 610 576 natura
637 527 804 575 subest.
870 526 1056 573 Tamen
1080 525 1185 572 haec
1206 539 1413 588 quoque,

299 622 334 668 fi
358 622 463 684 quis

100 710 292 770 luserat,
305 724 386 759 aut
409 711 650 759 scrobibus
666 708 860 756 mandet
883 718 1064 755 mutata
1083 706 1293 764 stibadiis,
1353 721 1413 770 50

99 806 331 855 Exuerint
350 802 606 851 filvestrem
627 803 866 854 animum5
903 800 1129 862 cultuque
1147 799 1386 862 frequenti

102 897 162 948 In
182 896 504 961 quascumque
528 912 664 943 voces
681 895 791 942 artis
812 893 939 940 haud
959 893 1090 939 tarda
1113 891 1379 954 sequentur.

102 989 210 1037 Nec
235 1005 329 1037 non
351 1002 396 1036 et
420 988 604 1044 sterilis,
637 1003 744 1050 quae
762 987 986 1049 stirpibus
1008 985 1103 1032 exit
1120 985 1179 1031 ab
1197 985 1323 1042 imis,

107 1080 220 1128 Hoc
246 1080 403 1138 faciet,
439 1095 608 1126 vacuos
628 1078 661 1125 fi
687 1079 742 1124 fit
765 1077 941 1141 digesta
963 1093 1050 1141 per
1069 1093 1205 1141 agros
1225 1095 1238 1123 :

107 1169 250 1218 Nunc
274 1169 382 1218 altae
402 1169 589 1216 frondes
612 1180 659 1215 et
678 1168 798 1215 rami
817 1168 981 1214 matris
1004 1179 1225 1231 opacant,

1359 1180 1419 1233 55.

110 1262 443 1325 Crescentique
462 1261 679 1309 adimunt
697 1260 834 1319 fetus,
868 1272 1103 1324 uruntque
1125 1259 1373 1306 ferentem.

152 1402 206 1435 49.
217 1395 276 1434 fili
290 1392 428 1424 Mentel.
443 1403 492 1434 pr.
508 1403 582 1424 am.
598 1403 646 1435 pr.
669 1399 700 1424 et
710 1399 786 1423 tert.
809 1401 827 1422 a
848 1402 892 1422 m.
915 1391 973 1423 sec.
993 1390 1223 1434 interpolatum
1249 1390 1291 1422 ad
1309 1390 1422 1432 vulga-

108 1450 181 1475 rem
209 1443 362 1485 loquendi
379 1444 524 1475 modum.
569 1445 616 1474 hoc
639 1457 737 1485 quoque
765 1434 991 1482 Vrinam—5⁵0.
1012 1449 1044 1473 at
1073 1444 1210 1484 Menag.
1229 1450 1260 1474 et
1278 1442 1426 1473 Parrhas.

109 1497 239 1526 mundata
255 1498 374 1526 Moret.
388 1495 447 1525 sec.
493 1498 599 1526 mandet
613 1497 700 1526 multa
715 1494 905 1535 artesnbaffls
920 1493 1066 1525 Reisszius
1085 1494 1286 1536 conjiciebat.
1331 1495 1380 1524 At
1392 1503 1427 1524 V.

110 1557 151 1588 33
168 1554 350 1588 mutatamque
358 1547 437 1589 itfita
451 1548 526 1577 mala
542 1549 628 1577 Ferre
637 1549 743 1589 pirum.
786 1553 818 1576 at
833 1546 930 1577 etiam
946 1545 1034 1576 Voff.
1057 1545 1190 1588 recepit,
1213 1553 1246 1577 et
1272 1553 1426 1588 tanquam

110 1599 217 1631 verius
232 1610 270 1630 ex
286 1598 351 1641 ipsa
367 1598 413 1628 rei
429 1606 461 1629 et
473 1598 548 1629 artis
564 1598 671 1630 indole
687 1598 858 1629 declaravit
872 1608 880 1628 ε
906 1608 980 1629 nam
989 1597 1055 1628 sola
1070 1597 1272 1629 transsatione
1287 1608 1353 1628 non
1372 1609 1430 1639 po-

111 1652 171 1683 test
186 1650 351 1682 mitescere
366 1649 518 1688 surculus,
539 1650 595 1680 nisi
608 1649 711 1680 insitio
727 1648 896 1680 accesserit„
942 1649 1052 1690 Siquid
1067 1649 1173 1687 video,
1195 1647 1430 1681 assentiendum

111 1703 141 1734 ei
158 1702 352 1741 est.—--51.
375 1703 444 1732 culto
458 1714 507 1742 que
523 1701 607 1732 Gud.
623 1712 641 1732 a
652 1711 695 1732 m.
714 1710 903 1742 pr.—--52.
926 1702 978 1732 Ad
990 1701 1154 1741 quafitmque
1169 1700 1284 1742 fragm.
1304 1702 1428 1733 Moret.

114 1756 189 1785 voles
206 1752 334 1784 Medic.
345 1760 377 1783 et
390 1752 474 1783 Gud.
491 1764 509 1783 a
520 1763 564 1783 rn.
578 1753 639 1784 sec.
690 1752 740 1782 Sic
762 1759 795 1783 et
810 1752 902 1783 codd.
930 1762 981 1794 ap.
996 1751 1151 1789 Pierium,
1173 1763 1230 1783 nec
1253 1763 1319 1784 non
1339 1755 1429 1788 velis,-

112 1806 166 1839 sed
185 1804 309 1836 doffius
323 1804 470 1835 alterum.
493 1803 533 1834 cf.
546 1805 656 1835 Burm.
688 1803 843 1846 fiquantur
859 1806 975 1834 Moret.
988 1813 1037 1845 pr.
1069 1802 1222 1844 fiqmmtur
1233 1804 1394 1844 sec.———-5
1401 1814 1435 1843 4.

101 1859 202 1902 faciat
218 1855 338 1888 Medic.
350 1866 368 1886 a
378 1866 422 1886 m.
434 1866 481 1897 pr.
498 1863 530 1886 et
541 1856 625 1888 Gud.
653 1857 764 1897 disjeb‘t'a
776 1856 825 1886 ed.
840 1857 871 1886 V
873 1854 1066 1894 en.—-56.
1082 1856 1271 1897 Crescentisque
1282 1856 1434 1897 quinque,

115 1921 190 1943 cum
202 1907 301 1939 Goth.
318 1907 379 1939 sec.
393 1919 411 1939 a
423 1919 466 1938 m.
480 1908 539 1940 see.
559 1916 590 1939 et
609 1909 806 1950 erfeentqsque
821 1915 958 1951 quatuor
967 1907 1053 1950 apud
1065 1907 1239 1939 Burmann.
1261 1907 1322 1939 hoc
1333 1909 1432 1940 etiam

115 1960 240 2003 Regius
254 1965 286 1990 et
303 1958 488 2000 Cantaba-ig.
508 1958 678 1990 habebant.

116 2053 173 2091 vis
190 2066 231 2091 ac
251 2053 365 2090 virtus
386 2056 436 2102 (v.
455 2067 488 2092 c.
509 2053 607 2099 sales,
627 2055 741 2101 calor,

77 2750 79 2752 -
126 2730 198 2759 tur.

116 2103 262 2148 humor,
312 2105 533 2156 temperies),
573 2120 653 2156 quae
697 2108 742 2144 ad

115 2156 353 2208 procreandas
392 2157 472 2194 illas
501 2157 644 2195 arbores
680 2172 742 2196 ne-

118 2208 263 2246 cessaria
276 2207 322 2244 est
335 2220 377 2244 ac
388 2208 548 2258 propria.
602 2223 665 2259 49.
683 2224 742 2261 50.

118 2258 252 2297 Tamen
275 2258 348 2297 haec
381 2275 498 2311 quoque
514 2263 555 2309 si
579 2266 646 2312 quis
676 2267 743 2299 &C-

118 2310 289 2348 Formula
298 2310 420 2347 eadem
436 2311 512 2362 sup.
526 2312 605 2349 Ecl.
623 2312 694 2357 VI,
707 2327 744 2363 9.

122 2362 302 2399 Silvestres
361 2362 504 2400 arbores
576 2364 747 2402 fecunda-

121 2425 203 2451 rum
231 2422 394 2450 naturam
430 2414 598 2460 induunt,
625 2416 649 2452 fi
669 2415 748 2453 aliis

125 2464 314 2502 arboribus
359 2465 474 2513 (Nam
507 2472 606 2503 omnis
627 2470 749 2516 stercu-

122 2517 176 2556 lus
208 2521 297 2554 omni
338 2516 456 2555 arbori
503 2521 602 2568 izfiri
634 2520 749 2568 potest,

109 2569 152 2619 st
166 2583 227 2605 non
255 2569 298 2616 est
312 2573 356 2610 ei,
383 2574 436 2605 ceci
450 2571 615 2618 instruar,
641 2577 752 2607 cortice

124 2618 300 2666 dgffi'milis:
328 2618 477 2655 Colum.
492 2619 544 2663 V,
562 2633 614 2665 Π,
646 2623 680 2667 1)
697 2620 752 2657 in-

123 2670 296 2712 serantur,
340 2680 402 2706 aut
426 2669 449 2705 fi
475 2684 523 2708 eae
546 2671 756 2708 transferan-

255 2731 386 2758 mutata
413 2721 564 2759 debetur
599 2724 754 2773 poeticae

126 2771 243 2823 copiae
270 2781 307 2808 et
340 2773 483 2810 ornatui
507 2786 516 2808 :
564 2773 754 2819 mutando,

128 2823 183 2863 ita
199 2833 238 2860 ut
256 2832 459 2868 mutentur;
497 2825 658 2875 adeoque
688 2838 755 2876 pro

130 2873 299 2924 simplici,
327 2875 484 2912 mandet.
522 2876 652 2926 scrobes
668 2877 755 2925 fich-

76 2955 79 2957 .
130 2931 214 2969 ᾳέῗὶ,
242 2936 297 2971 ut,
323 2936 416 2964 terra
433 2926 589 2972 subaeia,
608 2942 686 2978 quae
700 2928 756 2965 fo-

130 2976 246 3017 ditur.
298 2976 395 3016 Mox
428 2986 554 3018 unimus
581 2980 760 3030 eleganter

807 2068 874 2107 pro
897 2065 1039 2101 natura,
1067 2054 1216 2106 ingenio
1249 2055 1434 2093 arborum.

811 2121 872 2159 52.
901 2107 1081 2144 Suaviter!
1113 2107 1354 2158 quascumque
1377 2119 1433 2142 ar-

809 2170 860 2196 tes
877 2159 922 2195 ad
954 2160 1123 2208 majorem
1145 2173 1266 2196 earum
1293 2159 1434 2195 cultum

809 2210 992 2253 adhibeas,
1020 2209 1174 2248 feliciter
1208 2210 1278 2248 tibi
1310 2209 1432 2247 succe-

810 2261 1063 2299 dere-videbis.

866 2313 1028 2364 53—56.
1057 2311 1164 2350 Alius
1182 2312 1311 2350 modus
1336 2312 1436 2349 filve-

809 2364 935 2401 stribus
954 2364 1142 2401 arboribus
1172 2363 1298 2401 mitem
1332 2372 1459 2400 natu--

810 2427 886 2453 ram
914 2415 1090 2453 induendi
1123 2416 1186 2460 est,
1230 2415 1255 2452 fi
1289 2416 1439 2452 stolones

811 2466 857 2503 ab
876 2466 996 2504 radice
1006 2467 1218 2518 pullulantes
1234 2468 1284 2513 (v.
1300 2469 1436 2517 17—19)

813 2517 851 2555 in
869 2531 1034 2568 campum
1050 2531 1202 2556 vacuum
1220 2528 1255 2555 et
1272 2518 1310 2554 in
1330 2518 1441 2555 solem

815 2569 1087 2613 transferentur,
1119 2583 1202 2607 curn
1229 2569 1309 2619 ipfis
1343 2582 1439 2605 nunc

816 2621 943 2658 umbra
959 2622 1083 2658 matris
1100 2631 1241 2664 noceat,
1268 2630 1308 2656 ut
1324 2619 1441 2656 adulti

817 2682 878 2709 aut
907 2673 1023 2710 nullos
1058 2672 1193 2710 fruetus
1223 2672 1352 2715 ferant,
1380 2680 1441 2707 aut

818 2723 990 2774 maligne.
1043 2723 1137 2775 Qze
1161 2723 1286 2760 eadem
1305 2735 1357 2759 res
1375 2724 1442 2758 do-

817 2775 896 2812 cuit
912 2775 1089 2825 plantaria
1119 2784 1155 2811 et
1180 2773 1365 2811 seminaria
1386 2773 1441 2809 in-

818 2826 981 2863 stituere:
1022 2826 1073 2864 cf.
1105 2824 1358 2868 Plin.·XV11‚
1383 2838 1442 2866 10,

820 2877 847 2914 s.
873 2889 1014 2925 12.13,
1040 2887 1076 2914 et
1093 2890 1126 2913 c.
1153 2890 1211 2924 13,
1231 2876 1255 2912 s.
1279 2888 1340 2914 21.
1381 2881 1444 2926 fe-

824 2940 893 2973 tus,
933 2929 1102 2965 arborum
1155 2927 1304 2971 fmilia,
1358 2926 1448 2976 saepe

826 2979 986 3069 ιιῖῧιρῑει
1004 2979 1036 3025 Ι,
1053 2992 1115 3032 55.
1135 2978 1220 3017 infr.
1240 2991 1328 3029 429·
1356 2993 1450 3015 urere

933 3044 953 3069 2
1367 3041 1455 3067 vero
