1821 3381
324 278 419 333 420
486 271 539 322 Ρ.
597 265 978 318 viRoiLu
1036 260 1426 335 MARoNis

329 404 419 450 Sed
446 403 683 450 frumenta
708 417 850 448 manu
875 416 1041 464 carpes
1064 400 1171 448 sata.
1239 400 1345 447 Nec
1364 400 1454 447 tibi
1479 399 1609 458 fetaej

335 496 475 541 More
498 505 704 556 patrum,
729 492 865 539 nivea
888 493 1140 556 inplebunt
1163 490 1435 540 mulctraria
1455 502 1636 546 vaccae,

332 583 424 629 Sed
449 594 547 627 tota
571 582 620 626 in
642 580 794 627 dulcis
819 580 1099 628 consument
1122 582 1264 628 ubera
1286 592 1436 627 natos.

398 671 481 717 Sin
504 670 563 716 ad
587 670 711 716 bella
736 671 887 733 magis
912 671 1118 717 studium
1141 669 1411 732 turmasque
1436 668 1628 721 feroces,

336 764 436 810 Aut
461 763 648 826 Alphea
667 764 779 810 rotis
803 763 1006 824 praelabi
1029 762 1226 810 flumina
1250 761 1386 816 Pisae,

334 856 400 901 Et
423 855 553 915 Jovis
579 855 628 900 in
652 855 759 900 luco
781 869 944 900 currus
967 850 1144 914 agitare
1170 852 1371 898 volantis
1389 868 1404 896 z

1562 759 1653 803 180

337 944 526 992 Primus
551 944 660 1007 equi
684 943 817 990 labor
840 942 920 998 est,
942 941 1125 988 animos
1149 952 1288 1003 atque
1311 956 1440 987 arma
1459 939 1621 986 videre

385 1076 454 1116 176.
479 1069 543 1108 Nec
562 1075 610 1107 ubi
626 1076 743 1106 Moret.
760 1083 822 1116 pr„
840 1073 926 1115 quod
942 1071 1074 1103 Heinfio
1091 1071 1249 1114 placebat,
1263 1079 1300 1103 ut
1316 1070 1392 1103 esset
1408 1071 1515 1109 necubi,
1533 1081 1593 1113 pro
1615 1078 1659 1102 ηε

337 1128 462 1160 alicubi.
509 1129 628 1158 Lucan.
662 1127 725 1164 IX,
747 1125 832 1166 1058
846 1125 959 1157 Necubi
979 1125 1139 1168 supprfffics
1162 1132 1264 1166 pereat
1291 1135 1386 1166 gener.
1436 1125 1481 1153 At
1504 1122 1658 1164 sequitur,

338 1180 500 1222 implebunt.
550 1188 623 1218 177.
637 1178 779 1221 mulgaria
802 1175 949 1207 nonnulli
972 1175 1125 1212 Pieriani,
1149 1175 1228 1205 item
1241 1175 1327 1215 apud
1343 1173 1526 1214 Philargyr.
1544 1180 1576 1204 et
1588 1173 1658 1204 No-

339 1232 444 1269 nlum,
459 1241 521 1272 qua
536 1230 641 1261 forma
656 1238 688 1261 et
707 1228 858 1271 Valgium
871 1227 951 1258 olim
973 1227 1065 1258 usum
1086 1226 1176 1257 fuiise
1204 1233 1317 1257 notant
1339 1224 1560 1256 Grammatiei.
1601 1224 1659 1256 Ad

340 1293 546 1315 communem
571 1281 744 1313 leolionem
773 1280 895 1310 accedit
925 1279 1062 1309 aliorum
1092 1278 1245 1319 scriptura
1260 1288 1268 1308 :
1304 1278 1477 1314 mum-alia,
1500 1276 1659 1310 multi-alia,

340 1335 504 1371 multraria,
519 1340 554 1363 ut
570 1332 604 1362 in
619 1331 735 1373 fragm.
753 1330 858 1361 Vatic.
876 1340 894 1359 a
910 1339 953 1359 m.
971 1339 1019 1370 pr.
1035 1329 1200 1365 mulcraria,
1224 1329 1388 1365 mult-laria,
1404 1335 1439 1358 ut
1456 1328 1488 1357 in
1506 1326 1622 1357 Medic.
1640 1336 1661 1356 a.

342 1394 392 1426 pr.
411 1384 628 1422 m.‚multaria.
720 1381 794 1420 178.
821 1382 864 1412 Et
888 1373 1004 1422 fragm.
1030 1379 1137 1410 Vatic.
1182 1378 1334 1421 consumant
1355 1378 1474 1412 Medic,
1502 1389 1519 1408 a
1544 1388 1588 1407 m.
1610 1383 1661 1419 pr-

341 1436 496 1480 consumunt
511 1433 664 1466 Rottend.
685 1440 759 1464 tert.
805 1432 981 1476 consumment
995 1431 1246 1471 Gud.———-179.
1260 1433 1288 1462 in
1311 1430 1470 1472 turmasque
1490 1431 1573 1459 Ven.

344 1487 418 1519 181.
444 1487 477 1517 Si
491 1487 583 1529 Jovis
605 1495 686 1514 unus
709 1482 814 1513 Mead.
856 1483 974 1512 volentis
995 1480 1116 1522 fragm.
1144 1480 1250 1511 Vatic.
1343 1479 1414 1512 182.
1442 1480 1517 1522 equis
1543 1476 1662 1508 Medic.

347 1539 500 1583 animosque
515 1538 554 1568 ad
565 1537 637 1567 bella
649 1535 728 1565 alter
745 1533 901 1565 Rottend.
947 1534 997 1575 Jo.
1017 1526 1182 1563 Schrader.
1201 1531 1270 1573 post
1290 1531 1351 1562 alia
1370 1538 1492 1562 tentata
1507 1528 1633 1571 legebat
1649 1534 1661 1560 ε’

345 1592 459 1621 Primus
476 1589 552 1631 equis
569 1586 647 1618 labcr
662 1587 697 1628 {st
711 1586 845 1627 animqfis,
861 1597 941 1616 arma
964 1584 1083 1615 videre.-
1121 1582 1284 1624 quomodo
1315 1582 1402 1613 enim
1430 1592 1528 1623 equus
1558 1582 1662 1612 animo:

343 1641 454 1673 videre
469 1639 582 1681 possit?
599 1638 721 1670 Scilicet
737 1641 834 1676 animi,
845 1645 881 1668 ut
897 1638 964 1673 irae,
981 1637 1081 1677 θυμὸς,
1093 1647 1152 1677 pro
1168 1646 1287 1677 pugna,
1303 1646 1374 1677 quae
1391 1634 1530 1666 animose
1546 1632 1601 1672 fit;
1629 1641 1664 1667 et

348 1693 380 1724 h.
400 1692 420 1723 l.
437 1693 522 1722 animi
538 1700 563 1721 et
578 1702 658 1721 arma
675 1690 825 1721 bellantum
837 1688 907 1720 sunt
925 1690 1026 1730 po'e‘tae
1043 1688 1099 1731 ipsi
1114 1686 1278 1718 bellantes.

346 1804 455 1842 etiam
486 1809 668 1855 fraumenta
698 1806 799 1852 sala,
843 1801 974 1839 herbas
1039 1800 1151 1838 bilius
1193 1801 1258 1837 effe
1288 1799 1454 1842 alterum,
1491 1797 1669 1836 matribus

350 1857 500 1893 novellae
517 1855 658 1905 segetis.
676 1855 752 1891 vid.
782 1854 902 1891 Varro
926 1854 975 1892 R.

350 1908 400 1944 R.
422 1909 474 1952 Π,
498 1921 534 1959 5,
557 1920 615 1957 17.

408 1960 621 2010 176—178.
676 1957 897 2007 Praecepturn
958 1968 979 1993 a

353 2012 477 2048 multis
503 2010 679 2048 veteribus
706 2020 741 2047 et
773 2007 980 2045 recentiori-

352 2063 434 2105 bus,
463 2077 546 2100 cum
565 2062 609 2099 de
638 2061 793 2104 bovillo,
828 2070 905 2097 tum
933 2061 981 2097 de

355 2115 471 2152 ovillo
504 2127 633 2165 genere
676 2113 880 2163 repetitum.
931 2111 981 2149 cf.

357 2163 480 2203 Varro
493 2166 544 2204 R.
564 2165 610 2203 R.
626 2166 678 2210 Π,
695 2180 731 2209 z,
746 2177 804 2214 17.
833 2162 982 2200 Colum.

357 2218 450 2263 VH,
468 2233 508 2268 4,
536 2231 571 2267 3.
626 2217 799 2267 Geopon.
832 2214 986 2258 XVIII,

359 2282 378 2320 3
399 2279 493 2307 extr.
548 2268 594 2305 Et
606 2268 748 2319 pulchri
767 2266 881 2304 versus
900 2265 986 2302 Cal-

357 2320 480 2372 purnii
498 2320 579 2358 Ecl.
602 2321 655 2362 V,
677 2323 724 2369 36
744 2320 819 2368 jam
839 2317 884 2354 ab
903 2317 983 2354 aliis

359 2371 514 2410 laudati:
570 2373 679 2410 Parce
731 2383 842 2408 tamen
874 2374 981 2420 fiti53

359 2425 495 2473 mcfint
511 2425 694 2473 compendia
709 2428 810 2466 tanti,
826 2421 985 2472 Destrlmt

359 2488 397 2515 ut
420 2482 535 2513 niveos
563 2475 696 2512 venalis
723 2477 831 2523 caſsus
864 2488 984 2523 agnos-3

361 2530 455 2566 Nam
472 2525 708 2577 sibipraeczspm
722 2530 846 2577 selum
861 2525 990 2561 colatur

362 2595 486 2619 amore.
555 2578 676 2614 Addit
722 2593 805 2614 more
833 2587 987 2626 passum,

364 2632 464 2683 quod
491 2629 650 2667 solebant
677 2630 827 2677 majores
855 2626 987 2670 facere,

364 2682 474 2735 prisci
512 2680 784 2732 patresfamilias
812 2689 848 2716 et
890 2678 987 2728 agri-

365 2736 466 2772 colae.
522 2732 749 2783 Ambiguum
766 2731 911 2782 quidem
929 2742 992 2780 per

365 2787 474 2835 verba
490 2786 552 2828 est,
582 2794 700 2822 utrum
735 2782 907 2826 fecerint3
947 2794 993 2819 ex

368 2838 534 2877 Varrone
550 2846 668 2875 tamen
695 2834 838 2873 videtur
863 2833 993 2885 proba-

1041 1852 1129 1889 olim
1151 1852 1345 1902 mulgendo
1372 1850 1472 1887 fuiffe
1498 1850 1553 1887 lac
1582 1849 1666 1888 sub-2

1042 1904 1205 1942 ductum„
1559 1948 1563 1952 ,

1100 1959 1313 2008 179—181.
1368 1947 1430 1990 Sin
1465 1953 1582 2005 magis
1620 1952 1671 1991 est

1043 2007 1215 2050 studium,
1231 2010 1387 2056 firmare
1402 2005 1466 2053 (vs.
1489 2008 1573 2054 163)
1589 2006 1670 2056 pul-

1046 2059 1098 2096 los
1120 2059 1248 2109 (igitur
1265 2072 1343 2108 quse
1362 2058 1407 2095 de
1432 2056 1555 2094 vitulis
1581 2071 1671 2108 praea

1046 2110 1157 2160 cepit,
1181 2111 1226 2147 ad
1241 2123 1350 2159 equos
1365 2112 1456 2159 jugo
1474 2109 1673 2159 rusticoque

1045 2162 1124 2199 usui
1149 2161 1339 2199 destinatos
1358 2175 1430 2198 non
1449 2160 1566 2198 minus
1591 2174 1671 2211 per-

1046 2213 1194 2261 tinent).
1247 2214 1299 2249 ad
1311 2212 1401 2251 bella
1415 2216 1616 2263 turmqsque,
1631 2212 1671 2251 h.

1048 2265 1150 2303 usum
1168 2265 1354 2308 bellicum,
1372 2277 1433 2302 aut
1447 2264 1613 2313 praelabi,
1643 2263 1674 2302 s.

1048 2317 1264 2367 praeterlabi,
1299 2323 1388 2360 rotis,
1414 2315 1674 2367 quadrigarum

1047 2367 1257 2413 certamine,
1282 2367 1360 2404 scil.
1380 2366 1494 2420 magis
1519 2367 1675 2405 studium

1049 2421 1110 2458 est.
1164 2419 1223 2456 De
1251 2419 1449 2457 certamine
1478 2419 1677 2469 Olympico

1050 2485 1132 2508 eum
1150 2471 1269 2521 loqui,
1284 2470 1365 2507 satis
1375 2480 1486 2521 patet,
1501 2472 1599 2520 quod
1613 2471 1676 2508 ha-

1051 2523 1204 2560 bebatur
1229 2524 1334 2572 juxta
1368 2523 1563 2573 Alpheum.
1597 2522 1677 2560 vid.

1054 2590 1087 2612 v,
1112 2589 1166 2624 ¹9·
1219 2575 1264 2611 In
1281 2575 1364 2611 luco
1392 2574 1494 2623 Jovis
1517 2583 1593 2610 erat
1610 2574 1677 2611 sta-

1052 2626 1170 2670 dium,
1199 2637 1238 2662 ut
1267 2638 1311 2663 ex
1338 2625 1515 2663 Strabone
1530 2635 1566 2662 et
1585 2624 1676 2662 Pau-

1053 2677 1147 2714 sania
1165 2687 1320 2727 apparet.

1112 2733 1324 2779 182—-184.
1403 2729 1502 2765 Ante
1557 2727 1682 2764 omnia

1055 2794 1166 2830 equus
1191 2779 1484 2818 adsuefaciendus
1516 2780 1563 2817 est
1594 2779 1681 2826 (hoe¹

1056 2834 1126 2872 est:
1143 2839 1270 2884 primus
1285 2838 1360 2884 equi
1372 2831 1470 2873 labor
1483 2833 1539 2883 est)
1551 2832 1682 2873 videre,

1323 2909 1325 2912 ·
1639 2891 1683 2921 Ut
