1821 3381
379 277 920 346 GEORGICON,
979 289 1126 340 LIB.
1176 295 1270 345 ΙΙΙ.

1368 316 1462 364 403

145 403 250 461 Nec
273 414 393 462 mihi
417 417 664 481 displiceat
687 423 888 471 maculis
912 424 1108 491 infignis
1133 441 1180 476 et
1203 429 1330 490 albo,

142 503 244 552 Aut
258 506 379 571 juga
400 508 685 568 detrestans;
711 513 1046 582 interdumque
1070 521 1230 583 aspera
1263 540 1428 586 cornu,

140 594 207 642 Et
227 596 400 646 faciem
422 611 556 648 tauro
576 604 779 667 propior
795 630 809 661 3
839 623 1045 673 quaeque
1067 613 1211 662 ardua
1232 626 1347 674 tota,

137 676 205 735 Et
225 689 443 752 gradiens
472 692 570 739 ima
592 695 739 742 verrit
762 697 960 760 vestigia
982 701 1148 750 cauda.

136 777 271 825 AEtas
296 778 533 827 Lucinam
548 781 792 847 justosque
811 789 913 849 pati
937 789 1209 852 hymenaeos

1391 800 1457 850 60

134 862 321 917 Definit
342 882 450 919 ante
473 873 655 931 decem,
677 877 782 940 post
809 893 1011 942 quatuor
1032 883 1207 950 incipit
1230 906 1372 940 annos
1393 911 1408 942 :

135 960 303 1009 Cetera
324 979 411 1011 nec
433 963 598 1012 feturae
620 966 809 1027 habilis,
833 986 920 1018 nec
946 973 1080 1022 fortis
1105 980 1288 1030 aratris,

128 1058 330 1117 Interea,
356 1062 542 1126 superat
562 1065 788 1129 gregibus
813 1066 930 1116 dum
953 1070 1063 1119 laeta
1079 1071 1318 1137 juventas,

127 1152 270 1201 Solve
291 1170 472 1210 mares;
503 1157 643 1203 mitte
663 1157 713 1204 in
741 1158 977 1209 Venerem
999 1167 1223 1227 pecuaria
1243 1171 1446 1233 primus,

164 1300 222 1339 56,
248 1300 311 1331 Nec
335 1300 386 1330 tihi
400 1295 518 1331 Medic.
536 1311 555 1332 a
570 1311 613 1331 m.
631 1311 679 1343 pr.
705 1302 863 1340 Parrhafi,
886 1314 944 1337 nec
959 1305 1020 1338 hoc
1037 1308 1131 1341 male.
1175 1317 1201 1342 et
1221 1326 1289 1344 atero
1308 1316 1440 1349 Zulich.

122 1358 262 1389 -—-—57.
286 1352 442 1381 detraflans
467 1353 567 1381 Rom.
589 1361 664 1383 cnm
683 1353 832 1385 vetustiss.
863 1355 1041 1390 Pierianis:
1067 1367 1098 1390 et
1126 1360 1166 1392 fic
1191 1363 1263 1394 edd.
1288 1374 1379 1404 vett.,
1404 1369 1437 1399 in

118 1402 169 1432 his
183 1401 261 1433 Ald.
279 1412 344 1444 pr„
368 1410 400 1434 et
423 1403 570 1434 nonnulli
596 1405 681 1446 apud
707 1406 831 1445 Burm.‚
853 1415 920 1440 tres
945 1411 1030 1452 apud
1055 1412 1195 1446 Martin.
1238 1429 1289 1458 que
1312 1418 1396 1451 abest
1421 1432 1439 1451 a

119 1452 212 1484 Leid.
258 1466 367 1484 cornum
384 1454 523 1485 Gudian.
549 1465 567 1485 a
588 1465 631 1486 m.
660 1466 709 1497 pr.

117 1512 257 1544 ——59.
279 1517 333 1534 una
349 1505 487 1546 Menag.
505 1505 561 1536 alt.
606 1509 692 1536 vertit
709 1508 818 1539 Franc.
836 1511 936 1541 Goth.

796 1458 849 1498 58.
866 1461 950 1500 facie
966 1463 1121 1495 Rottend.
1146 1465 1205 1498 alt.
1229 1475 1261 1498 et
1283 1470 1369 1501 Voss.
1386 1482 1439 1512 pri

1029 1513 1080 1544 60.
1105 1517 1205 1559 AEstas
1222 1519 1339 1550 Medic.
1353 1532 1370 1551 a
1386 1532 1436 1553 m.

115 1560 166 1595 pr.
209 1555 319 1584 Lucina
342 1556 508 1586 Romanus
534 1563 566 1586 et
593 1557 711 1588 MediC.
737 1569 754 1588 a
778 1569 822 1589 m.
851 1570 902 1602 pr.
948 1564 1136 1607 Lucinamque
1155 1571 1223 1609 pati
1234 1572 1369 1613 ,βε-[βψω
1382 1575 1435 1614 hy-

114 1616 228 1636 menaeos
247 1605 375 1636 zulich.

467 1606 519 1647 63.
534 1611 671 1649 juventas
688 1609 812 1649 Heius„
833 1619 870 1642 ut
896 1614 1034 1645 Roman.
1059 1617 1180 1649 Medic.
1206 1630 1224 1650 a
1243 1631 1287 1652 m.
1311 1622 1369 1654 sec.
1396 1633 1431 1658 et

113 1655 221 1686 eaeteri
237 1656 444 1688 vetustiffimi.
478 1662 613 1700 juventus
631 1659 740 1702 vulg0‚
757 1669 791 1693 ut
808 1662 852 1694 est
869 1663 901 1695 in
919 1665 1018 1697 Goth.
1034 1677 1083 1709 pr.

106 1780 173 1818 effe
186 1778 319 1822 voluit,
336 1787 377 1816 ut
401 1791 447 1816 ex
477 1778 578 1817 libris
604 1779 656 1818 ibi
685 1780 736 1820 le-

108 1831 290 1882 gendum;
319 1829 377 1867 sed
396 1830 485 1868 dum
503 1831 623 1869 brevia
638 1833 733 1878 sunt,

103 1884 229 1927 crassa,
274 1887 441 1932 compasta
493 1885 551 1932 (ut
583 1884 733 1925 Colum.

854 1785 918 1823 60.
946 1787 1047 1826 AEtas
1068 1789 1159 1838 justa
1182 1791 1346 1841 juvencae
1365 1797 1428 1833 ad⁴

800 1836 969 1875 mittendi
1005 1850 1146 1879 taurum
1179 1855 1214 1880 et
1246 1847 1424 1895 pariendi,

801 1887 949 1927 Colum.
967 1890 1039 1935 VI,
1069 1906 1132 1941 24,
1159 1908 1172 1931 ι
1199 1897 1256 1932 Ex
1273 1898 1338 1940 his,
1368 1907 1433 1950 qui.

106 1934 180 1978 VI,
204 1948 234 1979 1,
258 1937 314 1983 3),
342 1934 502 1985 adeoque
521 1948 652 1986 magna
667 1938 733 1975 effe
795 1943 978 1990 quadrimis
1005 1950 1243 1993 minoresfimt,
1268 1953 1422 2002 majorqsss

103 1986 259 2037 poffunt,
292 1989 393 2026 σκέλη
415 1988 603 2038 ‘lxxxiii-fga:
636 1994 728 2034 μᾶλ-

101 2047 155 2075 λον
180 2040 198 2078 ἦ
223 2042 418 2089 μὰικξὸτεξα
443 2038 567 2095 Geop'.
591 2039 724 2085 XVII,

103 2105 138 2128 2.
194 2089 453 2140 Numquamne
471 2104 535 2127 nos
557 2104 595 2127 m
616 2096 725 2142 poe'ta

100 2141 247 2186 versari,
274 2154 450 2179 memores
476 2142 640 2179 erimus?
666 2160 723 2181 ca—

96 2209 196 2233 mara
214 2208 338 2231 cornua
364 2193 446 2230 sunt
476 2193 642 2239 incurva,
668 2194 723 2231 in-

95 2243 248 2283 trorsum
261 2245 443 2282 conversa.
458 2244 535 2283 vid.
551 2244 721 2284 Macrob.

91 2296 166 2334 Sat.
179 2296 250 2340 VI,
264 2311 299 2345 4.
329 2302 441 2334 ἕλικας
449 2299 532 2339 βόας
543 2300 720 2347 εὖξυμετώ-

93 2363 158 2386 ves
177 2348 333 2385 Homeri
363 2352 416 2396 (ut
446 2349 522 2386 Od.
555 2359 590 2386 λ.
628 2353 715 2400 .’«;ῑ”,)

93 2413 164 2439 non
184 2399 273 2436 male
291 2410 475 2450 comparat
492 2401 654 2439 Ursinus.

147 2455 207 2503 56.
237 2451 306 2489 Ner
331 2453 413 2489 mihi
426 2453 605 2501 dgspliceat.
648 2453 713 2490 Li-

89 2511 181 2540 totes
218 2502 331 2552 figura
364 2504 426 2546 est,
470 2504 592 2554 inquit
632 2504 712 2541 Ser-

89 2554 183 2599 vius,
211 2553 250 2590 id
267 2556 329 2597 est,
356 2554 461 2592 valde
490 2557 642 2605 placeat,
670 2567 709 2594 ut

87 2605 175 2643 AEn.
211 2604 303 2649 VH,
347 2605 414 2643 261
454 2606 605 2644 Munera
652 2623 708 2645 nec

76 2662 206 2706 sperno.
262 2658 401 2695 maculis
433 2658 566 2709 insignis
595 2669 627 2695 et
654 2659 707 2696 al-

70 2700 148 2745 ¹bo:
176 2708 324 2746 definire
346 2722 419 2746 non
443 2710 567 2754 ausim,
587 2720 708 2747 utrum

82 2760 150 2796 fint
190 2761 341 2798 maculae
383 2759 498 2810 nigrae
542 2760 581 2798 in
626 2761 708 2818 albo

80 2821 246 2860 corpore,
287 2826 332 2850 an
379 2811 470 2849 alba
512 2811 551 2849 in
599 2825 705 2864 nigro

82 2861 219 2901 refove.

794 2006 854 2040 que
881 2007 980 2042 quam
1009 1997 1172 2034 duodecim
1199 2000 1327 2044 (noster
1356 2002 1420 2039 de-

789 2045 886 2091 cem)
910 2061 1088 2090 annorum,
1113 2050 1335 2097 prslvz'baartar
1356 2057 1420 2091 ad-

788 2098 925 2144 mg‘fflaem
941 2108 1011 2134 etc.
1028 2098 1076 2135 cf.
1092 2099 1209 2138 Varro
1229 2102 1276 2140 R.
1299 2104 1345 2142 R.
1364 2105 1417 2150 II,

797 2159 832 2195 ς,
863 2159 919 2194 13.
951 2148 1046 2187 Plin.
1069 2150 1180 2196 VIII,
1208 2168 1273 2205 45,
1292 2156 1318 2193 s.
1341 2171 1413 2206 703

786 2206 822 2233 at
843 2197 939 2243 vide,
966 2213 1074 2251 quam
1103 2204 1194 2241 caste
1221 2216 1257 2242 et
1283 2208 1415 2245 decore

785 2253 895 2298 poeta
914 2251 1007 2290 hanc
1028 2267 1099 2291 rem
1124 2258 1351 2305 expresserim
1371 2271 1411 2298 ut

785 2310 821 2336 et
851 2301 890 2337 in
922 2303 1020 2355 seqq.
1091 2307 1188 2354 Jzsti
1233 2309 1409 2359 ljymwloei,

777 2349 870 2399 justa
887 2362 922 2390 et
940 2367 1078 2395 matura
1095 2369 1198 2396 zetate
1212 2360 1309 2399 initi.
1330 2363 1409 2400 vid-

781 2403 906 2443 Burm,
962 2410 984 2445 6
988 2420 1023 2456 3.
1039 2409 1091 2459 sq.
1106 2410 1258 2456 Interea,
1277 2414 1313 2450 in
1331 2414 1406 2465 spa-

778 2454 832 2492 tio
857 2456 926 2493 hoc
953 2461 1208 2511 quinquennii,
1235 2466 1321 2502 dum
1343 2469 1403 2515 ju-

776 2507 888 2544 venili
923 2509 1052 2559 vigore
1091 2522 1240 2551 utuntur
1277 2515 1402 2563 boves,

774 2561 891 2596 tauros
895 2560 1011 2608 sel-ve,
1037 2564 1200 2602 admitte.
1245 2566 1303 2603 De
1322 2578 1398 2606 tau-

773 2608 821 2645 ris
840 2623 935 2648 nune
964 2626 1037 2651 non
1064 2614 1222 2661 laborem
1253 2631 1336 2656 cum
1353 2621 1400 2658 de

775 2659 820 2697 iis
846 2662 918 2699 alio
950 2664 1032 2702 loco
1062 2679 1147 2703 mox
1177 2668 1337 2707 disturus
1354 2672 1397 2709 fit

774 2713 835 2750 vis.
867 2725 940 2752 212
973 2716 1068 2767 seqq.
1140 2718 1200 2767 64.
1232 2729 1395 2770 pecuaria

773 2777 845 2800 non
864 2765 945 2802 loca
959 2765 996 2804 h.
1015 2769 1059 2811 1.,
1078 2767 1136 2806 sed
1156 2770 1230 2820 ipsa
1248 2783 1393 2822 pecora,

772 2814 893 2858 boves,
911 2817 1002 2856 sunt.
1015 2818 1065 2855 cf.
1086 2819 1150 2857 inf.
1170 2835 1239 2872 471
1256 2827 1393 2874 egsiiva.

765 2873 908 2915 pria-tus,
928 2868 965 2905 h.
987 2871 1253 2921 quamprimum
1272 2876 1391 2918 mitte,

823 2918 854 2954 C
874 2931 894 2956 c
915 2933 936 2958 2
1300 2927 1392 2968 dum
