1821 3381
366 325 426 357 ao
526 310 626 357 DE
677 309 1045 357 CARMINE
1091 307 1507 356 BUCOLICO.

364 445 622 508 gratiorem
647 444 733 490 esse
759 443 911 499 sentit,
947 443 979 488 fi
1022 442 1102 488 ille
1137 440 1220 487 sub
1257 440 1353 504 fagi
1392 440 1575 497 umbra,
1608 439 1668 488 ad

363 526 503 574 rivuli
530 543 757 583 murmur,
777 526 824 572 in
853 524 981 571 molli
1007 525 1152 570 herba
1174 525 1291 570 inter
1312 539 1515 586 gregum
1538 522 1671 569 exui-

364 609 579 668 tationes,
613 608 771 655 sedens
794 609 893 655 otio
916 607 1188 671 indulgeat?

673 739 813 777 Dicunt
832 739 868 776 in
889 748 1008 776 tenero
1025 738 1188 789 gramine
1206 738 1396 790 pinguium·

542 799 717 837 Custodes
737 799 857 836 ovium
877 799 1052 843 carmina,
1074 799 1186 836 fistula

543 859 753 897 Delectante
769 860 892 901 deum,
920 857 978 895 eui
1000 871 1105 909 pecus
1123 867 1157 894 et
1177 858 1273 910 nigri

647 919 768 956 Colles
788 918 956 956 Arcadiae
973 918 1114 968 placent
1131 917 1170 956 ⁴¹¹.

363 1040 519 1087 Potest
552 1041 589 1086 is
617 1041 745 1087 locus
784 1034 1021 1085 interdum
1060 1035 1177 1081 adeo
1200 1035 1376 1098 duplex
1409 1036 1511 1095 effe,
1546 1047 1599 1083 ut
1623 1047 1672 1084 ct

362 1123 400 1168 is
432 1123 713 1187 designetur,
747 1122 794 1167 in
835 1137 930 1182 quo
967 1118 1123 1181 pastor
1161 1129 1332 1172 cantet,
1368 1130 1413 1164 et
1455 1121 1586 1178 alter,
1621 1124 1670 1170 in

361 1221 456 1268 quo
498 1219 570 1249 res
608 1213 982 1249 commemorata
1024 1201 1151 1262 gesta
1188 1201 1272 1255 sit;
1310 1212 1361 1246 ut
1396 1201 1442 1247 in
1488 1202 1670 1267 Ecloga

362 1287 549 1335 decima
572 1303 598 1332 a
622 1285 824 1348 Virgilio
849 1283 1026 1330 factum
1053 1284 1336 1333 videbimus,

427 1369 658 1433 Superest,
708 1380 761 1414 ut
809 1368 1033 1413 nonnulla
1101 1366 1393 1430 adjiciamus,
1444 1387 1551 1432 quae
1612 1371 1672 1418 ac}

364 1454 625 1515 Virgilianas
668 1451 845 1511 Eclogas
888 1449 1083 1511 propius
1127 1450 1349 1510 spectant.
1419 1450 1524 1510 Jarn
1571 1443 1673 1514 pri..

363 1552 499 1582 mum
536 1534 621 1580 nifi
644 1534 733 1580 alia
755 1533 910 1588 effent,
944 1533 1115 1595 quibus
1153 1532 1294 1579 Maro
1331 1535 1494 1597 magni
1518 1534 1683 1597 poetae'

362 1633 535 1664 nomen
559 1614 869 1677 consequutus
895 1614 973 1670 est,
998 1613 1103 1659 solis
1129 1614 1363 1660 Bucolicis
1388 1615 1557 1661 reiidtis
1591 1616 1672 1662 vix'

361 1718 475 1748 eum
510 1701 558 1747 in
599 1698 789 1745 censum
826 1696 1387 1761 principumbpo'etarum
1421 1711 1671 1744 venturum

363 1784 494 1831 fuiffe
517 1781 733 1828 arbitror.
804 1780 990 1843 Ingenii
1030 1780 1156 1827 enim
1195 1780 1243 1826 in
1281 1780 1565 1828 inveniendo
1588 1782 1670 1828 vix

362 1882 589 1928 magnam
633 1863 772 1911 habet
807 1862 1027 1916 laudem3
1065 1864 1363 1925 Argumenta
1387 1863 1671 1919 carminum,

362 1947 434 1994 uti
457 1947 618 2009 paullo
649 1957 757 1992 ante
795 1945 1018 2001 vidimus,
1053 1945 1142 1991 alia
1178 1944 1281 1990 sunt
1319 1961 1373 1990 ex
1416 1944 1673 1991 Theocrito

364 2044 577 2080 mutuata
609 2042 654 2077 et
679 2029 918 2076 interdum
943 2027 1105 2092 jejune
1144 2027 1250 2074 satis
1289 2028 1497 2075 traducta
1532 2040 1611 2075 aut
1648 2046 1672 2076 c

363 2114 577 2177 pluribus
613 2113 894 2174 Idylliorum
931 2112 1046 2158 locis
1085 2123 1430 2174 coagmentata,
1462 2123 1513 2157 ut
1537 2112 1674 2158 tertiae

365 2209 412 2243 et
435 2196 634 2259 septima
664 2196 874 2257 Ecloga;
910 2194 999 2240 aiia
1038 2210 1131 2240 non
1169 2193 1400 2240 bucolicae
1434 2202 1563 2239 erant
1588 2210 1673 2240 na-

363 2294 495 2336 turae,
531 2279 608 2326 sed
647 2290 832 2325 tanturn
874 2278 932 2324 ad
972 2276 1301 2322 bucolicorum
1345 2289 1529 2322 rnorem
1568 2275 1675 2323 sunt

307 2411 309 2414 ,
364 2363 572 2417 tractata,
606 2372 658 2407 ut
689 2361 860 2423 prima,
895 2371 1074 2422 quarta,
1114 2358 1254 2415 sexta,
1295 2374 1432 2416 nona,
1467 2359 1674 2406 decima.-

367 2445 620 2492 Sententiae
657 2456 816 2490 autem
847 2455 893 2489 et
938 2442 1080 2488 verba
1124 2458 1347 2505 magnam
1389 2455 1574 2504 partem
1617 2457 1676 2490 εκ

368 2528 630 2575 Theocrito
669 2527 774 2573 sunt
813 2525 1067 2580 conversam
1118 2525 1208 2572 alia
1251 2525 1357 2572 sunt
1401 2542 1427 2571 a
1464 2525 1674 2573 bucolici

367 2611 591 2658 carminis
613 2621 776 2655 natura
798 2608 962 2654 aliena.
1033 2607 1154 2673 Qis
1178 2608 1412 2670 pastorem
1449 2608 1564 2654 ferat
1591 2608 1676 2654 de-

367 2705 637 2741 cantantem
681 2692 789 2739 illa:
842 2690 957 2738 Ante
995 2693 1237 2754 pererratis
1278 2691 1488 2737 amborum
1515 2688 1677 2749 finibus

737 2839 761 2861 ᾗ
788 2839 919 2879 Horat.
938 2839 1063 2879 earm.
1081 2838 1152 2879 IV.
1175 2852 1235 2884 12,
1263 2850 1302 2888 9.
1321 2874 1323 2878 ,

1580 2915 1683 2963 exul
