1821 3381
359 318 456 366 254

554 301 607 349 P.
645 295 1022 348 VIRGILII
1092 296 1484 346 MARONIS

359 432 771 497 Temporibusque
795 448 958 495 parem
982 430 1173 479 diversis
1197 444 1398 494 quatuor
1419 445 1614 481 annum.

359 524 580 590 Frigidus
603 521 863 586 agricolam
888 519 921 565 fi
947 520 1138 582 quando
1161 523 1374 569 continet
1398 524 1579 570 imber:

363 618 541 673 Multa,
578 614 731 661 forent
753 627 862 675 quae
887 628 1000 659 mox
1025 612 1152 659 coelo
1176 615 1679 678 properanda-sereno,

363 709 608 756 Maturare
630 706 771 752 datur
786 728 798 758 ς
834 704 1008 750 durum
1032 705 1258 766 procudit
1282 719 1438 752 arator

1587 705 1675 754 261

362 792 580 841 Vomeris
604 794 759 841 obtusi
783 793 976 840 dentem
996 816 1006 847 ;
1043 805 1177 839 cavat
1200 793 1364 840 arbore
1389 794 1550 841 lintres
1569 819 1582 850 3

359 885 463 932 Aut
482 884 644 948 pecori
667 883 870 947 signum,
893 896 972 929 aut
997 899 1217 929 numeros
1240 884 1447 947 inpressit
1469 886 1665 933 acervis.

360 976 614 1024 Exacuunt
637 975 717 1022 alii
741 976 887 1022 vallos
914 975 1159 1039 furcasque
1178 976 1402 1033 bicornis,

406 1144 426 1168 2
427 1144 483 1177 59.
506 1135 640 1177 agricolas
654 1133 763 1166 laudat
783 1133 932 1164 Macrob.
946 1135 1015 1165 Sat.
1031 1135 1090 1172 Vl,
1105 1144 1124 1172 4
1137 1142 1169 1166 et
1179 1133 1283 1166 Schol.
1295 1134 1426 1166 Horatii
1440 1136 1561 1178 Cruqu.
1573 1137 1683 1168 Cam-t⁴

359 1188 389 1224 Ἰ,
407 1197 460 1227 23.
503 1189 601 1217 detinet
621 1186 672 1218 ed.
687 1187 771 1217 Ven.

862 1185 938 1217 261.
962 1187 1121 1216 Procurare
1135 1186 1247 1217 cadem
1264 1187 1312 1218 ed.
1333 1188 1415 1218 Ven.
1426 1190 1575 1229 prestimlit
1589 1196 1688 1218 araim·

362 1240 488 1271 Moret.
502 1237 726 1270 sec.—--262.
748 1239 851 1281 obtutfi
865 1239 1043 1277 Romanus,
1060 1239 1177 1270 Medic.
1199 1247 1232 1270 et
1247 1239 1321 1278 alii;
1343 1247 1379 1271 ut
1395 1247 1519 1271 veteres
1533 1240 1685 1272 solebant,

361 1292 448 1333 obtzfia
464 1290 608 1322 Parthas.
626 1298 658 1321 et
675 1292 758 1332 Reg.
776 1301 794 1321 a
809 1301 854 1321 m.
870 1300 918 1332 pr.

1010 1290 1083 1330 263.
1110 1292 1253 1334 imprcffat
1277 1293 1433 1323 Rottend.
1454 1292 1535 1324 alter
1550 1300 1582 1324 et
1602 1292 1684 1323 Cod.

362 1342 526 1381 Danieli53
549 1349 581 1374 et
605 1342 647 1373 fic
676 1342 800 1373 editum
829 1341 861 1372 in
891 1342 1111 1384 Cuningham.
1138 1343 1207 1385 post
1233 1344 1419 1375 Bersmanm
1468 1347 1529 1376 Pro
1555 1345 1688 1387 vulgata

361 1393 510 1426 laudatur
526 1393 682 1435 Calpurn.
705 1395 750 1432 V,
772 1393 825 1426 88.

362 1446 456 1478 codd.
471 1444 612 1477 Brunck.

360 1603 579 1644 temporum.
651 1594 738 1631 260.
767 1590 806 1628 Si
834 1590 997 1642 pluvium

364 1655 506 1695 tempus
523 1649 661 1682 contmet
677 1644 715 1680 h.
736 1657 768 1681 e.
781 1643 883 1681 domi
902 1653 998 1680 tenet

368 1700 418 1745 (v.
463 1697 585 1733 Burm.
620 1696 657 1733 h.
690 1696 732 1742 l.)
768 1695 995 1745 agricolam:

364 1748 506 1785 multa
497 1758 633 1785 lnterea
662 1760 786 1797 parare
815 1756 850 1784 et
881 1747 999 1783 facere

363 1801 467 1844 licet,
507 1813 587 1849 quae
621 1812 707 1835 mox
750 1799 872 1836 sereno
910 1800 999 1836 caelo

362 1864 492 1903 parum
521 1850 724 1901 tempestive
752 1851 911 1887 curanda
946 1851 999 1887 es-

365 1903 457 1941 sent.
509 1903 596 1939 Hoc
624 1907 730 1953 po'e'ta
758 1902 919 1939 ornatius
936 1915 998 1939 ex-

366 1956 468 1998 tulit,
509 1955 586 2004 post
635 1954 853 1996 Hesiodum,
892 1967 999 2004 quem

365 2019 535 2057 compara
568 2019 643 2056 493
680 2002 759 2055 sqq.
824 2005 998 2043 Praeterea

366 2069 516 2095 monent
557 2056 819 2101 Grammatici,
857 2057 999 2094 Servius

367 2110 415 2146 ad
446 2111 483 2148 h.
509 2109 535 2147 1.
565 2109 709 2146 Gellius
735 2108 790 2152 X,
815 2122 875 2147 11.
913 2109 997 2145 Ma-

367 2162 471 2200 crob.
491 2160 564 2205 VI,
595 2165 615 2199 8
644 2161 695 2197 de
717 2161 853 2198 dilectu
870 2160 998 2198 verbo-

367 2225 447 2250 rum
476 2190 642 2250 adhibito
671 2226 691 2249 a
718 2214 848 2262 poe'ta:
876 2212 999 2271 Μακί-

367 2268 445 2303 mn*
468 2277 525 2308 ea,
553 2278 633 2322 quae
659 2263 902 2301 accelerentur
919 2263 1000 2313 qui-

368 2317 468 2361 dem,
498 2316 559 2352 sed
595 2315 801 2373 diligentiae
834 2314 1002 2352 tarditate

367 2382 453 2406 cum
472 2367 655 2404 industriae
676 2366 861 2404 alacritate
883 2379 924 2403 ac
944 2380 1000 2404 ce-

367 2419 510 2457 leritate
526 2420 730 2468 conjuncta.
757 2418 1000 2461 Eadem,cum

367 2471 503 2515 subito,
545 2470 674 2520 raptim
705 2480 741 2508 et
771 2480 1004 2521 properanter

367 2523 476 2567 fiunt,
513 2528 690 2581 propemri
717 2522 906 2565 dicuntur,
934 2534 1000 2559 nec

365 2574 477 2612 facile
521 2573 716 2625 diligenter
758 2583 795 2611 et
838 2583 1003 2610 accurate

367 2626 444 2663 fieri
468 2626 622 2676 possunt.
678 2625 772 2678 Qae
805 2621 851 2662 an
885 2625 936 2661 ita
966 2624 1002 2661 se

366 2677 539 2721 habeant,
557 2676 727 2736 equidem
752 2690 826 2714 non
855 2676 1001 2715 dixero.

371 2727 495 2766 Potuit
524 2728 620 2766 enim
648 2733 757 2779 poeta
786 2728 894 2765 verba
920 2728 1002 2765 sim-

369 2780 516 2830 pliciter
550 2793 682 2830 ponere
716 2792 783 2830 pro
831 2779 999 2830 vulgari:

369 2833 485 2869 multa
515 2845 610 2869 nunc
636 2831 757 2869 facere
791 2831 894 2876 licet,
921 2845 1003 2881 quae

370 2896 454 2921 mox
473 2883 580 2922 effent
596 2883 778 2923 facienda.
830 2882 886 2922 Ut
916 2895 1003 2922 con-

918 1393 992 1432 264.
1016 1395 1167 1425 Exacuant
1192 1395 1350 1426 Rottend.
1401 1395 1490 1426 vallos
1513 1397 1566 1427 alii
1584 1407 1601 1428 e
1627 1396 1690 1429 suis

1062 1601 1116 1628 tra
1134 1602 1306 1628 maturare
1318 1594 1370 1642 fi
1366 1607 1450 1642 gam
1476 1590 1572 1628 dixit
1601 1591 1688 1630 AEn.

1062 1644 1096 1686 Ι,
1114 1657 1180 1693 137
1204 1656 1268 1693 pro
1285 1643 1523 1694 praecipitare.
1577 1641 1634 1680 Dc
1653 1656 1691 1681 re

1062 1695 1215 1731 v.Cato
1234 1708 1312 1744 cap.
1334 1708 1370 1737 2,
1390 1695 1458 1744 §.3
1465 1721 1474 1731 .
1517 1697 1604 1734 262.
1627 1697 1691 1733 Vo-

1063 1764 1105 1784 m
1115 1752 1158 1783 rit
1174 1749 1299 1783 dentem
1314 1709 1599 1783 diXiff83V1detur
1611 1759 1693 1784 om-

1064 1799 1153 1835 nino
1172 1811 1238 1848 pro
1258 1811 1425 1843 vomere3
1452 1798 1518 1835 nifi
1536 1798 1584 1835 cst
1601 1798 1690 1835 den-

1065 1853 1157 1889 tale:
1187 1849 1239 1887 cf.
1267 1863 1302 1886 V.
1339 1863 1423 1901 17²·
1477 1850 1605 1887 lintres.
1651 1850 1690 1887 Si

1064 1902 1222 1953 scaphas,
1247 1911 1282 1937 et
1301 1900 1490 1938 fluviatiles
1510 1901 1694 1939 naviculas

1063 1953 1257 2003 intelligas,
1267 1954 1367 2003 poffis
1381 1965 1507 2004 agrum
1519 1952 1693 1990 Mantua-

1063 2019 1150 2043 num
1189 2005 1411 2054 omninoque
1445 2005 1546 2041 istam
1578 2004 1694 2042 Italiae

1064 2070 1165 2094 oram
1185 2056 1284 2093 Pado
1314 2055 1464 2107 aliisque
1483 2055 1695 2094 fluminibus

1062 2108 1239 2168 perfusam
1268 2108 1457 2158 cogitare3
1485 2106 1585 2144 conf.
1613 2108 1693 2145 Ser-

1064 2157 1220 2197 viumh.
1252 2160 1279 2197 l.
1335 2158 1621 2196 Convenientius
1639 2169 1693 2197 ta-

1066 2216 1147 2248 men
1165 2212 1251 2249 vitae
1280 2210 1417 2248 rusticae
1441 2211 1506 2247 effe
1535 2210 1696 2256 videtur,

1066 2273 1106 2303 ut
1124 2263 1205 2300 vasa
1236 2263 1355 2314 lignea
1380 2275 1540 2299 concava
1574 2271 1611 2299 et
1642 2263 1694 2299 al-

1067 2329 1088 2352 v
1091 2328 1150 2352 eos
1168 2313 1425 2365 interpreteris,
1437 2313 1500 2364 qui
1513 2313 1606 2351 inter
1621 2314 1696 2351 rus-

1067 2363 1142 2405 tica
1167 2366 1398 2404 instrumenta
1416 2365 1509 2403 sunt.
1564 2365 1625 2403 Sic
1643 2366 1697 2403 al-

1067 2430 1167 2463 veos,
1194 2418 1233 2454 in
1252 2418 1381 2467 quibus
1409 2430 1487 2454 uvae
1503 2426 1696 2474 portantur

1066 2469 1105 2506 in
1119 2470 1316 2513 vindemia,
1325 2467 1544 2507 lintresdixit
1552 2467 1697 2507 Tibull.

1066 2518 1100 2565 Ῑ,
1121 2536 1160 2573 5,
1181 2536 1200 2560 2
1207 2535 1243 2570 3
1280 2523 1328 2559 26
1332 2535 1367 2570 3
1386 2535 1531 2558 numeros
1547 2520 1703 2570 imprcffit*

1067 2579 1209 2613 acervis.
1239 2574 1316 2610 Aut
1329 2586 1414 2609 cum
1424 2571 1549 2609 Servio
1566 2572 1698 2609 tesserae

1067 2635 1103 2662 et
1125 2625 1265 2661 tabellae
1283 2623 1544 2674 intelligendae,
1561 2623 1699 2660 acervis

1068 2676 1258 2727 impofitae,
1283 2675 1413 2726 quibus
1439 2673 1611 2712 frumenti
1629 2688 1699 2712 nu·

1069 2741 1186 2765 merus
1196 2727 1266 2765 defi
1270 2736 1417 2778 gnatur
1424 2736 1484 2763 aut
1492 2741 1610 2764 acer-01
1607 2725 1700 2763 sunt

1067 2779 1247 2817 frumenta
1253 2777 1426 2816 saccisseu
1437 2778 1522 2814 vafis
1531 2777 1699 2821 condita,

1068 2830 1200 2880 quibus
1242 2830 1332 2868 vafis
1371 2828 1545 2866 inscribat
1582 2838 1700 2886 pater·

1068 2881 1238 2928 familias,
1273 2891 1364 2934 quot
1395 2879 1539 2921 modios
1579 2879 1700 2918 conti-

1577 2939 1700 2974 neant.
