1821 3381
387 321 480 370 ¹90
545 301 906 351 EXCURSUS
932 298 1017 346 IV.
1053 299 1150 347 AD
1184 299 1548 350 BUCOLICA.

381 436 575 488 Scyllaeum
606 434 789 486 ingentem
826 431 988 483 conspici
1019 429 1190 481 copiam;
1234 430 1349 468 multo
1390 431 1503 482 magis
1537 430 1609 469 hoc
1642 430 1694 468 ita

383 497 418 534 se
435 495 560 533 habuit
579 491 847 543 antiquioribus
864 489 1105 541 temporibus,
1131 501 1215 525 cum
1231 498 1267 525 et
1295 488 1518 538 thynnorum
1543 490 1697 541 piscatio

378 557 480 595 circa
498 555 688 604 Scyllaeum
707 551 907 588 belluarum
924 549 1068 586 istarum
1092 560 1199 598 opera
1216 558 1440 587 exerceretur
1457 550 1494 587 ἦ.
1548 548 1699 588 Duxere

381 630 526 668 quoque
543 613 614 651 viri
642 612 740 649 doffl
767 623 898 648 nomen
926 609 1056 659 Scyllae
1083 607 1130 645 ab
1167 606 1324 653 iisdem3
1352 609 1400 646 est
1429 608 1527 647 enim
1548 609 1699 656 σκύλαξ,

381 678 536 718 σκύλλος,
552 674 700 711 σκύλλα.

434 735 574 773 Interea
603 733 641 770 in
668 731 754 768 artis
779 727 906 780 priscae
932 725 1116 778 operibus,
1142 738 1216 763 non
1247 726 1365 777 magis
1396 739 1504 777 quam
1534 727 1574 764 in
1606 731 1697 778 poe:-

382 795 444 838 tis,
486 794 567 832 aliae
611 804 722 843 quam
769 802 859 827 vcrae
894 799 997 824 canes
1031 786 1198 837 expreffae
1239 786 1307 824 effe
1342 787 1529 831 videntur,
1573 786 1699 826 saltem

380 864 557 907 quantum
605 865 649 889 ex
694 862 819 887 eorum
863 845 1080 898 apographis
1120 843 1251 893 assequi
1299 846 1467 895 poffum3
1502 859 1617 882 unum
1649 846 1697 892 est

379 915 624 964 fragmentum
649 911 686 949 in
706 908 844 946 Marm.
869 908 992 944 Oxou.
1011 903 1052 942 P.
1073 903 1106 949 Ι,
1134 902 1354 948 CXXXII,
1382 905 1421 941 in
1440 917 1513 954 quo
1541 917 1582 941 os
1599 905 1699 942 canis

382 974 530 1026 propius
561 972 601 1008 fit
628 967 695 1007 'ori
735 967 853 1006 bestiae
892 965 1074 1016 aquatilis.
1144 963 1334 1001 Lucretius
1372 962 1425 1007 V,
1460 965 1535 1014 890
1573 964 1699 1002 rabidis

380 1033 518 1074 canibus
536 1035 725 1081 succim‘Jas
744 1031 969 1077 stmimarinis
1005 1023 1203 1074 Corporibus
1236 1023 1365 1071 Scyllas
1393 1023 1516 1060 dixit:
1555 1022 1610 1061 ibi
1645 1033 1699 1061 ta·

384 1106 466 1130 men
494 1105 566 1128 non
597 1102 699 1126 canes
728 1087 788 1124 sed
813 1085 943 1135 Scyllae
970 1084 1051 1122 sunt
1078 1083 1315 1121 semimarinis
1340 1081 1582 1134 corporibus:
1611 1095 1699 1132 quas

382 1164 449 1203 pro
486 1163 556 1187 una
591 1148 714 1196 Scylla
748 1145 981 1183 semimarino
1012 1156 1164 1193 corpore
1199 1143 1314 1186 dixit,
1355 1141 1513 1192 respeRu
1560 1142 1700 1180 caudae.

383 1210 516 1249 Lusere
533 1218 666 1245 veteres
685 1206 836 1243 artifices
853 1205 892 1241 in
910 1202 1028 1240 forma
1046 1202 1246 1240 belluarum
1275 1215 1295 1238 e
1331 1201 1451 1250 Scylla
1475 1200 1699 1239 nascentium

390 1273 445 1321 (v.
465 1281 499 1305 c.
528 1265 662 1303 PiRur.
693 1263 892 1301 Herculan.
924 1262 999 1299 To.
1032 1261 1106 1306 III,
1134 1275 1172 1312 p.
1207 1261 1318 1312 109),
1347 1260 1458 1297 modo
1492 1259 1531 1297 in
1558 1259 1702 1308 caudis,

384 1342 466 1380 quae
488 1327 525 1364 in
544 1325 721 1376 serpentes
738 1331 870 1360 exeunt
888 1322 927 1359 in
958 1319 1211 1358 Monumentis
1237 1319 1413 1356 Etruscis.
1467 1319 1593 1356 Novat
1611 1332 1702 1369 quo-

383 1400 455 1438 que
487 1386 527 1423 in
554 1384 684 1432 Scyllae
712 1382 828 1420 forma
859 1381 980 1419 Schol.
1011 1379 1202 1430 Apollonii
1230 1378 1304 1423 IV,
1339 1381 1426 1429 825.
1481 1379 1524 1415 In
1542 1378 1621 1430 ipso
1637 1378 1703 1417 illo

385 1459 498 1486 numo
535 1443 882 1495 Agrigentinorum,
908 1453 1014 1491 quem
1045 1439 1170 1490 paullo
1199 1447 1281 1476 ante
1311 1439 1524 1484 memoravi,
1551 1439 1704 1476 alterum

385 1515 495 1559 eaput
511 1504 610 1542 canis
626 1516 671 1540 an
690 1502 783 1553 lupi,
800 1501 954 1539 alterum
972 1499 1098 1551 bydrae
1113 1499 1175 1537 est.

429 1612 450 1630 ἦ
474 1608 526 1640 Cf.
558 1607 671 1639 Strabo
695 1606 752 1638 lib.
783 1608 810 1645 1,
831 1618 865 1649 p.
893 1616 933 1646 43
966 1606 1012 1648 sq.
1076 1605 1221 1646 λέγεσθαί
1251 1612 1329 1644 φασι.
1414 1603 1522 1635 Etiam
1563 1603 1704 1645 Oppiam,

387 1665 404 1686 e
438 1652 594 1693 Polybio:
630 1651 685 1693 qui
726 1658 834 1681 tamen
863 1664 940 1681 canes
972 1651 1012 1681 de
1078 1649 1223 1681 Halieut.
1245 1651 1287 1686 V,
1304 1648 1378 1688 365.
1402 1646 1466 1688 376
1488 1660 1565 1678 canet
1582 1654 1616 1678 et
1633 1647 1706 1690 pba-
1739 1647 1744 1650 “

386 1697 449 1728 alio
474 1696 608 1737 piscium
639 1705 758 1736 genere
787 1694 929 1735 accepit:
964 1693 1012 1727 τὸς
1077 1707 1122 1725 cas
1139 1692 1316 1734 distinguit.

388 1739 551 1782 γαλεώτας,
582 1739 611 1773 ὓς
637 1739 688 1770 καὶ
719 1737 809 1778 ξιφίας
849 1738 900 1769 καὶ
931 1737 1013 1771 κύνας
