1821 3381
333 271 785 359 BUCOLICA‚
849 297 1028 348 ECL.
1086 295 1171 348 vr.
1317 309 1407 366 109

96 439 181 464 eum
199 424 382 464 Martinus
401 436 444 461 ac
462 422 672 463 Wartonus,
698 418 764 469 qui
793 415 946 467 anglicis
969 415 1123 453 verfibus
1151 414 1308 467 Eclogas
1333 416 1413 453 red-

96 493 211 537 didit,
237 493 263 530 fi
281 491 466 543 quaeritur,
493 487 660 541 quorsum
678 483 833 537 phyficis
855 482 998 535 placitis
1021 483 1154 520 fabulae
1179 482 1250 521 istae
1268 497 1288 520 a
1306 497 1341 521 v.
1361 497 1409 534 43

97 560 175 613 sqq.
210 561 376 611 subjeaae
410 559 493 604 sint,
526 556 705 595 rationem
739 551 1065 591 comminiscuntur
1098 551 1179 588 satis
1213 551 1380 589 subtilem
1399 567 1411 596 ;

96 627 194 668 tradi
212 629 349 668 scilicet
365 641 438 666 non
456 627 573 665 minus
603 623 777 662 moralem
796 633 902 672 quam
922 620 1120 657 naturalem
1149 619 1412 670 Epicureorum

98 698 379 749 philosophiam,
406 710 478 747 qua
507 702 760 733 revocarentur
787 689 954 740 inprimis
970 702 990 726 a
1008 689 1272 739 cupiditatibus
1288 700 1324 726 et
1342 689 1412 726 im-

100 766 297 805 moderatis
315 764 429 803 animi
446 760 779 815 perturbationibus
797 757 982 803 homines;
1010 757 1085 795 haec
1117 767 1234 794 autem
1260 770 1414 809 praecep-

99 843 153 880 ta,
180 844 221 871 ut
253 834 403 872 decebat
447 836 608 883 poetam,
636 829 792 880 expressa
819 828 886 865 esse
919 827 1052 865 fabulis
1078 828 1124 864 de
1164 827 1260 878 turpi
1293 841 1416 866 amore

101 902 278 942 Herculis
294 911 330 939 et
348 900 548 952 Pasiphaes,
576 899 623 937 de
638 897 805 948 superbia
822 895 1040 939 Proetidum,
1058 895 1209 933 avaritia
1237 896 1417 934 Atalantae

99 982 137 1011 et
155 971 354 1010 immodico
372 971 469 1008 luctu
490 968 816 1007 Phaethontiadum
833 966 1007 1004 sororum.
1051 966 1120 1003 Sed
1138 966 1340 1016 Virgilium
1360 980 1418 1007 eas

104 1052 243 1080 tantum
263 1041 402 1079 fabulas
430 1040 618 1089 sequutum
647 1039 713 1075 effe
740 1046 899 1087 apparet,
927 1050 1005 1086 quae
1033 1045 1069 1072 et
1096 1035 1418 1085 frequentatiffimae

104 1112 144 1149 in
160 1122 320 1149 veterum
346 1109 565 1147 carminibus
592 1109 714 1152 effent,
733 1117 769 1144 et
786 1117 949 1144 ornatum
967 1107 1155 1157 poeticum
1173 1107 1336 1158 inprimis
1353 1108 1418 1144 ad-

107 1180 302 1217 mitterent.
355 1177 481 1228 Itaque
499 1176 585 1213 alias
601 1174 768 1212 disertius
794 1173 959 1224 exponit,
987 1173 1139 1211 aliarum
1168 1187 1240 1211 non
1269 1175 1333 1212 nisi
1362 1188 1418 1212 ar-

106 1257 278 1299 gumenta
295 1254 568 1288 commemorat,
593 1255 630 1282 et
647 1243 877 1282 delectationi
902 1244 992 1280 adeo
1021 1243 1149 1285 studet,
1177 1253 1216 1280 ut
1242 1242 1337 1280 inter
1354 1258 1418 1281 an»

108 1317 226 1368 tiquas
255 1316 336 1354 illas
361 1315 502 1353 fabulas
532 1312 634 1351 Galli
664 1311 718 1350 sui
746 1311 971 1357 meminerit3
1000 1312 1083 1349 loco
1114 1324 1240 1362 parum
1271 1311 1420 1357 idoneo,

110 1386 175 1424 nisi
195 1385 310 1424 versus
328 1385 554 1436 transponere
570 1382 746 1435 placuerit
763 1395 771 1418 :
801 1394 871 1432 qua
888 1380 932 1418 de
951 1394 989 1418 re
1006 1395 1039 1418 v.
1059 1380 1128 1418 inf.
1144 1380 1190 1417 ad
1209 1381 1271 1430 64.
1330 1380 1420 1418 For-

111 1469 207 1493 mam
226 1464 262 1492 et
279 1456 437 1492 colorem
450 1454 495 1491 ab
513 1454 581 1491 hoc
599 1451 758 1490 carmine
775 1450 931 1488 ducebat
950 1449 1130 1487 Gesnerus
1146 1449 1422 1499 elegantissimus

110 1528 235 1575 poeta,
275 1537 358 1561 cum
394 1521 609 1560 Cantharam
626 1525 784 1572 fim‘Jum
817 1519 1000 1564 scriberet,
1037 1518 1097 1556 sed
1132 1519 1307 1556 nollemus
1340 1533 1423 1558 eum

112 1591 281 1630 carminis
313 1591 526 1642 gravitatem
563 1588 610 1626 ad
650 1601 723 1626 rem
762 1587 968 1625 leviffimam
1002 1587 1204 1633 deflexiffe3
1244 1601 1317 1638 quo
1345 1588 1423 1640 ipso

114 1660 233 1697 omnis
251 1658 446 1711 voluptatis
463 1658 598 1695 fructus
615 1657 831 1707 interceptus
849 1657 909 1694 est,

167 1728 346 1764 Caeterum
366 1726 466 1763 Varo
483 1725 694 1776 inscriptum
711 1727 757 1762 est
775 1739 918 1762 carmen
933 1738 943 1762 ε
972 1726 1017 1763 de
1031 1738 1105 1777 quo
1121 1725 1196 1763 vid.
1211 1724 1361 1764 Excurs.
1377 1728 1423 1764 ad

108 1799 209 1836 -hanc
228 1797 307 1835 Ecl.
362 1795 535 1833 Fabulam
553 1796 600 1833 de
618 1795 764 1833 recitata
789 1796 856 1832 hac
887 1795 1025 1847 Ecloga
1048 1810 1068 1832 a
1095 1796 1298 1845 Cytheride
1313 1796 1423 1834 mima

117 1877 154 1904 et
182 1867 372 1906 Ciceronis
406 1866 626 1908 exultatione
657 1853 738 1904 vidss
767 1867 805 1903 in
836 1866 1106 1906 Pseudodonati
1135 1866 1229 1905 Vita
1253 1866 1362 1920 Virg.
1397 1868 1422 1907 s,

118 1949 180 1988 41.
