1821 3381
377 343 927 404 GEORGICON‚
983 345 1258 394 LIB.11.
1388 361 1485 411 359

171 480 409 528 Silvestres
434 481 505 527 uri
530 480 717 528 adfidue
741 497 1021 544 capreaeque
1046 480 1266 544 sequaces

172 570 415 627 In-ludunt‚
449 572 704 634 pascuntur
727 588 837 618 oves
861 569 1364 635 avidaequejuvencae.
1387 585 1448 634 37
1457 584 1481 634 5

172 659 370 724 Frigora
393 677 479 707 nec
503 672 692 708 tantum
717 676 833 707 cana
856 673 1077 706 concreta
1099 661 1285 723 pruina,

169 752 271 802 Aut
284 752 440 815 gravis
463 750 743 796 incumbens
767 750 971 813 scopulis
995 752 1232 798 arentibus
1257 751 1406 809 aestas,

169 844 421 909 Qantum
445 844 513 890 illi
539 858 739 889 nocuere
763 856 944 904 greges,
980 840 1181 904 durique
1204 859 1438 892 venenum

170 934 357 992 DentiS,
391 946 436 980 et
460 931 677 979 admorso
703 931 880 994 signata
904 930 951 976 in
976 929 1117 992 stirpe
1142 929 1357 976 cicatrix.

215 1086 289 1118 374.
311 1080 387 1108 tam-i
401 1077 453 1108 vel
468 1078 524 1120 urst
535 1076 620 1118 conj.
639 1075 752 1107 Cerda.
796 1075 846 1116 Jo.
863 1073 1174 1116 Schradenstlvssres
1189 1074 1260 1103 hirci
1271 1083 1281 1103 .·
1304 1079 1339 1103 ut
1351 1073 1406 1111 111,
1423 1080 1488 1111 314

164 1132 317 1173 pascuntur
319 1131 425 1172 silvas,
448 1137 546 1170 utque
563 1129 647 1170 apud
663 1129 802 1158 Homer.
822 1127 940 1169 ὄξὲσκῳοι
957 1124 1046 1164 αἶγες,
1072 1135 1103 1155 et
1128 1124 1204 1155 alibi
1216 1126 1356 1168 filvgstres
1372 1133 1487 1167 coprete.

169 1181 259 1212 Idem
275 1181 417 1212 tentabat
431 1191 438 1212 :
462 1181 748 1222 capreoeqttesitgaces.
796 1177 940 1209 Macrob.
955 1178 1014 1214 VI,
1036 1187 1056 1213 4
1069 1176 1096 1208 f.
1122 1181 1141 1196 “
1156 1179 1202 1206 uri
1215 1176 1336 1207 Gallica
1352 1187 1414 1207 vox
1432 1178 1489 1215 est,

168 1236 191 1254 θ(
205 1243 267 1274 qua
290 1231 350 1262 seri
376 1231 473 1262 boves
502 1230 741 1272 significantur''
774 1229 853 1259 adeo
877 1227 1054 1272 Virgilium
1070 1238 1134 1258 non
1151 1226 1298 1269 respuisse
1315 1228 1487 1269 peregrina

168 1294 247 1315 voce
272 1284 331 1315 uti.
375 1284 477 1326 affduo
504 1285 587 1314 Ven.
631 1289 769 1323 capraeque
795 1279 890 1310 multi
922 1289 937 1308 c
963 1289 997 1309 m
1029 1279 1146 1309 Medic.
1158 1288 1328 1317 ——375
1369 1280 1491 1313 Illidun

169 1335 251 1367 Ald.
268 1346 317 1378 pr.
360 1348 427 1366 aves
443 1335 527 1366 Gud.
544 1345 562 1365 a
578 1345 621 1364 m.
636 1344 685 1375 pr.
777 1341 849 1371 277.
871 1332 955 1361 berbi,
975 1331 1110 1362 arentibus
1136 1329 1237 1360 Goth.
1257 1330 1316 1360 sec.
1335 1340 1352 1360 a
1373 1339 1418 1359 m.
1438 1340 1488 1371 pr,

167 1388 321 1417 ardentibus
337 1388 447 1417 Franc.
466 1394 497 1417 et
514 1384 699 1425 Cantabrig.
718 1394 790 1414 cum
813 1382 881 1413 Erf.
925 1383 999 1425 cestus
1026 1381 1143 1412 Medic.
1171 1380 1269 1412 Pierii
1294 1388 1325 1411 et
1342 1380 1491 1414 Parrhas.

170 1440 278 1471 Mead.
303 1450 385 1472 unus
403 1446 433 1469 et
455 1439 537 1480 Reg.
562 1437 620 1467 Ed.
646 1437 729 1466 Veu.
819 1443 891 1474 379.
915 1434 950 1463 In
973 1434 1094 1474 admorso
1111 1442 1228 1474 magna
1243 1431 1393 1470 varietas,
1415 1442 1488 1472 quae

169 1492 252 1524 forte
269 1490 496 1522 Grammaticis
511 1488 655 1524 debetur,
677 1486 730 1528 qui
748 1486 858 1527 generi
875 1486 912 1516 τέ
924 1485 1017 1528 stispe
1031 1484 1199 1515 timebant.
1244 1484 1305 1514 Sed
1321 1483 1385 1514 vid.
1412 1485 1488 1514 AEn.

169 1545 246 1582 XII,
269 1543 342 1575 208.
387 1543 510 1581 admotfic
536 1543 701 1570 Romanus
731 1537 840 1568 Pierii.
883 1536 932 1567 Sic
959 1543 989 1566 et
1015 1536 1112 1566 Pierii
1142 1535 1304 1566 Mediceus
1327 1546 1344 1565 a
1367 1545 1413 1565 m.
1436 1546 1488 1576 pr.

170 1595 334 1628 Mediceus
359 1593 507 1634 Fogginii
532 1606 550 1622 a
574 1593 668 1631 mmfi,
689 1596 849 1620 mutatum
877 1588 910 1619 in
934 1601 952 1618 a
966 1588 1065 1629 morfiz.
1112 1586 1161 1616 Sic
1178 1586 1258 1617 etin
1275 1585 1344 1616 aliis
1360 1586 1487 1617 Pierius

169 1658 207 1677 ex
221 1647 340 1686 admorso
356 1644 478 1675 erasum
490 1643 550 1674 esse
566 1646 585 1673 d
597 1650 650 1673 aut
667 1642 788 1672 saelum
812 1654 829 1671 a
854 1642 941 1681 morfiae
957 1639 1048 1669 vidit.
1094 1638 1217 1668 Eadem
1237 1637 1374 1668 varietas
1400 1638 1486 1678 apud

169 1697 280 1728 Heius.
293 1704 324 1727 et
341 1697 452 1727 Burm.
473 1696 603 1736 admmfi,
616 1695 730 1734 aarorfi,
745 1692 860 1739 amasa.
905 1689 1130 1722 Librariorum
1146 1696 1178 1720 et
1195 1687 1490 1719 Grammaticorum

168 1749 316 1782 ludibria.

173 1870 260 1908 374.
307 1858 392 1894 Uros
426 1853 569 1906 proprie
604 1852 720 1890 ἀίξὶοε
758 1850 805 1888 in.

171 1909 277 1947 Italia
297 1909 412 1946 nullos
434 1907 500 1943 effe
531 1905 618 1942 satis>
646 1905 794 1940 constat.

173 1960 371 2011 Hercyniae
388 1959 481 1995 filvae
504 1956 714 1994 solitudines
732 1955 797 1991 illo

169 2025 330 2064 tempore
348 2024 407 2049 eos
425 2009 608 2047 incoluiffe
623 2021 641 2044 e
659 2006 798 2043 Caesare

167 2066 316 2104 constat.
345 2064 397 2099 At
411 2061 506 2098 enim
523 2060 632 2097 velex
646 2058 710 2096 lib„
725 2056 798 2102 ΙΙΙ,

168 2133 204 2156 v.
245 2129 316 2167 532
352 2112 575 2151 manifestum
619 2112 682 2155 est,
723 2125 798 2146 uros

170 2174 289 2220 po'etae
307 2164 502 2217 improprie
519 2164 635 2201 dictos
650 2163 714 2198 effe
732 2173 798 2209 pro

169 2220 253 2259 feris
269 2219 400 2260 bubus,
427 2216 548 2266 quales
577 2213 683 2250 Italia
700 2225 794 2250 nunc

169 2271 315 2310 nomine
331 2269 455 2320 Bufalo
468 2267 682 2316 frequentat.
736 2263 796 2302 Est

167 2333 290 2362 autem
326 2320 467 2359 bubalus
499 2316 669 2356 cornibus
699 2328 799 2352 com-

167 2376 298 2427 preffis,
365 2371 500 2408 sursum
572 2366 800 2418 resupinatis,

166 2428 287 2465 fronte
316 2423 445 2474 crispa.
497 2433 626 2472 capreae
644 2422 801 2470 sequaces

169 2479 318 2531 poetica
334 2473 526 2526 elegantia,
546 2485 624 2522 quae
641 2471 731 2507 vites
745 2469 801 2505 in-

170 2531 360 2570 sectantur,
375 2526 648 2578 persequuntur,
667 2531 705 2558 ut
723 2521 801 2557 Ser-

167 2583 249 2620 vius
273 2579 406 2622 reddit,
445 2577 538 2613 unde
573 2588 629 2625 ap.
665 2572 799 2609 Horat.

167 2634 207 2673 Π
220 2634 293 2670 Sat.
312 2646 351 2681 4,
370 2643 418 2679 43
439 2629 475 2665 V
472 2634 546 2664 inm
548 2629 726 2676 summittit
743 2639 799 2660 ca-

161 2697 265 2738 preas
296 2699 358 2720 non
378 2685 508 2731 semper
531 2677 650 2715 edules.
705 2675 800 2711 Mox

167 2738 293 2774 eadem
326 2734 401 2771 fere
430 2731 469 2767 vi
499 2731 798 2778 avidcejuvencae.

170 2802 216 2841 37
225 2801 259 2839 ς.
286 2785 439 2823 Illudunt
459 2782 572 2818 multo
602 2779 800 2829 significan-

169 2840 242 2877 tius
271 2850 379 2888 quam
409 2833 560 2876 laedunt,
588 2843 682 2868 nova
711 2839 800 2866 tam-

170 2904 279 2941 quam
295 2886 500 2939 petulantiae
526 2893 562 2919 et
579 2881 720 2931 injuriae
737 2893 802 2917 no-

167 2943 269 2985 tione
301 2939 488 2994 adjuncta,
520 2944 561 2972 ut
595 2934 734 2985 Georg.
766 2931 800 2977 1,

867 1851 932 1887 181
971 1847 1059 1885 Tum
1088 1852 1207 1883 ‹variae
1221 1845 1365 1884 illudunt
1376 1848 1491 1897 jaste’s.

863 1902 910 1937 Et
925 1899 1165 1937 communiter
1181 1897 1297 1948 capris
1317 1897 1491 1935 tribuitur

863 1952 1025 1994 lascivia,
1054 1949 1266 2001 petulantia.
1312 1952 1495 1999 pqscmztur

863 2021 955 2047 oves,
999 2001 1123 2046 etiam,
1162 2015 1246 2038 curn
1280 2000 1493 2050 depascunt,

863 2057 949 2094 dum
968 2053 1111 2091 frondes
1128 2062 1277 2103 carpunt
1290 2065 1385 2090 oves.

919 2110 1005 2157 376.
1034 2105 1152 2148 Idem,
1179 2104 1276 2154 quod
1306 2103 1416 2139 modo
1435 2101 1492 2139 di-

863 2170 977 2203 xerat,
1004 2157 1150 2208 gravius
1169 2168 1209 2191 ac
1239 2154 1405 2192 disertius
1430 2166 1492 2190 ex-

862 2210 978 2261 ponit.
1048 2209 1119 2245 Nec
1149 2211 1290 2258 fugem
1345 2217 1494 2245 ωηεν-Νη

862 2261 1050 2309 (tributum
1047 2264 1181 2310 frigori
1194 2257 1495 2308 epithetomquod

861 2314 965 2352 rebus
982 2311 1125 2363 proprie
1143 2309 1312 2348 convenit
1339 2321 1400 2359 per
1428 2308 1492 2345 fri-

862 2364 960 2415 goris
977 2363 1216 2414 tempestatem
1244 2359 1439 2410 congelatis
1457 2370 1494 2397 et

866 2415 1071 2463 adstriRis).
1111 2429 1242 2451 nocuere
1257 2424 1386 2449 tamum
1395 2418 1493 2461 prui-

865 2484 913 2506 na
935 2482 1037 2511 cana,
1065 2475 1199 2502 nocent
1226 2473 1366 2500 tantum
1395 2464 1493 2512 gelu.

868 2533 954 2569 377.
977 2523 1147 2569 gra-visa
1175 2531 1228 2559 as,
1255 2515 1412 2556 molesta,
1431 2526 1494 2549 ex-

864 2569 980 2609 itiosa,
1032 2573 1132 2619 scopu
1148 2574 1162 2604 ι’
1188 2577 1333 2610 arentes,
1361 2565 1494 2613 quibus

866 2623 960 2659 aestas
976 2621 1145 2662 incumbit,
1172 2618 1209 2655 h.
1227 2631 1258 2655 e.
1275 2617 1327 2653 sol
1343 2617 1494 2653 affiduus

864 2684 984 2710 cautes
1012 2669 1324 2710 excandefaciens,
1350 2680 1493 2704 accom-

865 2724 1009 2761 modate
1039 2724 1108 2760 hoc
1134 2722 1216 2758 loco
1235 2728 1494 2762 memorantur,

865 2789 949 2813 cum
980 2774 1026 2812 de
1057 2773 1194 2811 vitibus
1230 2771 1363 2820 agitur.
1433 2770 1493 2806 Sic

864 2834 980 2876 aprica
986 2831 1083 2876 saxa
1101 2823 1168 2860 inf.
1190 2835 1276 2874 522.
1330 2837 1495 2858 wemmam

866 2892 933 2929 pro
951 2877 1058 2915 saliva
1075 2875 1199 2912 noxia.
1254 2873 1341 2924 Sup.
1362 2886 1397 2910 v.
1423 2872 1495 2924 196

866 2941 994 2970 urentes
1009 2927 1100 2968 culta
1116 2925 1275 2978 capellas.

1274 2976 1492 3028 380--389‚
