1821 3381
285 763 1333 828 PROOEMIUM.

541 977 717 987 ,Ἢ

138 1049 264 1130 AD
308 1078 546 1144 Georgica
560 1083 756 1141 facetum
793 1080 910 1127 illud
950 1096 1003 1127 ac
1042 1080 1172 1135 molle,
1207 1076 1332 1140 quod
1366 1093 1451 1140 pe-

137 1163 301 1209 culiari
331 1164 490 1225 aliquo
527 1164 779 1210 Nlusarum
802 1179 995 1209 munere
1018 1161 1221 1224 Virgilio
1257 1158 1451 1206 conces-

135 1244 238 1291 sum
277 1245 365 1291 effe
402 1245 626 1292 Horatius
666 1257 899 1293 memorat
923 1247 963 1300 ³¹⁶,
1009 1243 1203 1306 proprio
1239 1240 1450 1304 quodam

134 1329 281 1375 modo
306 1328 511 1391 specstare
534 1329 734 1377 videtur.
805 1325 1069 1375 Mollitudo
1092 1323 1288 1387 quidem
1311 1338 1368 1367 ex
1391 1338 1449 1369 eo

132 1411 276 1466 venit,
310 1412 456 1473 quod,
489 1428 602 1458 curn
627 1410 855 1473 exquisito
876 1409 1034 1471 aliquo
1059 1421 1104 1454 et
1137 1421 1447 1452 numerorum

131 1504 178 1540 et
202 1493 425 1540 orationis
450 1495 579 1541 cultu
603 1493 765 1540 omnia
789 1492 1024 1538 elaborata
1044 1502 1089 1536 et
1115 1487 1321 1551 expolita
1340 1486 1444 1542 fint,

129 1575 249 1621 nihil
273 1575 393 1631 duri,
429 1574 577 1620 scabri
603 1587 648 1620 et
678 1574 871 1629 horridi,
905 1571 1031 1634 quod
1064 1570 1111 1615 in
1145 1569 1309 1615 divino
1340 1566 1444 1612 Lu-

126 1657 262 1704 cretii
286 1657 498 1704 carmine
520 1656 734 1713 offendit,
767 1654 1002 1718 aspersum
1026 1653 1117 1705 est;
1153 1650 1287 1705 nihil,
1311 1648 1443 1711 quod

124 1739 273 1785 otiose
314 1750 447 1785 vacet
491 1751 571 1785 aut
608 1739 769 1784 utilius
806 1737 939 1784 abfit.
1009 1736 1112 1781 Nec
1150 1731 1294 1779 modo
1331 1745 1440 1776 ver-

123 1820 296 1867 borum
332 1821 507 1867 diledtu
543 1832 590 1866 et
619 1820 857 1884 junffura,
893 1835 1059 1865 verum
1083 1816 1227 1862 etiam
1252 1812 1436 1859 senten-

121 1904 294 1950 tlarum
337 1903 546 1959 veritate,
580 1903 760 1948 lumine
799 1918 853 1948 ae
892 1899 1089 1947 naturali
1132 1895 1349 1957 facilique
1388 1905 1436 1940 et

119 1997 233 2046 apto
261 2001 398 2040 nexu,
432 1983 611 2046 ingenii
639 1983 843 2046 artisque
872 1981 1069 2044 infignis
1095 1979 1250 2039 aliqua
1278 1974 1434 2022 felici-

119 2079 205 2124 tas,
238 2083 346 2130 quae
368 2068 416 2113 in
441 2066 645 2129 Virgilio
669 2079 780 2122 erat,
815 2065 989 2121 effecit,
1023 2075 1075 2110 ut
1097 2062 1188 2108 leni
1216 2076 1270 2107 ac
1301 2058 1429 2106 facili

117 2149 250 2196 cursu
274 2149 435 2195 omnia
457 2149 680 2196 defluant.
752 2149 946 2196 Habent
968 2162 1111 2210 porro
1133 2146 1256 2191 decus
1277 2156 1323 2189 et
1352 2160 1431 2189 ex·

116 2233 271 2278 cultam
322 2232 532 2294 aliquam
589 2234 851 2295 elegantiam,
903 2232 973 2277 uti
1016 2230 1043 2289 †
1077 2226 1426 2291 Qinfftiliantis

114 2314 235 2361 istud
257 2315 450 2374 facetum
489 2313 683 2360 Horatii
708 2316 1068 2377 interpretatur;
1103 2326 1216 2356 cum
1245 2307 1425 2354 seilicet

110 2395 160 2442 in
185 2408 466 2458 argumento
489 2408 586 2442 tam
611 2397 740 2442 tenui
766 2408 810 2442 et
842 2394 1029 2450 humili,
1064 2390 1194 2454 quod
1227 2389 1286 2435 ad
1321 2387 1424 2434 rus-

109 2478 258 2524 ticam
292 2478 514 2525 orationis
559 2478 858 2541 asperitatem
891 2489 1133 2538 tantopere
1158 2489 1252 2518 non
1276 2470 1422 2517 modo

108 2560 317 2620 patebat,
362 2559 438 2607 sed
474 2573 520 2607 et
557 2561 831 2608 deflee‘tebat
869 2572 915 2607 et
952 2556 1227 2610 inclinabat,
1258 2550 1421 2598 omnia

109 2639 198 2686 fint
219 2640 350 2699 scite,
384 2640 589 2699 honeste,
624 2652 671 2688 et
690 2641 945 2688 liberaliter
971 2639 1178 2692 metata,
1211 2646 1263 2680 ut
1293 2630 1420 2695 poli-

157 2774 180 2795 *
208 2776 281 2813 Sat.
301 2775 335 2820 Ῑ,
354 2789 412 2820 10,
431 2789 492 2826 44.
508 2790 555 2827 45
569 2775 660 2813 molle
675 2785 730 2811 at·
796 2776 872 2826 sup.
891 2778 930 2812 de
954 2776 1113 2811 Carmine
1132 2770 1266 2809 bucolico
1289 2783 1325 2820 p.
1357 2779 1417 2817 ¹3⁶

105 2840 166 2876 que
184 2832 338 2878 facetum
376 2828 514 2878 Virgilio
544 2830 732 2865 adnuerunt
845 2827 868 2862 †
895 2827 978 2864 Inst.
999 2826 1034 2862 V
1038 2825 1053 2861 I
1059 2855 1071 2870 ,
1091 2838 1128 2873 3,
1147 2836 1208 2862 ΖΟ.

98 2880 278 2929 gaudentes
313 2895 390 2917 rure
426 2882 599 2918 Camenae.
651 2878 726 2916 vid.

169 2954 288 3002 ToM
339 2971 374 3005 Ι.
791 2954 842 3002 Ν
1292 2960 1414 3003 tum,
