1821 3381
342 319 404 368 70
534 302 588 350 P.
632 303 1016 351 VIRGILII
1067 302 1460 353 MARONIS

347 439 610 488 Nascantur
632 440 765 486 flores
784 463 796 494 3
832 451 878 487 ct
903 439 1118 502 Phyllida
1141 439 1261 487 solus
1281 440 1470 493 habeto.

849 550 993 580 PALAE
1003 548 1125 581 ΜοΝ.

347 625 458 671 Non
477 625 687 672 nostrum
707 627 829 673 inter
847 642 928 672 vos
948 637 1097 672 tantas
1116 640 1382 687 conponere
1401 625 1522 672 litisz

347 719 372 745 ¹*
384 718 451 765 Et
474 719 621 765 vitula
643 729 693 765 tu
717 718 906 783 dignus,
932 729 978 764 et
1000 717 1104 771 hic;
1136 729 1181 764 et
1201 715 1413 780 quisquis
1429 731 1611 764 amores
1628 717 1654 744 *³

389 871 462 904 107,
486 864 648 906 Nost-untur
663 863 758 895 multi
773 870 804 897 ct
817 864 900 896 Pier.
915 870 946 895 et
963 863 1073 896 Burni.
1118 861 1178 891 Sed
1194 860 1236 890 cst
1252 858 1359 901 paullo
1374 866 1448 891 ante
1459 866 1658 901 pateat——
1704 881 1709 885 κ

346 914 421 946 108.
451 916 518 945 IVon
529 917 646 958 vistrum
661 918 730 944 inter
742 928 785 943 mss
798 915 940 945 Parrhas.
988 917 1059 944 inte»-
1071 924 1113 939 uos
1130 909 1216 940 Voss.
1235 920 1281 951 pr·
1373 920 1444 952 109.
1458 913 1553 953 dignus·
1567 924 1604 948 es,
1630 918 1656 941 et
1702 906 1707 909 ”

343 965 446 996 Goth.
457 975 504 1007 pr.
595 974 610 995 1
617 974 666 995 10.
683 971 781 994 metuat
791 972 821 994 et
831 965 988 1004 experiatur
998 964 1078 992 Ven.
1090 967 1190 993 metuat
1202 968 1233 992 et
1243 963 1396 1002 experietur
1406 960 1499 992 Leid.
1508 961 1571 993 duo
1581 972 1656 993 cum

345 1016 446 1047 Goth.
461 1016 518 1047 sec.
534 1023 635 1046 metuat
646 1023 676 1046 et
688 1018 846 1057 experiatur
857 1017 976 1045 Morct.
991 1020 1132 1054 quartus.
1157 1012 1293 1043 Ebertus
1303 1013 1345 1043 V.
1356 1012 1393 1043 C.
1405 1012 1488 1054 conj.
1503 1020 1529 1043 et
1539 1014 1656 1055 quisquis

344 1080 609 1099 amaros—amores.
627 1067 781 1098 Nondum
787 1077 838 1097 me
844 1065 976 1108 poenitet
988 1074 1185 1106 eorum,quae
1195 1071 1268 1095 ante
1278 1064 1410 1095 hosXX
1417 1075 1515 1096 annos
1523 1065 1555 1095 in
1562 1064 1659 1095 Notis

345 1130 483 1162 moxque
500 1119 532 1150 in
550 1119 712 1151 Addendis
725 1122 789 1150 To.
805 1120 863 1156 IV,
879 1129 910 1160 p.
930 1127 990 1156 215
1009 1117 1253 1158 adscripscram:
1278 1116 1424 1157 necdum,
1439 1116 1495 1148 etsi
1516 1116 1656 1150 discendi

345 1170 438 1202 valde
463 1171 604 1212 cupidus,
627 1170 693 1202 vidi
720 1170 818 1206 ullam
840 1162 1000 1200 rationem
1023 1175 1077 1200 aut
1102 1167 1320 1210 grammaticae
1337 1175 1391 1198 aut
1406 1167 1568 1199 sentcntiae
1584 1167 1658 1198 satia

345 1221 599 1261 consentaneam,
623 1233 684 1264 qua
710 1221 807 1252 scabri
832 1221 865 1252 hi
889 1220 995 1253 versus
1017 1219 1144 1251 defendi
1168 1218 1291 1260 poffint.
1337 1219 1422 1249 Nam
1439 1229 1508 1259 quae
1526 1218 1656 1250 tandem

346 1273 415 1304 haec
432 1273 474 1304 est
489 1273 663 1304 sententia:
689 1273 730 1302 Et
755 1274 846 1302 vitula
868 1279 897 1303 tu
921 1273 1014 1313 dzgrsms
1030 1271 1122 1308 ethic,
1136 1277 1161 1299 et
1176 1272 1310 1311 q1.«ffquis;
1336 1276 1371 1299 ut
1398 1276 1532 1310 uterque
1555 1267 1658 1299 vitula

344 1324 597 1356 remunerandus
612 1323 647 1354 sit
664 1322 765 1365 (atqui
781 1323 860 1354 alter
875 1322 1024 1365 poculum
1041 1321 1124 1352 ferre
1140 1321 1309 1364 debebat);
1332 1319 1436 1351 multo
1454 1320 1559 1351 minus
1578 1318 1658 1359 ferri

345 1376 461 1418 potest,
485 1383 520 1406 ut
543 1383 575 1406 et
599 1374 712 1406 tertius
733 1374 848 1415 aliquis
870 1374 1006 1405 vitulam
1031 1373 1124 1410 ferat,
1144 1379 1174 1403 et
1191 1382 1301 1402 omnes
1316 1371 1369 1402 alii
1384 1372 1554 1413 praemium
1569 1370 1657 1403 idem

345 1427 464 1470 serant,
479 1427 534 1470 qui
549 1433 609 1458 etc.
652 1425 706 1457 Sin
733 1426 922 1456 sententiam
949 1425 988 1455 ab
1014 1423 1275 1458 antecedentibus
1296 1423 1470 1464 sejuntftam
1493 1422 1598 1460 facias,
1619 1429 1658 1459 ut

345 1479 385 1512 fit
399 1492 406 1512 :
431 1481 473 1511 Et
495 1479 546 1509 vel
565 1478 603 1508 At
620 1479 734 1520 qug'fquis
749 1491 851 1508 amores
868 1478 929 1508 Aut
943 1484 1129 1507 metuet—aut
1143 1479 1310 1518 experietur,
1326 1474 1431 1517 primo
1445 1475 1600 1506 sententia
1613 1475 1658 1518 est.

346 1538 505 1568 contorta,
520 1530 660 1566 obscura,
682 1537 725 1567 et,
746 1529 768 1560 fi
789 1529 969 1571 expeditam
987 1528 1121 1565 dederis,
1142 1538 1159 1558 a
1175 1527 1245 1558 loco
1261 1526 1383 1565 aliena3
1404 1527 1555 1568 quorsum
1570 1527 1658 1559 enim
1688 1536 1689 1539 ’

344 1590 478 1625 repente
494 1579 639 1612 amores?
662 1581 701 1611 de
726 1587 819 1611 cantu
846 1580 1020 1621 agebatur3
1042 1578 1212 1620 praemium
1243 1577 1415 1609 debebatur
1431 1577 1472 1615 ei,
1493 1577 1547 1619 qui
1563 1585 1658 1610 cantu

344 1633 488 1676 superior
504 1632 598 1670 effet3
623 1642 706 1662 nunc
730 1639 837 1662 autem
861 1630 955 1661 ambo
979 1637 1073 1661 cantu
1098 1637 1188 1660 erant
1215 1640 1316 1671 pares,
1340 1639 1405 1659 non
1428 1638 1536 1659 amore
1551 1628 1660 1661 felices

346 1693 403 1718 aut
418 1684 579 1721 infelice53
601 1690 672 1714 tum
697 1693 775 1713 vero
794 1681 1012 1724 grammaticae
1032 1681 1215 1712 adversatur
1237 1680 1308 1717 hoc,
1333 1687 1362 1710 ut
1380 1681 1496 1721 quisquis
1512 1679 1550 1711 fit
1563 1680 1659 1711 unus·-

345 1737 489 1780 quisque.
533 1736 620 1779 Nam
643 1737 760 1777 quisquis
783 1733 952 1765 relativam
977 1733 1046 1764 vim
1070 1732 1179 1770 habet,
1199 1742 1258 1763 nec
1278 1731 1417 1763 absolute
1439 1731 1516 1774 poni
1537 1731 1659 1773 potest3

345 1789 405 1822 nisi
427 1788 536 1819 addito
559 1795 614 1819 aut
639 1786 860 1818 subintelleeto
880 1784 998 1816 verbo:
1024 1786 1139 1828 quisquis
1160 1784 1213 1826 ille
1228 1783 1338 1826 fuerit,
1357 1785 1483 1825 quicquid
1494 1782 1573 1814 illud
1589 1783 1657 1815 est:

347 1840 452 1873 multo
476 1840 581 1871 minus
605 1840 722 1881 quisquis
748 1838 787 1869 de
815 1837 937 1868 duobus
957 1848 1015 1879 pro
1038 1844 1171 1878 uterque
1192 1835 1315 1866 dietum
1336 1835 1396 1877 eise
1411 1834 1523 1877 potest.
1567 1834 1660 1866 Mihi

346 1892 455 1933 itaque
471 1891 544 1922 satis
557 1891 679 1932 liquere
692 1889 831 1930 videtur,
855 1888 918 1919 duo
944 1887 1002 1919 hos
1025 1888 1131 1919 versus
1158 1887 1217 1918 effe
1240 1887 1344 1918 fetum
1360 1878 1582 1924 Grammatici,
1603 1886 1661 1928 qui

343 1942 492 1985 supplere
516 1941 643 1973 volebat
668 1940 857 1972 sententiam
880 1938 1022 1970 breviter
1046 1950 1063 1970 a
1090 1941 1185 1982 poe'ta
1209 1939 1428 1979 enuntiatamg
1453 1939 1520 1968 Non
1544 1939 1660 1981 nqstrum

344 1998 418 2027 inter
433 2008 481 2024 vos
495 2001 587 2024 tantas
602 2000 752 2035 componere
765 1993 835 2022 lites.
880 1992 974 2022 Forte
997 1991 1103 2033 plures
1125 1990 1381 2033 interpolationis
1400 1989 1544 2021 amstores
1558 1989 1659 2020 fuere.

346 2045 565 2087 Adscripserat
580 2044 688 2086 prior:
713 2045 755 2074 Et
774 2045 864 2073 vitula
885 2049 914 2073 tu
930 2045 1023 2085 dignus
1040 2050 1063 2073 et
1078 2045 1121 2073 hic
1129 2045 1234 2085 poculo.
1281 2042 1363 2074 Casu
1379 2041 1565 2083 appinxerat
1580 2040 1662 2075 alius

344 2088 474 2129 {tersum
496 2096 724 2138 paraeneticum
740 2094 772 2126 in
788 2094 955 2136 margine:
979 2094 1034 2124 Aut
1055 2101 1159 2124 metuat
1181 2095 1265 2124 dulces
1290 2100 1340 2123 aut
1360 2095 1518 2134 experiatur
1539 2104 1661 2125 amaros.

347 2149 422 2193 {Fuit
436 2148 593 2186 librarius,
607 2147 662 2190 qui
677 2154 851 2189 utrumque
866 2145 993 2178 versum
1008 2145 1091 2178 male
1105 2145 1357 2187 consarcinatum
1371 2143 1540 2185 intexeret.

1036 2267 1269 2318 pungendum
1301 2264 1390 2303 effe:
1419 2264 1521 2303 Non:
1560 2264 1660 2315 quafi

1037 2320 1298 2368 interloquatur
1329 2316 1463 2365 Judex,
1493 2331 1569 2360 non,
1597 2332 1662 2354 non

1038 2369 1174 2417 babebit
1206 2368 1367 2419 Phyllida
1399 2377 1468 2405 etc.
1521 2370 1662 2417 nqstrunz

1039 2425 1095 2473 est,
1128 2421 1306 2468 arbitrium
1354 2435 1436 2457 erre.
1490 2419 1560 2457 Sed
1590 2419 1662 2465 hoc

1039 2474 1195 2510 durum:
1228 2484 1291 2519 nec
1334 2471 1401 2508 atis
1429 2470 1540 2521 potest
1570 2483 1662 2508 con-

349 2273 452 2321 cujus
480 2268 578 2307 foliis
604 2268 725 2320 paffim
755 2268 890 2306 litteras
924 2279 969 2304 Ar

348 2322 552 2371 inscriptas,
579 2320 646 2357 five
665 2329 704 2356 ut
722 2321 780 2363 Αἵ,
800 2320 858 2363 Αἵ,
884 2319 974 2356 heu!

350 2376 441 2414 heu!
469 2373 538 2410 slve
556 2382 595 2409 ut
614 2372 754 2409 Αἴαντος
769 2371 795 2409 s.
849 2370 976 2421 Ajacis

351 2438 484 2465 nornen
503 2423 699 2474 expreffum
720 2423 815 2467 effer,
839 2433 972 2460 veteres

350 2475 614 2516 memorabant.
646 2473 712 2511 Cf.
745 2474 860 2511 Ovid.
889 2473 972 2511 Me-

349 2539 438 2575 tam.
458 2527 572 2571 XIII,
599 2528 686 2576 398.
739 2527 843 2578 Reges
867 2525 975 2562 duces

353 2582 566 2618 Graecorum
617 2589 706 2614 voce
761 2576 973 2614 Homerica.

351 2633 466 2683 Apud
488 2630 702 2666 Ciceronem
722 2629 976 2678 Agamemnon

353 2700 414 2722 rex
425 2698 548 2734 regum.
588 2693 655 2730 107
664 2707 673 2717 .
684 2680 858 2730 Phyllida,
867 2693 973 2729 quam

352 2746 502 2783 uterque
520 2732 671 2778 amicam
683 2731 748 2768 fibi
760 2731 973 2776 vindicarat,

349 2799 387 2827 v.
408 2789 457 2837 76
475 2786 527 2835 sqq

412 2842 493 2875 108.
522 2838 599 2872 Ason
631 2835 767 2883 nostrum
800 2832 878 2871 scil.
912 2833 972 2879 est.¹

352 2888 495 2937 Servius
518 2897 636 2925 tamen
658 2885 844 2924 contendit
863 2884 973 2924 inter-

1038 2523 1172 2562 firmari
1213 2536 1259 2560 ex
1296 2522 1455 2568 Theocr.
1490 2521 1544 2566 V,
1588 2526 1661 2572 138

1039 2575 1247 2625 *nabo-afflat
1264 2577 1402 2621 κέλομαι
1422 2575 1474 2612 τὸν
1491 2576 1645 2620 ποιμένα,

1099 2641 1184 2679 109.
1209 2638 1241 2664 et
1266 2630 1403 2678 quisquis
1427 2641 1563 2670 amores,
1588 2635 1661 2663 etc.

1042 2679 1098 2718 Ut
1125 2680 1199 2726 haec
1226 2678 1334 2716 verba
1364 2690 1426 2728 per
1455 2676 1489 2714 se
1520 2676 1659 2714 sensum

1038 2731 1120 2769 satis
1135 2729 1285 2768 obvium
1311 2729 1478 2771 habeant,
1506 2741 1579 2764 non
1605 2738 1660 2765 ta-

1038 2796 1135 2827 men,
1163 2781 1251 2833 quid
1270 2781 1312 2817 ad
1333 2780 1503 2829 reliquam
1521 2779 1660 2815 senten-

1037 2834 1126 2871 tiam
1144 2833 1293 2875 faciant,
1312 2833 1356 2876 ab
1376 2831 1448 2867 ullo
1467 2831 1662 2880 interprete

1037 2885 1214 2924 monitum
1231 2893 1293 2923 aut
1309 2883 1446 2922 dietum
1463 2882 1525 2926 est,
1546 2894 1663 2929 neque

1497 2944 1660 2984 unquam
