1987 3361
518 324 546 371 6
683 321 782 369 DE
832 318 1199 368 CARMINE
1245 317 1668 367 BUCOLICO.

517 452 593 500 seu
619 447 937 511 Asclepiades,
961 445 1180 493 Sicelidae
1207 446 1350 503 filius,
1382 458 1435 493 ut
1459 448 1624 494 volunt
1650 447 1829 495 Gram-

518 535 697 591 matici,
743 549 856 579 curn
896 531 1093 586 Phileta‚
1129 530 1273 593 elegis
1320 530 1572 577 nobilitato
1597 533 1637 589 *,
1671 530 1830 578 extitit

517 619 664 664 homo
704 614 986 679 ingeniosus,
1031 614 1275 660 Theocritus
1330 615 1537 672 nomine,
1574 615 1672 678 qui,
1715 631 1830 662 cum

518 701 712 755 videret,
746 709 973 760 quantam
1009 696 1214 760 gratiam
1254 696 1337 743 ista
1375 696 1587 743 carmina
1620 696 1755 743 rudia
1783 707 1831 742 et

516 782 705 830 indocsta
732 780 972 835 haberent,
1003 792 1339 841 quantamque,
1374 778 1408 824 fi
1445 791 1540 824 arte
1564 777 1831 841 paullulum

517 865 788 928 polirentur,
843 864 1131 911 venustatem
1187 877 1232 909 et
1280 863 1563 909 suavitatem
1611 862 1873 910 habitura:

518 949 674 1004 essent,
701 965 833 1010 genus
855 948 928 993 hoc
959 948 1159 993 carminis
1186 946 1362 991 bucolici
1376 944 1681 1007 excogitavit,
1704 945 1833 1008 quod

517 1033 765 1094 antiquam
795 1030 994 1092 quidem
1018 1029 1151 1075 illam
1181 1027 1393 1073 indolem
1418 1026 1624 1083 referret,
1654 1028 1834 1089 politum

518 1132 677 1165 tamen
708 1116 839 1176 magis
878 1124 924 1159 et
962 1113 1187 1169 excultum,
1223 1109 1522 1171 numerisque
1556 1125 1610 1156 ac
1646 1109 1834 1173 legibus

517 1196 806 1251 adstrictum,
830 1192 1055 1257 cujusque
1092 1208 1144 1238 ea
1182 1202 1347 1237 natura
1386 1189 1512 1247 esset,
1549 1201 1602 1236 ut
1634 1190 1836 1252 pastori-

518 1280 598 1326 tiae
628 1278 756 1324 istius
784 1276 917 1333 vitae,
945 1274 1079 1339 cujus
1108 1273 1283 1337 species
1317 1272 1480 1318 animo
1511 1273 1721 1319 humano
1757 1274 1836 1335 ip-

520 1365 608 1412 sius
648 1375 827 1410 naturae
853 1360 1064 1423 quodam
1108 1357 1350 1405 lenocinio
1372 1354 1713 1419 jucundissima
1746 1356 1836 1403 effe

518 1449 648 1503 solet,
677 1446 813 1502 bona,
835 1443 1244 1506 tranquillitatem,
1269 1439 1582 1495 securitatem,
1606 1439 1837 1486 innocen-

521 1533 653 1586 tiam,
676 1528 868 1575 delicias
893 1538 939 1572 et
967 1524 1141 1588 gaudia
1163 1522 1373 1569 numeris
1392 1522 1639 1585 modisque
1665 1523 1839 1571 adum-

520 1612 717 1666 brandO,
772 1609 955 1656 animos
1022 1607 1276 1653 hominum
1335 1605 1555 1652 deliniret
1605 1619 1651 1653 et
1702 1620 1838 1672 grata

522 1694 686 1742 fraude
718 1691 902 1738 delusos
933 1702 1129 1736 teneret.
1202 1689 1330 1735 Cum
1367 1702 1529 1736 autem
1563 1690 1747 1739 duobus
1787 1692 1838 1738 id

522 1775 817 1842 potiffimum
841 1772 996 1819 modis
1030 1771 1152 1818 effici
1186 1771 1351 1834 poffet,
1380 1782 1456 1818 aut
1479 1774 1760 1832 narratione,
1787 1774 1836 1820 in

522 1876 616 1923 qua
650 1857 786 1905 simul
823 1869 1086 1919 tamquam,
1131 1873 1158 1903 a
1202 1857 1385 1919 pictore
1431 1858 1480 1903 in
1521 1858 1680 1905 tabula
1705 1859 1839 1923 agri,

523 1957 708 2005 greges,
734 1940 862 1987 filvae
896 1938 1147 2001 descriptae
1180 1939 1526 1995 exhiberentur,
1559 1950 1635 1986 aut
1658 1941 1841 1989 actione

525 2027 682 2089 aliqua
727 2037 775 2072 et
810 2024 869 2071 ad
908 2024 1134 2070 dramatis
1177 2023 1401 2081 formam,
1456 2041 1541 2087 per
1578 2025 1840 2089 dialogum,

527 2122 632 2158 turn
653 2110 976 2173 colloquentes
1006 2109 1128 2156 inter
1155 2109 1200 2155 se
1236 2108 1389 2156 sensus
1426 2108 1547 2166 sUOS,
1585 2110 1841 2167 fortunam,

527 2191 649 2239 facta
698 2203 941 2254 exponunt
993 2208 1047 2239 ac
1107 2190 1374 2237 declarant:
1431 2191 1592 2254 priore
1645 2193 1840 2255 quidem

528 2276 627 2332 illo,
659 2275 789 2338 quod
816 2275 974 2337 ipsum
1003 2275 1241 2338 peculiare
1267 2275 1493 2322 carminis
1520 2292 1684 2339 genus,
1716 2278 1843 2324 haud

529 2370 689 2404 tamen
718 2358 967 2421 copiosum
1003 2376 1057 2407 ac
1097 2360 1372 2417 fecundum,
1407 2361 1624 2419 efficeret,
1659 2361 1843 2419 omiffo,

529 2439 730 2486 alterum
751 2439 967 2502 arripuit,
996 2453 1044 2488 et
1067 2443 1367 2505 pastoritium
1403 2459 1591 2490 carmen
1625 2444 1689 2490 ita
1726 2459 1845 2491 con-

531 2520 654 2568 didit
689 2532 736 2567 et
773 2520 1029 2585 descripsit,
1053 2534 1101 2570 ut
1129 2527 1331 2572 astionem
1355 2527 1542 2588 aliquam
1566 2543 1617 2572 ex
1638 2528 1657 2571 ν’
1689 2542 1715 2582 a
1736 2527 1843 2572 vitae:

516 2660 520 2663 ‚
524 2605 796 2665 simplicitate
817 2616 859 2651 et
867 2607 1105 2666 felicitate,
1124 2611 1207 2669 stu
1237 2627 1322 2657 rem
1339 2612 1510 2672 gestam,
1530 2619 1606 2656 ant
1629 2628 1722 2672 quae
1750 2627 1845 2658 con-

533 2688 694 2748 ,tingere
716 2687 759 2732 in
781 2687 859 2748 zsta
889 2690 987 2734 vita
1005 2691 1149 2752 poffiet,
1186 2690 1370 2739 sacrum
1393 2692 1583 2755 aliquod
1606 2691 1844 2749 festumve,

585 2799 609 2820 ὓ
636 2801 796 2840 Theocr.
812 2801 979 2861 V.H’40·
1009 2802 1156 2844 Moseh.
1221 2806 1408 2861 Meleager
1426 2820 1599 2849 memorat
1625 2810 1665 2848 in
1683 2810 1845 2858 Corona,

533 2850 605 2890 111.
623 2856 686 2905 96.
714 2854 766 2906 sq.
821 2855 1015 2893 tacendam
1045 2857 1154 2895 etiam
1222 2873 1257 2897 v.
1278 2862 1349 2910 46,

1730 2931 1852 2980 forte
