1987 3361
440 248 699 312 N'OVAE
744 258 1207 314 EDITIONIS.
1337 282 1508 319 xxvn

197 422 341 477 quum
374 420 468 473 pro
495 419 638 460 cum,
679 412 728 450 et
770 401 912 470 cujus
950 420 1015 453 ex
1056 402 1174 472 quis
1196 426 1213 462 ,-
1255 421 1358 474 qua
1397 420 1510 458 tan-

198 496 319 548 dem
350 496 546 548 ratione
573 494 802 561 obsmffus
843 491 1173 546 scribendum
1215 496 1430 559 dixeris,
1474 499 1509 550 fi

196 589 425 660 confisus
451 587 725 640 scribitur?
767 601 851 639 aut
873 601 1131 658 praegnas,
1178 589 1212 640 fi
1254 592 1512 661 conjunx?

198 681 682 734 Grammaticorum
709 692 756 731 et
786 679 1087 751 sequiorum
1126 693 1341 734 aetatum
1369 683 1511 734 ludi-

196 773 309 825 bria
367 773 431 824 ins
472 772 552 823 his
596 771 691 824 effe
735 772 908 833 video,
953 775 1209 826 rationem
1259 775 1507 829 desidero.

195 866 443 918 Praeclara
483 866 570 917 illa
596 865 665 917 est
704 885 732 916 a
766 866 1001 917 Bentleio
1029 867 1265 937 primum
1303 869 1508 940 prodita

195 957 501 1019 observatio,
542 971 735 1010 veteres
780 978 1053 1030 nunquam
1094 979 1200 1011 non
1244 962 1510 1032 protuliffe

196 1047 416 1119 ImperI,
446 1051 647 1120 negotI,
687 1050 907 1101 confilI:
953 1050 1182 1123 adeoque
1212 1051 1277 1103 fic
1313 1053 1508 1106 LavinI

195 1150 244 1190 et
287 1141 406 1192 alia.
486 1141 632 1209 Qid
686 1154 859 1193 tamen
907 1140 941 1193 fi
978 1160 1041 1193 ex
1083 1141 1258 1193 Ennio
1301 1143 1509 1197 laudare

192 1231 430 1304 poffum:
465 1233 724 1306 Tarquinii
750 1248 925 1305 corpus
948 1234 1277 1304 bonafemina
1300 1235 1430 1286 lavit
1461 1250 1509 1287 et

196 1326 392 1377 unxit?
440 1325 590 1377 Adeo
631 1324 768 1377 nihil
818 1324 935 1377 satis
971 1327 1095 1378 certi
1130 1338 1179 1377 et
1216 1326 1312 1378 tuti
1349 1326 1420 1379 est
1455 1329 1509 1380 in

193 1418 342 1468 omni
361 1415 454 1469 hac
471 1417 747 1469 subtilitate
771 1417 1144 1488 grammati-'2213
1175 1435 1335 1488 quam
1358 1420 1509 1489 equi-

195 1507 339 1568 dem,
369 1507 404 1559 fi
432 1509 632 1579 primus
660 1510 840 1560 auctor
865 1509 1238 1561 constituendae
1266 1511 1508 1565 lectionis

196 1597 506 1667 Virgilianae
544 1596 769 1654 fuiffem,
802 1598 916 1666 jure
944 1616 1000 1648 ac
1041 1600 1229 1649 merito
1257 1600 1319 1650 ad
1361 1620 1509 1654 corn-

194 1709 413 1742 munem
438 1688 592 1740 usum
632 1688 967 1739 constitutam
1015 1690 1362 1761 reliquiffem5
1405 1713 1508 1765 qua

193 1783 337 1834 enim
384 1782 438 1833 in
471 1800 522 1832 re
563 1779 697 1831 nihil
742 1778 858 1832 satis
904 1781 963 1832 ad
996 1782 1263 1853 liquidum
1295 1788 1508 1857 perduci

191 1874 377 1949 potest,
420 1874 663 1945 inprimis
706 1871 742 1924 fi
781 1874 960 1944 magni
1011 1893 1101 1945 per
1150 1873 1200 1927 se
1244 1883 1506 1933 momenti

192 1986 300 2020 non
325 1966 415 2027 est,
457 1966 709 2039 quorsum
736 1968 902 2019 muita
930 1968 1183 2030 moliaris,
1227 1990 1345 2042 quae
1383 1993 1508 2026 con-

193 2058 304 2112 filio
347 2079 413 2112 ex
463 2072 605 2132 parte
651 2073 854 2112 tantum
895 2059 1252 2131 respondent?
1300 2063 1504 2117 Locum

191 2151 337 2203 enim
388 2150 474 2203 hic
513 2150 666 2203 habet
710 2152 841 2204 illud
887 2155 1302 2206 Terentianum:
1350 2159 1505 2218 Here,

192 2263 301 2316 quae
321 2261 397 2294 res
417 2243 468 2294 in
474 2246 538 2314 st
564 2264 711 2315 neque
730 2245 967 2315 cof-filiam
982 2265 1131 2317 neque
1151 2246 1331 2298 modum
1343 2248 1510 2309 Habet

195 2334 364 2395 ullum,
391 2355 491 2387 eam
518 2337 702 2405 cmsslio
729 2357 895 2407 regere
920 2358 1012 2388 mm
1028 2351 1189 2408 potes.

270 2425 334 2475 In
359 2426 530 2496 prima
566 2426 813 2489 editione,
838 2447 982 2489 cum,
1024 2427 1168 2501 quod
1195 2426 1346 2499 supra
1372 2429 1503 2490 dixi,

194 2515 479 2586 expreffam
503 2518 598 2571 effe
626 2521 815 2572 vellem
848 2522 1133 2573 lectionem
1162 2523 1508 2573 Burmannia-

195 2626 340 2668 nam,
363 2610 528 2661 multa
554 2630 683 2663 mox
718 2612 918 2663 turbata
949 2611 1043 2663 effe
1077 2612 1186 2663 vidi
1221 2626 1508 2684 propterea,

194 2700 338 2771 quod
365 2720 533 2773 operae
561 2723 665 2755 non
692 2724 766 2763 ea,
789 2703 873 2755 sed
896 2705 995 2755 alia
1022 2705 1248 2756 editione
1274 2705 1336 2756 ad
1375 2708 1509 2758 Bur-

194 2792 530 2845 mannianam
567 2795 855 2856 emendata,
895 2794 971 2848 ufi
999 2809 1140 2848 crant
1158 2822 1174 2857 3
1217 2797 1507 2848 innumerae

1336 2889 1510 2961 itaque
