1821 3381
358 361 890 418 GEORGICON‚
957 359 1110 407 LIB.
1160 359 1201 406 Ι.

1341 369 1434 419 225

116 495 278 564 Atque
291 502 445 548 levem
460 501 682 563 stipulam
696 498 1038 562 crepitantibus
1054 509 1189 542 urere
1204 492 1433 539 flammis:

114 593 226 638 Sive
249 591 360 638 inde
381 590 589 636 occultas
613 590 734 635 vires
757 600 804 635 et
824 587 999 650 pabula
1022 598 1161 633 terrae
1374 583 1430 629 86

116 681 319 746 Pinguia
340 681 645 743 concipiunt;
681 681 775 726 five
797 680 889 726 illis
912 695 1053 726 omne
1077 695 1162 742 per
1188 678 1349 741 ignem

114 775 414 838 Excoquitur
437 775 626 832 vitium,
648 786 788 836 atque
809 773 999 820 exsudat
1023 772 1203 819 inutilis
1227 771 1430 822 humor;

114 864 203 910 Seu
226 864 376 927 pluris
401 866 527 911 calor
550 865 629 911 ille
651 865 747 911 vias
771 876 816 910 et
840 880 967 910 caeca
991 863 1165 910 relaxat

116 954 424 1019 Spiramenta,
439 972 580 1002 novas
596 957 755 1003 veniat
772 973 863 1019 qua
880 956 1041 1002 succus
1057 955 1105 1000 in
1120 953 1285 1000 herbas
1302 976 1315 1006 ;
1363 966 1426 1016 90

113 1048 203 1094 Seu
227 1048 363 1094 durat
388 1048 555 1111 magis,
579 1060 624 1094 et
648 1064 786 1095 venas
810 1048 1059 1111 adstringit
1081 1045 1284 1092 hiantis:

110 1137 187 1184 Ne
212 1149 371 1183 tenues
394 1137 586 1199 pluviae,
611 1139 818 1202 rapidive
841 1138 1053 1202 potentia
1074 1137 1182 1183 solis

107 1230 294 1286 Acrior,
317 1241 397 1276 aut
420 1229 581 1276 Boreae
604 1230 895 1294 penetrabile
919 1230 1065 1293 frigus
1088 1228 1269 1275 adurat.

110 1325 326 1373 Multum
348 1327 479 1383 adeo,
504 1327 655 1374 rastris
677 1329 840 1392 glebas
863 1329 944 1391 qui
969 1328 1143 1391 frangit
1166 1327 1344 1383 inertis,

153 1452 204 1492 87.
228 1466 316 1484 aevum
338 1454 389 1485 vel
410 1457 496 1497 ignem
521 1455 791 1488 Zulich.-——·88.
815 1459 934 1487 exundat
952 1456 1096 1488 Parthas.
1120 1468 1138 1488 a
1160 1467 1204 1488 m.
1225 1467 1273 1498 pr.
1363 1455 1417 1498 89·

100 1505 195 1545 pluris
211 1505 396 1536 vetustiores
417 1514 534 1548 praeter
558 1507 821 1550 Medic.—-91.
843 1509 995 1552 cotfiringit
1017 1510 1099 1539 Ven«
1126 1516 1157 1539 et
1184 1508 1328 1539 Parthas.
1370 1522 1400 1538 re

93 1557 213 1599 stringit
242 1557 363 1587 Moreti
391 1568 439 1599 pr.
517 1567 583 1598 92.
607 1561 693 1588 tenuis
722 1560 819 1590 Rom.
856 1570 929 1590 cum
951 1559 1019 1590 aliis
1041 1559 1232 1591 Heinfianis.
1287 1563 1416 1601 rapidive

108 1607 217 1638 Heius.
237 1618 253 1637 e
269 1607 456 1639 melioribus
471 1609 619 1646 retraxit3
644 1620 718 1640 nam
740 1610 779 1641 fic
802 1611 868 1652 jam
883 1610 984 1642 Aldd.
1010 1622 1068 1653 pro
1091 1625 1148 1652 que.
1174 1611 1259 1653 quod
1274 1612 1345 1642 edd.
1362 1624 1415 1643 oc-

106 1668 245 1703 cuparat.

337 1670 389 1702 94.
412 1662 518 1705 rqstris.

105 1798 271 1850 uliginosi
291 1800 349 1836 vel
367 1799 463 1836 denfi
483 1801 539 1839 vel
560 1800 646 1842 rari,
665 1814 726 1837 na-

105 1861 200 1894 tura,
246 1850 363 1887 varias
405 1853 536 1889 caussas
567 1852 726 1902 subjicit.

98 1902 232 1955 pabula
248 1901 329 1938 sunt
345 1901 458 1948 succi,
487 1903 548 1953 qui
567 1903 728 1941 nutriunt

106 1953 240 1991 semina
266 1966 306 1989 ac
325 1954 483 2003 plantas:
511 1964 597 2005 puta
613 1969 657 1992 ex
676 1955 728 1992 ci-

105 2018 190 2042 nere
215 2015 449 2042 crematarum
471 2006 675 2055 stipularum
694 2016 729 2044 et

100 2054 246 2094 lixivio.
330 2058 391 2094 88.
430 2058 552 2094 inutilis
596 2058 724 2103 humor,

105 2108 213 2145 noxia
243 2107 357 2158 uligo.
413 2112 472 2159 89.
501 2125 589 2147 caeccz
604 2113 722 2158 spira-

103 2170 228 2202 menta,
255 2169 390 2197 meatus
417 2161 580 2198 occultos
608 2171 643 2197 et
673 2162 723 2198 la-

101 2218 229 2254 tentes,
247 2224 310 2248 nos
324 2222 414 2261 poros
429 2212 582 2249 dicimus
597 2227 607 2256 ;
636 2225 722 2249 mox

100 2274 221 2300 venas.
244 2263 342 2300 Vada
366 2263 507 2300 latentia
518 2264 612 2314 apud
626 2264 722 2301 Gra·

101 2314 195 2350 tium
223 2314 367 2365 Cyneg.
403 2328 491 2363 423.
563 2329 626 2364 91·
660 2318 721 2352 ad-

88 2368 229 2417 stringit
254 2365 303 2402 sc.
330 2366 584 2403 condensando
614 2368 723 2404 molle

99 2426 136 2454 et
154 2415 310 2454 lutosum
339 2416 466 2454 solum.
536 2432 599 2469 93.
626 2420 722 2456 Adu-

101 2483 174 2504 rere
207 2468 375 2505 convenit
411 2469 556 2519 proprie
591 2469 722 2519 frigori

100 2529 240 2555 tantum
284 2528 319 2556 et
363 2519 457 2556 aestui
490 2520 584 2557 solis.
638 2522 723 2566 Sed,

100 2569 254 2608 sollenni
271 2571 400 2620 figura,
424 2572 623 2622 generalior
640 2573 725 2610 inde

102 2621 206 2658 notio
232 2627 276 2659 τὲ
298 2637 406 2659 nocere
431 2623 606 2660 elicienda
623 2634 658 2661 et
676 2625 721 2660 ad

99 2669 213 2710 illud:
243 2689 283 2711 ne
316 2684 423 2711 tenues
449 2674 598 2724 pluviav,
633 2676 722 2712 refe-

102 2725 212 2761 renda
229 2726 290 2763 est.
336 2726 510 2763 Penetrale
513 2730 633 2777 frigus
646 2727 722 2776 jam

102 2775 292 2814 Lucretius
318 2776 460 2814 dixerat
478 2777 510 2821 Ι,
530 2790 620 2828 495.
675 2790 721 2815 te-

99 2842 175 2864 nues
193 2841 237 2866 ex
261 2837 387 2865 natura
414 2829 545 2879 pluviae
569 2829 721 2880 petitum

100 2878 301 2927 epitheton,
341 2881 440 2929 quod
484 2879 544 2917 hic
588 2881 721 2918 nullam

99 2929 319 3016 virnrhabere
337 2932 459 2974 debet,
486 2941 526 2969 ut
542 2932 629 2983 saepe
647 2933 721 2983 epi-

193 2994 269 3020 oM.
292 2995 321 3020 1.

565 1664 617 1703 Jo.
637 1662 800 1694 Schrader.
818 1663 899 1705 conj.
917 1666 1016 1701 ratris,
1035 1663 1205 1706 ligonibus.
1249 1664 1310 1694 Sed
1326 1664 1411 1697 Plin.

1288 1715 1414 1754 xvm,

791 1800 889 1838 theta
915 1811 1112 1853 ponuntur,
1143 1810 1252 1852 utque
1279 1804 1412 1852 rapidus

790 1853 854 1898 sol,
883 1854 998 1904 frigus
1018 1853 1221 1904 penetrabile
1243 1855 1312 1892 hoc
1331 1854 1410 1904 ipso

789 1906 884 1942 loco.
939 1905 1016 1956 Ipsa
1045 1906 1219 1942 tenuitate
1249 1905 1410 1942 humoris

790 1956 911 2007 pluvia
941 1958 975 1994 se
994 1956 1029 1993 in
1060 1957 1208 1994 humum
1238 1957 1407 1994 infinuat.

793 2008 946 2057 Alioqui
962 2008 1096 2058 plu-viae
1113 2020 1218 2046 tenues
1249 2008 1287 2046 in
1316 2008 1408 2046 vitio

787 2060 853 2096 effe
883 2060 1038 2109 possunt,
1066 2060 1162 2104 sunt,
1190 2060 1305 2097 nimio
1323 2061 1408 2097 solis

786 2112 865 2147 aestu
881 2124 937 2147 eas
956 2121 1148 2161 coquente:
1183 2111 1407 2162 melliginem

786 2172 932 2200 vocant.
1025 2162 1223 2200 Enimvero
1274 2163 1406 2201 vitium

788 2213 879 2250 illud
899 2214 1036 2251 culmos
1055 2214 1168 2257 laedst,
1195 2213 1258 2264 qui
1277 2228 1319 2250 ex
1339 2216 1405 2251 hu-

789 2277 887 2302 more
905 2278 925 2301 a
953 2265 1025 2302 sole
1052 2266 1297 2303 excandefacti
1325 2279 1405 2303 cor-

787 2327 1021 2367 rumpuntur;
1068 2331 1132 2355 nec
1167 2317 1243 2355 solo
1274 2319 1405 2356 durato

786 2367 901 2405 averti
930 2369 1041 2418 potest
1072 2368 1216 2419 rubigo,
1271 2383 1336 2407 nec
1364 2370 1404 2408 in

787 2420 901 2456 solum
920 2419 981 2455 illa
998 2430 1170 2470 penetrat.
1227 2420 1297 2458 Vir
1314 2423 1404 2459 doc·

787 2480 842 2507 tus
870 2471 983 2507 distas
1000 2471 1145 2521 pluvias
1167 2483 1273 2510 tenues
1298 2483 1402 2523 puta-

787 2522 863 2566 bat,
892 2522 976 2572 quia
995 2532 1136 2561 tenuem
1162 2524 1315 2561 reddunt
1333 2535 1402 2561 ter-

787 2587 878 2617 ram,
945 2574 1105 2624 adeoque
1172 2575 1404 2614 fecunditatis

786 2625 938 2662 caussam
968 2625 1134 2669 afferunt,
1171 2627 1296 2664 dilutis
1321 2627 1402 2664 sali‘

787 2677 852 2713 bus
869 2676 927 2713 seu
944 2676 1104 2728 partibus
1124 2679 1279 2715 refinosis
1295 2688 1329 2715 et
1345 2679 1403 2729 ig-

786 2728 886 2765 nitis.
954 2729 1024 2765 Sed
1056 2729 1126 2766 hoe
1159 2730 1267 2767 nimis
1295 2730 1400 2768 docte

786 2780 919 2817 fac‘tum
935 2779 1088 2817 videtur,

837 2844 1002 2881 94—99.
1041 2830 1221 2868 Omnibus
1252 2833 1404 2871 omnino

786 2883 902 2920 modis
964 2893 1093 2920 terram
1154 2883 1403 2932 frangendam,

785 2933 1116 2978 comminuendam,
1126 2944 1161 2971 et
1174 2948 1193 2971 a
1207 2934 1279 2972 sole
1294 2948 1404 2972 exco-

890 2985 918 3022 P
1225 2986 1407 3036 quendam
