1821 3381
328 341 860 401 GEORGICON‚
915 342 1070 392 LIB.
1112 343 1152 391 Ι.

1330 363 1424 409 23)

109 474 256 523 Haud
268 475 457 524 facilem
471 476 556 523 effe
566 478 691 524 viam
704 476 849 524 voluit
859 500 872 531 ;
890 477 1164 540 primusque
1172 494 1258 541 per
1268 492 1419 528 artem

109 563 272 613 Movit
293 582 444 629 agros,
478 567 602 612 curis
624 581 792 613 acuens
816 567 1032 615 mortalia
1055 567 1218 622 corda;

105 653 211 702 Nec
233 668 419 718 torpere
439 656 572 717 gravi
595 655 747 718 paffus
771 655 848 702 sua
869 671 1012 719 regna
1035 669 1244 704 veterno.

170 747 298 793 Ante
320 747 492 807 Jovem
514 746 631 792 nulli
655 744 934 809 subigebant
962 762 1071 792 arva
1095 747 1273 794 coloni:
1329 764 1382 796 12
1391 763 1414 813 5

104 836 209 885 Nec
233 836 413 899 signare
433 835 628 898 quidem
651 846 731 882 aut
752 835 918 897 partiri
940 834 1093 881 limite
1114 851 1342 900 campum

104 927 193 980 Fas
217 940 341 974 erat:
375 927 425 973 in
445 925 660 972 medium
682 926 981 988 quaerebant;
1019 926 1212 990 ipsaque
1235 929 1371 977 tellus

104 1017 282 1064 Omnia
303 1016 512 1071 liberius,
546 1015 677 1061 nullo
696 1015 931 1078 poscente,
967 1016 1162 1066 ferebat.

101 1107 192 1155 Ille
215 1107 396 1153 malum
419 1107 543 1152 virus
567 1104 858 1168 serpentibus
878 1105 1061 1155 addidit
1083 1109 1211 1166 atris,

146 1280 220 1305 122.
230 1274 387 1314 primqsque
394 1279 536 1314 parentem
551 1273 725 1302 Romanus.

100 1323 189 1355 iebant
205 1324 294 1354 Leid.
311 1323 369 1354 sec.
387 1331 418 1354 et
433 1322 519 1354 Voff.

101 1375 285 1406 Romanus:
309 1382 463 1417 perpetua
489 1375 654 1412 varietate,
676 1382 707 1405 et
734 1376 907 1416 sequuntur
922 1373 988 1404 fere
1004 1374 1064 1404 hoc
1081 1374 1142 1404 viri
1167 1375 1260 1405 doffi.

818 1273 1026 1314 124fi1ajura
1042 1269 1091 1302 ed.
1102 1273 1186 1302 Ven.
1278 1284 1288 1303 1
1298 1273 1420 1313 25.s?‹b-

609 1323 681 1355 126.
707 1324 874 1366 Nefignare
888 1321 990 1364 'quidem
1008 1333 1023 1353 e
1040 1322 1170 1353 vetustis
1190 1323 1296 1363 multi,
1317 1325 1417 1355 etiam

1308 1376 1416 1407 Debe-

99 1425 155 1457 bat
170 1427 280 1468 utique
295 1427 447 1459 alterutra
459 1427 540 1457 ratio
557 1428 734 1458 constanter
749 1427 876 1458 servari.
907 1427 1024 1469 fignare
1036 1427 1122 1468 fidum
1136 1427 1247 1458 recitat
1265 1428 1414 1461 Macrob.

99 1479 162 1508 Sat.
178 1479 204 1515 Ι,
225 1478 257 1518 8,
281 1478 364 1509 sorte
387 1478 553 1511 memoriae
577 1477 697 1510 fraude.

97 1528 216 1564 vberius.

97 1667 226 1711 dianus
253 1666 452 1712 XXXVI,
479 1680 528 1705 20
556 1666 633 1717 sqq.
663 1680 724 1716 31.

102 1732 188 1758 122.
233 1719 429 1756 Tribuitur
471 1718 574 1767 Jovis
614 1720 724 1768 juffis,

98 1771 198 1820 quod
212 1770 276 1807 sub
289 1771 363 1819 ejus
377 1770 530 1820 imperio
544 1769 721 1819 contigit:

96 1822 313 1864 stimulando
363 1820 479 1872 igitur
535 1821 722 1858 hominum

96 1874 236 1910 animos
263 1872 372 1916 curis,
398 1873 515 1909 Movit
542 1888 655 1924 agros,
683 1873 720 1910 h.

93 1925 183 1968 fecit
219 1924 370 1968 moveri,
401 1924 507 1967 arari,
541 1924 719 1960 necestita-

94 1987 169 2013 tem
198 1974 344 2012 colendi
363 1975 547 2025 imposuit.
602 1976 719 2011 Caete-

93 2040 175 2065 rum
201 2027 321 2064 locum
350 2027 511 2076 expreflit
535 2026 667 2063 Manil.
687 2027 720 2071 Ι,

95 2092 144 2131 79
181 2079 256 2128 sqq.
296 2081 366 2125 sua
399 2094 516 2129 regna,
543 2079 719 2121 homines,

92 2129 224 2181 quibus
240 2128 450 2179 imperabat.
503 2141 639 2166 veterno
652 2143 717 2180 pro

93 2181 256 2232 ignavia,
309 2180 455 2217 inertia.
509 2180 714 2218 Nemefian.

91 2233 173 2270 Ecl.
191 2232 224 2275 I,
252 2232 301 2270 60
319 2233 388 2269 Nec
388 2235 522 2282 segnem
529 2234 643 2281 paſjics
659 2249 715 2270 no·
766 2232 910 2282 jugera.

91 2285 139 2323 bis
156 2298 299 2320 marcere
306 2286 491 2334 juventam
508 2295 576 2322 etc.

147 2348 231 2386 125.
279 2334 447 2384 Expreffa
475 2347 520 2370 ex
562 2334 713 2374 Hefi0d0

84 2387 183 2436 ''Eg‘y.
213 2399 263 2436 90
291 2385 340 2435 sq.
376 2395 412 2422 et
431 2386 545 2421 Arato
568 2399 637 2423 110
661 2386 711 2436 sq.

89 2439 180 2476 Inde
209 2438 308 2474 locus
326 2450 346 2472 a
377 2437 499 2473 multis
518 2440 710 2474 tradimus:

88 2488 254 2542 inprimis
289 2501 308 2523 a
343 2487 496 2524 Tibullo
537 2488 569 2532 I,
599 2501 635 2536 3,
666 2502 710 2540 35·

86 2542 182 2592 sqq„
210 2538 270 2576 ubi
288 2552 322 2577 v,
364 2538 543 2576 Brouckh.
600 2539 711 2577 Hunc

88 2594 226 2635 versum
254 2589 423 2639 respexit,
451 2601 596 2628 notante
624 2590 712 2627 Bur-

87 2655 237 2690 manno,
271 2642 354 2680 ὅρη.
382 2654 440 2692 ep.
476 2643 523 2679 86
553 2643 598 2679 de
633 2642 711 2678 Sci-

84 2697 213 2747 pione:
241 2704 379 2736 terram,
407 2703 445 2730 nt
461 2698 607 2743 messuit
621 2697 710 2743 prfi

83 2754 142 2793 (is,
169 2748 232 2794 ipst
250 2743 442 2793 sukigybat.
501 2747 586 2783 126.
633 2744 708 2780 Ex-

84 2798 199 2849 preffit
218 2796 290 2832 haec
311 2795 425 2832 Ovid.
444 2794 538 2833 Met.
567 2795 599 2839 Ι,
623 2797 706 2844 136.

85 2850 174 2892 Am.
190 2847 262 2890 III,
285 2848 322 2891 8,
347 2859 411 2894 42.
466 2847 606 2898 Necfas
622 2858 710 2892 erat,

790 1478 860 1511 128.
884 1479 935 1522 JO·
953 1477 1118 1510 Schrader.
1143 1478 1225 1521 conj.
1256 1480 1366 1521 Omnia,
1389 1486 1415 1515 ej

794 1678 877 1717 127.
912 1671 947 1703 in
974 1669 1128 1712 medium3
1155 1668 1329 1720 quicquid
1354 1683 1413 1708 ac-

787 1717 991 1766 quirebant,
1017 1720 1203 1768 parabant,
1243 1723 1282 1758 in
1311 1735 1412 1759 com-

787 1781 895 1804 mune
928 1770 1100 1819 parabant
1131 1781 1167 1808 et
1206 1773 1412 1811 afferebant.

787 1818 948 1869 Exponit
987 1821 1150 1860 Laffi'tant.
1182 1822 1296 1862 Instit.
1333 1825 1411 1863 div.

787 1869 840 1913 V,
886 1885 923 1921 ς,
968 1872 1027 1909 sed
1060 1873 1124 1910 suo
1156 1886 1256 1911 more
1288 1875 1413 1926 inepta

785 1923 976 1959 calumnia.
991 1924 1039 1962 ef.
1057 1924 1185 1972 Justin.
1206 1925 1354 1971 XLIII,
1375 1942 1410 1973 1,

786 1987 821 2022 3,
876 1973 1017 2012 Laudat
1052 1977 1168 2013 versus
1209 1982 1408 2029 125—128

785 2026 868 2061 Seu.
905 2038 962 2075 ep.
1008 2039 1071 2076 90.
1129 2032 1214 2066 128.
1257 2030 1407 2076 liberius,

783 2076 908 2119 libere,
933 2076 1009 2114 satu
1027 2092 1100 2115 non
1118 2081 1254 2123 coafta,
1282 2081 1408 2131 sponte

782 2127 916 2165 Horat.
952 2128 1009 2164 HI
1028 2129 1150 2168 Carm.
1186 2144 1247 2179 24,
1281 2146 1323 2170 12
1344 2135 1404 2170 Li-

780 2179 877 2217 beras
904 2182 1252 2231 fruges—immetata
1280 2189 1407 2235 ferunt

965 2233 1158 2282 Accipitur
1188 2235 1299 2285 vulgo
1325 2236 1406 2273 dic-

780 2293 855 2318 tum
904 2295 970 2332 pro
1009 2283 1208 2329 hberalius,
1247 2287 1404 2333 felicius,

777 2333 935 2381 ἆφὲγῦιως.
989 2333 1197 2385 Expreffum
1234 2349 1278 2373 ex
1324 2338 1404 2376 He-

779 2384 870 2421 fiod.
894 2387 991 2434 ’Ἓξ-νγ.
1018 2392 1087 2424 118
1109 2390 1233 2438 καξτόν
1265 2389 1292 2425 δ’
1312 2394 1403 2441 ἕφεξε

778 2436 919 2486 {effla-505
934 2440 1043 2486 οἴξδξαι
1067 2442 1254 2485 Αὐτομάτη
1283 2447 1403 2482 ’πολλόν

777 2505 812 2525 τε
847 2489 906 2526 nx)
946 2490 1093 2537 ἄφθονον.
1147 2493 1295 2531 Lucht.
1346 2494 1400 2538 V,

776 2554 852 2590 940
884 2539 1040 2577 Plurima
1069 2554 1137 2579 tum
1165 2543 1274 2586 tellus,
1300 2552 1401 2584 etiam

776 2595 920 2641 mqjora,
934 2591 1088 2642 ferebat.
1107 2593 1344 2644 nullopostente
1361 2597 1399 2636 h.

776 2653 910 2680 arante.
963 2642 1068 2692 Supr.
1100 2658 1149 2695 99
1166 2652 1326 2695 imperare
1340 2664 1399 2685 αν..

775 2700 844 2731 rcss.
860 2705 985 2744 cogente
1000 2696 1114 2733 Ovid.
1136 2696 1229 2733 Met.
1256 2698 1289 2740 I,
1313 2712 1398 2749 103.

828 2757 841 2781 1
852 2758 912 2796 29·
931 2744 1005 2781 Sub
1018 2745 1108 2794 Jove
1123 2746 1296 2798 serpentes
1309 2749 1398 2790 facti

772 2795 854 2833 sunt
871 2798 1053 2842 venenati,
1080 2798 1157 2847 lupi
1174 2812 1312 2849 rapaces
1325 2813 1396 2844 etc.

773 2846 896 2885 malum
923 2853 1021 2886 virus
1055 2849 1204 2893 indidit,
1231 2853 1395 2893 noxium.

85 2900 125 2947 h,
155 2899 325 2947 sollenne,
353 2897 514 2945 solitum,
541 2909 581 2940 ut
608 2898 710 2956 saepe.
760 2900 963 2956 serpentium
996 2899 1115 2953 aliqua
1147 2914 1277 2954 genera
1314 2903 1396 2945 sunt

1321 2966 1398 3001 alm
