1987 3361
378 246 710 308 PRIORIS
761 255 1222 309 EDITIONIS.
1398 279 1461 315 lx

161 413 280 452 tora
297 393 531 448 trecentis
550 393 668 446 inde
683 395 829 446 annis
851 407 926 447 tot
947 395 1357 452 doctiffimorum
1380 401 1460 454 vi-

157 505 333 542 rorum
360 485 525 538 studia
544 498 784 556 expertus
804 485 874 538 est
883 512 901 547 ‚-
941 499 990 539 et
1028 488 1141 558 post
1167 490 1368 542 Heinfii
1405 511 1464 545 ac

156 578 440 631 Burmanni
473 575 817 628 felicissimam
854 595 1066 647 operam
1111 598 1265 631 nemo
1304 578 1458 632 facile

157 684 264 724 tam
276 689 431 722 vanus
449 671 628 721 auctor
643 669 943 740 reperiatur,
957 671 1047 741 qui
1063 690 1089 721 e
1104 671 1245 723 libris
1264 669 1462 743 scriptis

158 764 320 815 multa
345 761 604 832 praeclara,
645 779 761 830 quae
786 760 1022 812 nondum
1061 781 1127 813 ex
1165 763 1279 813 aliis
1318 762 1463 813 libris

156 865 331 906 notata
363 851 477 913 sint,
518 851 750 922 polliceri
781 851 924 904 aufit.
1004 852 1186 920 Qid?
1228 852 1385 925 quod,
1427 852 1462 904 si

157 944 276 1015 quis
301 942 540 994 lectionis
566 944 865 998 varietatem
890 962 954 994 ex
981 943 1194 1014 optimis
1221 944 1364 996 libris
1399 945 1462 996 ad

155 1034 385 1088 nostrum
401 1032 560 1106 usque
570 1045 772 1103 tempus
785 1032 1014 1103 undique
1030 1051 1122 1083 con
1129 1031 1320 1103 gestam
1337 1054 1464 1087 con-

157 1127 355 1185 fideret,
381 1126 443 1178 ad
459 1124 861 1176 emendatiorem
882 1137 931 1174 et
952 1126 1264 1176 ornatiorem
1287 1126 1464 1197 Virgi-

153 1219 280 1273 liani
305 1215 543 1267 carminis
571 1215 848 1268 lectionem
875 1216 1104 1267 multum
1128 1217 1309 1288 utique
1341 1219 1463 1271 inde

155 1308 253 1372 effe
288 1306 564 1380 profe-{tun
603 1308 862 1379 largiatur,
906 1309 1253 1362 recentiorem
1291 1323 1462 1364 tamen

155 1419 367 1473 operam
382 1400 549 1451 multo
569 1399 740 1450 minus
756 1398 1073 1451 fructuosam
1105 1399 1251 1452 fuisse
1270 1402 1463 1455 intelli-

155 1503 259 1563 gat,
279 1509 437 1561 quam
457 1488 773 1559 superiorum
796 1501 1095 1560 temporum
1115 1489 1459 1563 diligentiam,

159 1596 209 1635 et
225 1603 251 1634 a
269 1582 553 1634 noviffimis
572 1580 776 1632 Criticis
793 1582 883 1633 vix
899 1582 1182 1653 quicquam
1202 1586 1461 1639 varietatis

158 1693 185 1725 e
209 1674 470 1725 codicibus
497 1672 594 1724 effe
614 1686 899 1734 enotatum,
942 1674 1081 1745 quod
1109 1694 1215 1726 non
1240 1695 1304 1727 ex
1349 1678 1462 1729 aliis

157 1768 299 1821 libris
319 1768 432 1839 jam
456 1779 692 1818 notatum
719 1779 767 1817 et
792 1768 1023 1837 plurium
1049 1768 1300 1820 librorum
1337 1789 1463 1823 con-

158 1856 303 1910 sensu
326 1856 445 1908 effet
471 1855 838 1908 confirmatum
854 1881 871 1916 ‚-
908 1857 1172 1929 pleraque,
1203 1858 1346 1929 quod
1369 1859 1462 1931 ipfi

156 1950 318 2003 tribus
346 1949 610 2002 codicibus
648 1950 1001 2020 comparandis
1025 1953 1228 2021 experti
1268 1950 1464 2014 sumuS‚

157 2039 219 2093 ad
238 2039 578 2092 aberrationes
597 2040 926 2093 librariorum
952 2040 1134 2101 redire,
1154 2054 1203 2094 at
1224 2043 1278 2094 in
1300 2045 1360 2095 iis
1382 2045 1462 2096 lo-

157 2132 251 2193 cis,
281 2151 399 2204 quae
418 2132 604 2184 vulnus
620 2130 830 2193 habent,
855 2131 997 2203 quod
1022 2131 1325 2185 sententiam
1346 2155 1462 2188 ora-

157 2222 313 2274 tionis
334 2222 583 2283 obscuret,
602 2221 922 2274 restituendis
945 2242 1000 2274 ac
1022 2221 1276 2284 sanandiS,
1300 2227 1362 2277 ab
1380 2225 1462 2279 his

158 2312 421 2374 codicibus
439 2332 546 2365 non
565 2314 730 2385 magis
748 2313 1029 2385 quicquam
1048 2314 1284 2366 utilitatis
1303 2335 1463 2388 quam

158 2423 188 2459 a
210 2405 402 2458 caeteris
420 2405 589 2458 arcefli
610 2404 766 2477 poffe.
822 2406 1003 2477 Itaque
1019 2425 1085 2458 ex
1103 2406 1383 2460 innumeris
1399 2409 1463 2462 iis

158 2496 441 2556 codicibus,
459 2497 549 2569 qui
570 2496 738 2549 adhuc
753 2496 934 2568 paffim
960 2498 1010 2549 in
1037 2496 1365 2562 bibliothecis
1386 2499 1462 2552 la-

158 2600 284 2647 tent,
311 2588 430 2639 licet
451 2607 537 2640 eos
563 2589 735 2640 excuti
773 2607 879 2641 non
910 2587 1128 2639 omnino
1150 2588 1329 2640 inutile
1353 2588 1463 2642 fore

155 2679 513 2754 pronuntiem,
541 2678 602 2730 ad
626 2678 884 2730 summam
905 2691 1078 2730 tamen
1105 2679 1177 2731 rei
1197 2680 1288 2732 vix
1315 2682 1466 2752 quic-

158 2790 316 2844 quam
331 2770 478 2824 valde
493 2770 827 2823 memorabile
841 2783 890 2822 et
905 2769 1118 2842 insignis
1133 2770 1347 2844 alicujus
1364 2773 1467 2824 uti-

377 2877 408 2932 3
1310 2862 1467 2919 litatis
