1987 3361
674 670 774 708 DE

170 809 508 881 VITA
599 816 1257 880 VIRGILII.

61 1083 218 1181 DE
242 1120 351 1170 Vita
389 1122 577 1187 Virgilii
621 1125 772 1172 multa
819 1124 922 1172 sunt
960 1135 1171 1171 veterum
1196 1123 1374 1169 Gram-

61 1206 346 1253 maticorum
381 1221 670 1265 commenta,
704 1225 829 1272 quse,
865 1220 1112 1272 tamquam
1146 1218 1291 1252 certae
1327 1220 1373 1253 et

58 1283 313 1345 exploratae
350 1284 479 1341 fidei,
513 1284 695 1347 sequuti
731 1285 838 1331 sunt
867 1286 961 1342 alii,
995 1299 1074 1333 aut
1105 1286 1161 1331 iis
1194 1288 1373 1333 relidiis

60 1382 200 1413 novas
238 1367 534 1414 ariolationes
572 1380 617 1414 et
651 1367 941 1431 conjeehiras
972 1367 1037 1414 ita
1071 1368 1372 1430 proposuere,

58 1449 186 1511 quasi
209 1466 278 1497 res
324 1450 391 1495 ita
427 1449 575 1513 gestas
613 1460 868 1494 narrarent.
941 1450 1054 1495 Non
1082 1448 1279 1509 quidem
1322 1449 1371 1494 id

58 1531 258 1593 agimus,
275 1543 328 1578 ut
351 1547 513 1577 eorum
531 1530 777 1576 censuram
796 1545 920 1576 nunc
940 1528 1264 1592 suseipiamuS,
1287 1547 1370 1577 ne-

56 1631 148 1676 que
164 1615 300 1662 nobis
323 1614 381 1660 ad
403 1630 566 1660 ornnes
584 1629 678 1670 eOS,
696 1613 778 1676 qui
794 1612 887 1659 five
911 1613 960 1659 in
982 1613 1265 1676 scriptorum
1288 1630 1371 1661 ve..

57 1711 214 1744 terum
237 1695 430 1743 recensu
459 1694 553 1742 five
580 1695 774 1758 proprio
798 1696 1009 1758 quodam
1035 1696 1233 1743 consilio
1258 1697 1300 1743 V
1303 1698 1369 1744 ir-

53 1781 160 1845 gilii
193 1780 344 1826 vitam
365 1776 664 1841 scripserunt,
697 1778 980 1825 evolvendos
1003 1777 1111 1825 satis
1143 1779 1229 1825 otii
1255 1779 1368 1842 sup-

55 1865 195 1928 petit;
220 1864 253 1910 fi
272 1876 431 1910 tamen
449 1877 543 1918 eos,
559 1861 641 1923 qui
665 1861 770 1923 post
792 1860 1000 1907 Ruaeum
1023 1876 1078 1907 ac
1104 1861 1322 1923 Baylium
1340 1867 1364 1888 ³³

56 1964 201 2012 nugas
226 1946 310 1993 sub
337 1945 530 2001 Donati,
564 1942 723 2000 Probi,
757 1958 810 1989 ac
843 1940 993 1988 Servii
1024 1941 1217 1987 nomine
1250 1959 1367 1988 ven..

54 2030 191 2086 ditas,
224 2027 443 2092 rejecere,
478 2026 526 2071 in
552 2023 720 2086 primis
741 2022 1026 2078 Martinum‚
1061 2021 1367 2082 VVartonum,

57 2111 273 2161 Crusium
296 2113 326 2159 †
356 2106 580 2163 excutiaS‚
613 2105 764 2151 multa
802 2103 969 2167 paffim
998 2108 1369 2154 commemorari

52 2195 345 2256 videas,quae
369 2206 481 2249 cum
505 2186 793 2252 conjedturae
816 2187 923 2233 loeo
945 2203 972 2232 a
994 2186 1105 2232 viris
1125 2189 1365 2235 nonnullis

53 2277 204 2324 doetis
229 2275 349 2321 olim
379 2270 617 2336 propofita
642 2268 845 2325 fuiffent,
869 2285 994 2316 nunc
1026 2267 1121 2316 fine
1150 2270 1244 2316 ulla
1275 2271 1365 2318 du-

55 2358 284 2405 bitatione
304 2369 550 2417 tamquam
573 2352 754 2415 antiqui
778 2351 976 2416 alicujus
1002 2352 1246 2416 scriptoris
1271 2355 1366 2402 fide

56 2455 101 2490 et
124 2440 398 2489 auetoritate
417 2436 608 2483 suffulta
630 2434 957 2481 exhibeantur.
1004 2435 1130 2482 Cum
1154 2436 1214 2483 de
1234 2448 1366 2484 tanto

107 2582 129 2602 ’ἓ
157 2578 201 2614 In
220 2577 453 2615 Distiommire
472 2577 556 2614 Art.
581 2576 614 2612 V
613 2574 724 2627 irgile.

105 2636 128 2673 †
156 2637 330 2688 Martyn’s
349 2638 427 2688 Lis}
450 2640 495 2686 qs
505 2638 541 2674 V
538 2635 620 2687 irgil
643 2633 746 2686 praef.
772 2633 874 2671 Edit.
895 2632 1101 2672 Bucolicor.
1159 2633 1300 2671 Warton
1327 2631 1366 2670 in

53 2696 209 2747 eleganti
228 2696 329 2733 Edit.
352 2695 508 2746 Virgilii
533 2709 617 2733 cum
647 2693 736 2732 vers.
768 2694 880 2744 Angl.
936 2695 1088 2744 Crtgsius'
1115 2694 1222 2732 Limes
1252 2693 1368 2744 ofthe

54 2755 185 2794 Roman
202 2756 309 2794 Poets.
344 2755 394 2793 T.
416 2754 447 2794 Ι.
491 2754 593 2795 Add.
613 2753 779 2806 inprimis
797 2752 932 2804 Harlcgf.
953 2753 991 2791 in
1020 2754 1128 2794 Notit.
1138 2758 1274 2805 scriptt,
1302 2751 1366 2790 lat,

55 2813 129 2852 To.
147 2815 177 2853 Ι.
196 2830 234 2866 p.
255 2817 327 2854 268
356 2816 410 2867 sq.

121 2893 197 2939 To
206 2907 259 2941 M.
286 2908 322 2943 1.
809 2889 830 2937 1
1226 2887 1368 2952 poeta
