1821 3381
350 264 887 323 GEORGICON,
942 262 1100 345 LIB.x
1152 264 1244 313 III.

1346 278 1441 330 397

131 407 271 452 Dona
297 400 460 446 feram.
529 400 637 460 Jzim
655 415 779 446 nunc
799 399 1034 446 sollemnis
1052 399 1224 446 ducere
1246 414 1446 462 pompas

128 495 206 541 Ad
233 493 425 539 delubra
441 491 593 555 juvat,
620 491 856 553 caesosque
877 490 1302 554 viderejuvencos;

132 585 220 631 Vel
242 584 378 629 scena
400 595 451 628 ut
476 581 614 629 verfis
639 581 849 627 discedat
874 582 1125 638 frontibus,
1148 594 1294 644 utque

130 675 370 736 Purpurea
393 672 567 718 intexti
589 671 757 716 tollant
781 671 931 716 aulaea
953 671 1182 717 Britanni.
1393 682 1452 736 25

129 766 188 812 In
213 766 392 812 foribus
434 780 649 826 pugnam
674 780 730 809 ex
753 780 866 810 auro
889 763 1127 826 solidoque
1151 764 1404 827 elephanto

130 856 464 918 Gangaridum
490 855 682 911 faciam,
708 853 987 916 viciorisque
1012 871 1142 900 arma
1167 855 1388 920 Qirini3

129 984 260 1019 decernit.
279 981 317 1013 cf.
336 982 375 1013 ad
392 983 468 1013 AEn.
488 982 559 1018 V11,
575 989 648 1020 525.
697 980 847 1011 Tandem
881 983 1000 1012 Gra’cia
1027 982 1092 1013 ludo
1119 982 1244 1014 Zulich.

1335 993 1384 1016 22.
1408 987 1459 1018 dc-

128 1039 231 1070 ducere
248 1033 426 1064 Ven.a1ter
452 1033 587 1073 Menag.
616 1031 672 1062 Ed.
692 1033 925 1072 Junt.--—-24.
958 1042 1044 1075 atque
1069 1035 1210 1075 Argent.
1238 1034 1309 1072 Ed„
1325 1043 1458 1067 notante

134 1083 274 1114 Reiskio.

367 1093 384 1115 2
387 1094 418 1123 5.
435 1084 528 1114 tollent
545 1084 678 1123 Nisenag.
698 1081 752 1112 alt.
781 1085 886 1114 intexta
904 1085 1034 1123 Menag.
1052 1093 1246 1124 pr.-——--27.
1261 1086 1459 1127 Gargaridum

133 1134 304 1171 Rottcnd.,
317 1135 369 1165 sed
387 1134 507 1165 Graecis
529 1133 701 1176 ravzaegfsm,
740 1134 824 1173 quod
844 1133 896 1164 alii
914 1134 1029 1165 flexiffc
1046 1135 1207 1174 videntur,
1218 1136 1295 1166 dum
1310 1147 1328 1167 a
1345 1139 1460 1179 Gange

138 1184 274 1215 ducium
289 1184 471 1226 putabant:
495 1184 624 1215 Salmas.
655 1184 696 1213 ad
726 1183 822 1215 Solin.
855 1195 886 1226 p.
916 1183 990 1225 698.
1034 1187 1148 1217 viat-ris
1171 1195 1198 1217 et
1217 1199 1298 1218 arma
1315 1187 1459 1219 Parrhas-

129 1295 320 1345 pertineat,
352 1295 385 1333 se
407 1299 507 1346 ferre
535 1295 626 1332 velle
662 1295 762 1340 dona,

129 1346 170 1383 h.
206 1347 240 1384 se
282 1347 456 1384 sacrificia
499 1347 543 1383 ad
588 1347 762 1396 templum

137 1399 278 1448 (paullo
295 1399 384 1449 post,
415 1400 465 1436 ad
487 1397 666 1449 delubra).
697 1398 762 1434 effe

131 1449 308 1486 facturum
342 1449 450 1493 dicit,
482 1450 600 1500 capite
632 1462 762 1486 corona

130 1499 296 1550 oleagina
317 1500 500 1537 redimito.
561 1504 686 1549 toqsam
705 1500 762 1537 oli-

130 1567 218 1589 vam
254 1553 423 1602 appellat,
463 1565 536 1589 non
572 1551 762 1595 attonsaxm

133 1612 173 1638 ut
199 1603 340 1648 volunt,
369 1612 514 1640 ornatus
546 1603 673 1646 causta,
704 1603 764 1639 sed

130 1654 355 1704 fimpliciter,
388 1654 473 1705 quia
490 1655 665 1704 decerptae
683 1653 763 1691 sunt

132 1704 274 1742 frondes
285 1719 329 1743 ex
349 1706 487 1743 arbore.
517 1705 647 1755 Neque
663 1705 763 1742 aliud

131 1756 180 1793 est
197 1757 437 1794 Horatianum
450 1756 543 1793 illud
558 1769 566 1793 :
583 1759 764 1808 decerptam

157 1815 246 1846 romi
248 1819 439 1859 praeponere
454 1809 597 1846 oli-vam.

187 1875 247 1898 22.
276 1860 364 1908 Jam
388 1877 474 1898 nunc
491 1863 636 1911 juvat,'
674 1869 763 1895 tam-

133 1924 243 1961 quam
274 1915 399 1961 poeta,
431 1911 486 1955 id,
517 1912 615 1960 quod
647 1910 764 1947 facere

132 1963 238 2012 gestit
254 1961 407 2006 animus,
425 1963 471 1999 ad
496 1962 645 2012 praesens
676 1973 764 1998 tem-

134 2027 199 2064 pus
216 2023 371 2058 revocat,
387 2015 483 2065 quasi
499 2015 655 2050 attatum
675 2014 711 2050 in
723 2026 766 2050 eo

137 2075 331 2116 occupatus
352 2066 405 2103 fit.
451 2064 607 2115 Rapitur
628 2064 767 2101 animus

135 2117 281 2153 :estuans
299 2116 336 2153 in
356 2116 489 2153 medias
504 2128 570 2160 res,
585 2126 766 2166 tamquam

135 2167 161 2203 sl
177 2180 295 2205 coram
315 2178 496 2218 gerantur.

190 2233 251 2268 24.
288 2233 350 2270 ²5·
397 2219 536 2262 Priora,
581 2219 627 2255 ad
671 2219 768 2254 sacra

133 2269 372 2321 pertinebant,
392 2271 466 2307 haec
490 2271 620 2307 iterum
640 2270 685 2306 ad
714 2271 768 2306 lu-

137 2322 217 2365 dos,
253 2322 345 2359 inter
375 2335 462 2373 quos
496 2321 605 2359 etiam
630 2325 769 2372 scenicos

137 2373 298 2410 editurus
341 2373 402 2411 est.
474 2375 592 2417 Sccna,
644 2383 769 2422 utpote

139 2424 334 2468 versatilis,
363 2424 649 2474 circumagitur:
683 2425 768 2460 hinc

129 2479 246 2528 [οη-ὴ
262 2476 449 2526 frontibus.
502 2475 634 2513 Velum
653 2486 771 2512 autern

140 2527 209 2564 five
230 2528 390 2570 aulaeum,
409 2527 669 2576 prodeuntibus
679 2527 770 2575 jam-

135 2577 211 2629 Jam
242 2578 434 2622 aff-oribus,
469 2592 557 2622 non,
590 2589 628 2614 ut
659 2591 770 2621 nunc,

139 2629 339 2671 demissum,
384 2629 443 2666 sed
475 2630 513 2666 in
548 2629 659 2666 altum
691 2629 772 2665 sub-

140 2682 252 2719 latum
283 2681 396 2724 fuisse,
433 2682 592 2731 adeoque
621 2681 772 2717 intextas

140 2732 199 2770 seu
217 2731 328 2782 pietas
361 2732 549 2783 imagines,
577 2732 613 2770 h.
642 2733 667 2770 1.
698 2731 774 2768 Bri-

143 2792 284 2827 tannos,
299 2796 448 2833 psOCCXO
466 2797 632 2834 COTPOFC,
649 2793 684 2820 et
705 2782 776 2820 fol·-

143 2843 181 2875 te
207 2846 251 2872 eo
285 2834 411 2872 habitu
436 2835 567 2888 pietos,
595 2845 775 2886 tamquam

831 1294 896 1344 qui
913 1294 978 1345 ipfi
996 1296 1076 1333 vela
1091 1297 1273 1341 tollerent,
1301 1299 1397 1348 quasi
1415 1311 1462 1338 ex

831 1355 923 1382 terra
957 1347 1096 1397 surgere
1138 1348 1227 1385 visas
1267 1351 1346 1394 effe,
1397 1353 1461 1390 vix

831 1411 919 1446 opus
936 1399 982 1434 est
1009 1399 1129 1435 multis
1149 1400 1289 1439 docere.
1343 1401 1463 1442 Locus

833 1449 987 1486 clafficus
1005 1450 1119 1488 Ovid.
1139 1451 1232 1490 Mer.
1250 1452 1324 1497 HI,
1343 1468 1463 1492 111—-

837 1514 920 1550 114.
976 1501 1140 1538 Hurdius
1167 1504 1191 1540 1.
1214 1517 1247 1543 c.
1275 1505 1320 1542 de
1349 1507 1464 1544 aulaeo

831 1551 971 1588 delubri
986 1553 1200 1603 accipiebat.

886 1605 1049 1651 26—30.
1130 1606 1193 1642 Ad
1254 1618 1466 1646 ornamenta

832 1654 957 1704 templi
977 1654 1015 1690 in
1028 1655 1179 1706 Augusti
1191 1657 1360 1697 honorem
1376 1674 1466 1698 con-

832 1705 942 1741 dendi
984 1707 1130 1743 transit:
1175 1711 1377 1761 anaglypha
1426 1712 1466 1750 in

834 1756 986 1801 foribus,
1018 1758 1068 1795 cf,
1098 1759 1184 1795 AEn.
1204 1760 1275 1805 Vl,
1296 1777 1344 1800 20
1369 1763 1464 1813 sqq„

831 1818 868 1844 et
887 1808 1032 1857 quidem
1050 1822 1094 1846 ex
1113 1811 1220 1848 ebore
1236 1822 1270 1849 et
1288 1826 1374 1851 auro
1389 1828 1397 1850 ι
1423 1826 1466 1852 ut

834 1872 892 1909 ap.
914 1860 997 1897 Cic.
1018 1861 1124 1899 Verr.
1145 1862 1218 1907 IV,
1238 1865 1301 1914 56,
1320 1875 1396 1902 tum
1427 1880 1464 1904 v,

836 1925 886 1960 34
913 1911 1008 1961 figna
1039 1925 1079 1949 ac
1114 1914 1251 1952 statuas.
1306 1919 1468 1969 Pugnant

836 1963 1116 2014 Gangaridarum
1173 1966 1362 2012 (Indorum
1419 1970 1468 2006 ad.

837 2013 980 2064 Gangis
1023 2015 1110 2052 ostia
1153 2017 1198 2054 ab
1247 2019 1469 2058 occidentali

835 2067 951 2114 parte)
977 2078 1164 2111 memorat,
1196 2069 1282 2118 quia
1306 2084 1469 2109 commu-

837 2116 892 2152 nis
924 2117 984 2153 ille
1019 2118 1164 2156 laudum
1196 2120 1296 2157 loeus
1320 2123 1358 2159 in
1388 2124 1469 2161 Au·

835 2168 952 2217 gusto,
987 2177 1025 2204 ut
1063 2170 1172 2208 Indos
1208 2185 1291 2209 cum
1328 2173 1471 2213 Parthis

835 2218 947 2256 victos
981 2219 1015 2256 ei
1041 2231 1101 2258 aut
1132 2223 1381 2272 promitterent
1407 2236 1470 2264 aut

841 2270 980 2308 darent.
1033 2272 1083 2310 cf.
1103 2273 1195 2324 [pr.
1217 2275 1394 2326 Georgic.
1414 2277 1469 2322 ΙΙ,

844 2334 927 2372 171.
976 2336 1057 2373 172.
1113 2325 1257 2364 AEneid.
1302 2327 1335 2371 Ι,
1381 2332 1470 2379 289.

839 2374 1042 2424 Augustum
1071 2385 1189 2413 autem
1211 2391 1272 2427 per
1288 2379 1471 2428 Qcirinum

839 2424 1061 2474 designatum
1081 2427 1213 2472 videri,
1240 2429 1387 2468 obvium
1407 2433 1470 2470 est.

840 2475 972 2512 Melius
987 2477 1070 2521 hoc,
1089 2492 1195 2527 quam
1211 2481 1390 2530 Qn'rinum
1405 2496 1470 2534 pro

839 2528 973 2577 populo
1018 2529 1185 2581 Qirini,
1224 2533 1412 2579 Romanis,
1448 2548 1471 2572 a

836 2582 947 2628 pocta
964 2579 1053 2618 dici.
1108 2598 1205 2620 arma
1226 2584 1367 2632 Qcirini
1383 2587 1471 2634 poe*-

839 2629 912 2666 tica
934 2632 1190 2670 consuetudine
1221 2647 1286 2684 pro
1311 2635 1472 2687 Qirino

841 2680 879 2718 in
906 2682 1029 2726 armis,
1056 2696 1205 2724 armato.
1259 2687 1338 2723 Nifi
1373 2704 1473 2726 arma

842 2745 907 2783 pro
924 2732 1034 2778 bello,
1070 2749 1190 2787 pugna
1218 2746 1278 2774 aut
1306 2738 1472 2784 victoria,

841 2783 939 2820 dicia
956 2786 1126 2836 accipias,
1160 2788 1259 2839 quod
1286 2798 1322 2828 et
1353 2789 1474 2841 ipsum

845 2835 936 2875 bene
954 2838 1065 2879 fieret.

1320 2892 1390 2939 528.
1412 2905 1475 2948 29.
