1821 3381
360 326 452 370 140
551 309 606 357 P.
660 308 1042 356 VIRGILII
1103 307 1500 358 MARONIS

354 443 577 491 Carmina
620 452 781 505 coepta
817 442 926 498 tuiS,
971 453 1112 505 atque
1160 442 1279 490 hanc
1316 442 1410 490 fine
1454 455 1669 508 tempora

480 537 664 584 circum

350 630 477 676 lnter
502 627 718 674 victrices
741 625 929 673 ederam
952 625 1041 673 tibi
1064 624 1244 688 serpere
1269 625 1437 672 lauros.

415 717 610 781 Frigida
627 718 708 764 vix
725 717 854 764 coelo
872 716 1023 764 noctis
1045 715 1299 762 decesserat
1323 715 1508 771 umbra,

349 810 477 857 Cum
494 824 567 855 ros
587 806 635 854 in
652 819 809 855 tenera
825 807 984 869 pecori
999 805 1279 870 gratiffirnus
1297 806 1441 853 herba
1458 830 1471 861 ;
1610 821 1626 852 1
1642 822 1663 868 5

348 899 638 951 Incumbens
661 899 792 945 tereti
821 898 1013 944 Damon
1038 897 1098 959 fic
1120 897 1274 959 coepit
1296 896 1438 943 olivae
1458 914 1469 943 :

915 1003 1113 1033 DAMON.

345 1080 568 1136 Nascere,
580 1093 774 1144 praeque
783 1077 914 1125 diem
923 1077 1114 1124 veniens
1124 1093 1225 1140 age,
1242 1075 1447 1132 Lucifer,
1461 1076 1643 1123 almum
1654 1097 1670 1130 ς

393 1239 446 1264 12.
466 1238 584 1274 tempore
609 1231 690 1262 alter
715 1229 1024 1268 Rottend.--'23.
1045 1231 1141 1258 laurus
1169 1227 1290 1258 Charis.
1321 1226 1376 1257 lib.
1406 1237 1420 1258 1
1450 1225 1474 1257 s.
1501 1235 1575 1257 cum
1598 1225 1673 1257 aliis

348 1283 578 1316 Grammaticis
592 1283 677 1325 apud
693 1282 846 1313 Pierium.

348 1335 443 1368 Leid.
458 1344 532 1367 cum
547 1334 650 1366 Goth.
667 1334 727 1367 sec.
742 1342 774 1364 v,
790 1333 831 1364 ad
845 1333 912 1363 Eoi.
931 1334 971 1368 ΙΙ,
987 1331 1038 1370 67.

347 1386 540 1420 auetoritate
555 1385 732 1418 librorum:
757 1393 789 1416 et
803 1384 870 1426 jam
887 1383 1010 1417 Pierius
1020 1382 1179 1414 suadebat.

342 1450 453 1484 quaeque
465 1437 573 1476 Leid„
587 1435 682 1469 male.

347 1568 411 1605 vix
437 1564 524 1606 satis
548 1565 743 1618 prudenter
770 1563 979 1616 pronuntia-

345 1619 403 1656 vit
428 1618 563 1656 Maro:
600 1617 637 1655 se
669 1616 748 1654 illas
782 1615 978 1666 tragoedias

349 1669 529 1710 Pollionis
559 1681 624 1721 per
655 1677 773 1705 totum
803 1678 976 1704 terrarum

345 1721 472 1760 orbem
498 1721 566 1760 effe
591 1719 866 1758 celebraturum.
937 1719 976 1756 Si

345 1774 446 1811 enim
461 1781 535 1810 tam
549 1772 712 1824 praeclari
727 1770 867 1821 ingenii
883 1769 974 1807 fetus

347 1825 405 1863 illi
434 1833 550 1868 erant,
578 1836 651 1861 non
678 1830 844 1872 poterant
878 1821 974 1859 indi-

345 1888 433 1928 gere
462 1875 628 1927 Virgilio
660 1884 838 1924 praecone.
911 1885 971 1910 11.

343 1927 410 1967 tibi
423 1929 557 1978 definet,
582 1938 628 1963 ex
649 1929 697 1975 τῷ
722 1926 840 1968 dicere,
857 1926 974 1973 firre,

343 1991 508 2024 carmen,
536 1979 576 2017 in
602 1986 638 2014 te
664 1976 818 2020 definet3
853 1975 975 2012 laudes

345 2039 419 2069 tuae
436 2039 648 2082 perpetuum
665 2040 829 2065 meorum
845 2028 974 2085 carmi-

345 2095 436 2120 num
469 2088 720 2133 argumentum
755 2086 887 2122 erunt;
922 2088 975 2115 lta

345 2134 558 2185 {impliciter
605 2143 782 2182 exponere
833 2129 974 2175 malim,

343 2185 407 2224 etfi
426 2185 518 2223 dura
529 2184 648 2223 oratio
661 2184 722 2221 est.
748 2181 800 2219 cf.
813 2180 973 2219 Theocr.

344 2236 481 2281 XVII,
501 2250 534 2274 1.
583 2248 643 2284 13.
665 2233 850 2276 Permitte,
862 2241 902 2269 ut
915 2231 972 2270 in-

345 2298 401 2326 ter
428 2288 551 2325 laudes
580 2297 658 2324 tuas
687 2285 835 2322 bellicas
863 2283 973 2322 etiam

343 2340 406 2378 hic
439 2353 483 2377 ex
509 2338 659 2389 poetico
676 2336 844 2375 encomio
862 2335 974 2374 honos

342 2391 416 2432 tibi
433 2390 596 2436 accedat,
614 2402 679 2428 nec
694 2388 839 2427 Musam
857 2399 973 2426 meam

344 2443 559 2494 dedignare.
625 2441 718 2479 Haec
748 2452 835 2477 vero
864 2452 973 2488 quam

343 2494 526 2546 eleganter
542 2493 703 2544 expreffit
727 2489 856 2543 po'eta!
888 2489 970 2527 Pul-

344 2559 407 2586 cre
422 2545 584 2585 imitatus
598 2543 727 2596 Popius
738 2541 906 2592 Pqstorals
917 2541 970 2584 ΙΙ,

344 2613 385 2649 9.
429 2611 475 2635 10
519 2598 652 2647 Accepi,
696 2611 713 2632 o
751 2593 883 2637 Carth,
916 2593 973 2630 the

346 2651 472 2700 Dlzgse’s
487 2648 579 2700 ear-ly
591 2649 678 2700 lqys,
697 2645 793 2684 ‘That
805 2646 888 2684 adds
908 2644 973 2683 this

345 2701 486 2740 qureath
504 2705 548 2752 of
555 2706 616 2751 ivy
633 2710 664 2737 to
681 2697 737 2749 thy
756 2697 845 2748 bays-

402 2766 416 2791 1
425 2755 462 2792 6.
478 2748 847 2793 Incumbens--olivae;
867 2746 972 2785 War-

344 2815 451 2842 tonus
482 2805 614 2855 against
644 2818 692 2840 an
725 2799 842 2838 olive’s
872 2798 973 2838 trunk

343 2855 506 2900 mlin’d3
532 2855 631 2892 hunc
660 2850 759 2890 enim
789 2850 973 2889 moerentis

344 2905 505 2958 hominis
546 2906 674 2945 statum
717 2903 796 2944 effe.
858 2902 970 2942 Recte

938 1291 987 1319 14.
1008 1281 1156 1324 dtscffwt
1178 1280 1275 1311 Pierii
1300 1279 1443 1321 Oblong.
1467 1276 1615 1308 Parthas.
1637 1285 1671 1309 et

1130 1340 1179 1372 15.
1201 1333 1284 1362 herba
1300 1331 1352 1374 rjft;
1369 1329 1491 1362 sustulit
1507 1331 1542 1373 ψ
1557 1329 1675 1360 Heins-

1275 1392 1285 1411 1
1295 1391 1325 1420 7.
1339 1382 1446 1424 pqstque
1459 1382 1527 1411 diem
1542 1379 1672 1413 Zulich.

1046 1573 1148 1604 vern,
1175 1560 1287 1598 modo
1306 1559 1385 1596 usus
1403 1558 1578 1610 loquendi
1601 1557 1675 1596 fer-

1048 1623 1116 1657 ret,
1143 1611 1279 1650 arboris
1296 1622 1425 1649 trunco
1442 1609 1592 1649 acclinis
1608 1610 1676 1647 ali-

1040 1664 1124 1714 quis
1141 1665 1206 1702 stat
1231 1664 1288 1701 vel
1316 1661 1493 1700 recumbit
1505 1679 1516 1708 ;
1536 1672 1572 1699 et
1585 1662 1675 1699 alie-

1043 1729 1130 1753 num
1149 1726 1226 1752 tum
1253 1714 1438 1765 epitheton
1452 1720 1558 1752 tereti.
1600 1712 1673 1751 Sed

1044 1780 1110 1804 nec
1128 1767 1280 1805 alterum
1299 1765 1470 1816 absonum
1481 1781 1490 1811 3
1509 1774 1545 1802 et
1561 1764 1675 1804 bacu-

1043 1819 1097 1856 lus
1140 1817 1349 1869 oleagineus
1391 1830 1437 1855 ex
1484 1829 1597 1856 more.
1637 1829 1675 1855 v-

1045 1870 1224 1921 Apollon.
1279 1870 1421 1920 Argon.
1465 1867 1519 1914 ΙΙ,
1549 1881 1613 1918 34,
1637 1876 1676 1905 et

1044 1921 1092 1959 fic
1123 1922 1162 1959 in
1194 1930 1296 1971 parte
1329 1920 1508 1958 librorum
1541 1919 1678 1958 Ovidii

1044 1973 1139 2011 Met.
1158 1972 1212 2017 II,
1241 1974 1315 2012 680
1333 1971 1434 2010 Illud
1444 1981 1520 2010 erat
1535 1981 1677 2022 tempus,

1045 2041 1106 2076 quo
1122 2035 1153 2062 tc
1164 2027 1312 2075 pcfioria
1322 2023 1419 2073 pellis
1441 2023 1557 2069 Texit‚
1583 2027 1679 2073 onus-

1044 2080 1186 2127 que-fuit
1220 2078 1351 2113 dextrae
1367 2074 1538 2124 silvestris
1563 2072 1678 2119 oliva,

1043 2127 1210 2171 Alterius,
1247 2127 1363 2176 dtspar
1385 2128 1528 2175 septenis
1555 2125 1679 2177 fistula

1044 2185 1175 2223 cannis3
1195 2178 1256 2216 etsi
1267 2176 1394 2216 Heins.
1403 2176 1458 2214 ibi
1474 2189 1519 2214 ex
1535 2178 1616 2215 aliis
1629 2177 1678 2214 li-

1043 2230 1119 2269 bris
1150 2229 1311 2281 reposuit
1341 2227 1496 2266 baculum
1517 2228 1677 2279 filvcstre

1032 2284 1198 2332 stmstrae‚
1224 2293 1336 2332 quum
1354 2280 1467 2330 vulgo
1483 2279 1678 2331 legeretur,

1045 2333 1349 2383 baculus-silvestris
1366 2330 1483 2369 oli-vae.
1501 2331 1676 2370 Innixum

1043 2384 1138 2436 pedo
1170 2386 1346 2435 pastorem
1381 2383 1496 2420 fistula
1541 2395 1674 2422 novem

1043 2437 1264 2474 calamorum
1301 2443 1488 2473 canentem
1519 2434 1619 2478 vide,
1647 2434 1676 2472 fi

1043 2487 1135 2525 tanti
1164 2500 1216 2524 res
1243 2487 1306 2532 est,
1334 2485 1374 2523 in
1394 2486 1540 2524 lucerna
1569 2485 1673 2524 fictili

1042 2552 1101 2590 ap.
1156 2536 1371 2577 Borionium
1402 2536 1442 2576 in
1460 2537 1678 2588 ‘Collessam

1044 2590 1203 2641 Antiqu.
1222 2589 1299 2628 tab.
1318 2590 1380 2641 87.

1041 2656 1158 2732 digni·
1174 2637 1674 2730 apgaeiquzdgiucprzgnielnls

1044 2748 1115 2783 802
1131 2707 1386 2795 Jagquejllgis'
1403 2745 1550 2792 filfllnlae
1576 2720 1676 2793 urge:

1041 2796 1101 2836 bat
1146 2796 1283 2846 Lucfir
1323 2796 1415 2838 Idoe,
1459 2792 1677 2845 Ducebatque

1039 2847 1152 2886 diem.
1206 2849 1312 2885 Serv.
1367 2845 1551 2897 Vigilarat
1588 2857 1675 2882 vero

1040 2901 1181 2942 nonem
1199 2897 1305 2939 miser
1320 2906 1471 2936 amator.
1507 2899 1565 2937 18.
1586 2896 1675 2933 Con-

1569 2949 1674 3001 jugi-¹
