1821 3381
317 268 846 330 GEORGICON,
903 266 1058 321 Lm.
1108 266 1201 321 111.
1325 288 1421 338 413

100 401 166 454 Et
188 407 393 471 patriam
420 407 626 472 Epirum
650 407 836 464 referat,
858 406 1086 471 fortisque
1109 407 1357 470 Mycenas,

99 492 414 561 Neptunique
432 497 533 561 ipsa
555 498 758 545 deducat
777 497 962 561 origine
984 510 1195 562 gentem.

167 587 264 634 His
287 586 619 634 animadversis
643 587 815 635 instant
838 589 922 636 sub
947 601 1151 652 tempuS‚
1184 600 1231 636 et
1253 590 1410 638 omnis

101 676 379 739 Inpendunt
398 692 534 723 curas
556 676 702 725 denso
724 679 988 726 distendere
1008 680 1197 743 pingui,

101 763 264 829 Qem
276 766 432 829 legere
445 764 634 824 ducem,
653 778 699 813 et
712 768 873 829 pecori
887 767 1049 815 dixere
1062 770 1286 816 maritum
1299 795 1310 825 ;
1332 787 1350 817 1
1362 786 1386 818 2
1394 783 1418 832 5

100 853 430 919 Pubentesque
452 855 611 904 secant
632 857 815 914 herbas,
848 858 1107 923 fluviosque
1125 860 1392 908 ministrant
1406 885 1422 918 ;

148 1014 224 1042 121.
264 1010 385 1054 Cyprum
416 1013 524 1054 refirat
549 1023 632 1045 unus
659 1013 771 1046 Mead.
861 1023 934 1047 122.
974 1017 1060 1058 r'pszm
1101 1022 1235 1057 uterque
1266 1015 1427 1048 Arundel.

107 1063 213 1103 origine
242 1074 333 1091 nomen
363 1063 542 1101 Romanus,
573 1065 661 1105 quod
689 1066 768 1107 saepe
798 1076 857 1107 pro
888 1074 995 1108 gente,
1028 1077 1160 1109 genere,
1193 1067 1329 1099 familia.
1354 1067 1424 1098 vid.

104 1112 217 1144 Heius.
235 1119 267 1144 et
291 1112 402 1143 Burm.
419 1114 452 1144 h.
468 1114 490 1145 l.
532 1123 645 1146 mentem
671 1116 723 1147 ed.
741 1118 824 1146 Ven.
844 1126 936 1156 1475.
1033 1127 1105 1157 123.
1123 1119 1182 1148 His
1197 1122 1291 1150 anima
1305 1119 1426 1161 adversm

106 1163 236 1195 Medic.
281 1164 364 1207 itfiat
380 1165 519 1207 Menag.
538 1166 596 1198 sec.
641 1180 881 1198 omnem—curam
897 1163 963 1209 Erf.
1059 1178 1128 1207 124.
1155 1171 1312 1212 Impendent
1321 1176 1427 1212 quart.

107 1214 233 1245 Moret.
275 1216 434 1258 dssinguere
447 1217 542 1248 Leid.
554 1227 809 1258 unus.—--125.
830 1220 930 1250 duxere
945 1219 978 1249 in
995 1221 1143 1251 Romano
1160 1221 1262 1260 fuisse,
1277 1229 1427 1252 notatum

104 1265 232 1297 invenit
248 1266 371 1305 Burm.,
395 1267 449 1298 sed
464 1279 482 1298 a
499 1269 630 1300 Bartolo
654 1269 700 1300 nil
727 1277 926 1301 annotatum.
972 1272 1020 1301 At
1047 1271 1086 1302 fic
1109 1272 1171 1314 leg.
1190 1273 1222 1304 in
1239 1271 1430 1314 Cantabrig.

109 1323 142 1348 et
158 1317 206 1348 ed.
225 1317 311 1348 Ven.
332 1316 415 1355 1482
431 1325 463 1350 et
479 1329 497 1349 3.
513 1319 626 1351 Paullo
642 1320 806 1352 Manutio.
852 1321 946 1364 dixfffi‘
962 1323 1074 1354 Franc.
1123 1326 1216 1367 Qem
1231 1327 1317 1366 legere
1331 1327 1427 1356 virum

110 1369 200 1399 Serv.
216 1368 256 1399 ad
272 1368 339 1399 Ecl.
355 1370 428 1407 Vn,
446 1371 639 1410 7.—126.
665 1372 858 1414 Exemplum
873 1373 947 1412 loci,
968 1374 1002 1404 in
1026 1385 1090 1416 quo
1106 1376 1189 1406 ratio
1210 1376 1317 1407 critica
1334 1377 1428 1408 codd.

109 1419 296 1450 consensum
312 1418 426 1451 elevat.
472 1421 693 1463 Antiquissimi
715 1434 827 1454 omnes
851 1425 1043 1466 Florentisque.
1090 1426 1140 1457 Sic
1165 1435 1196 1459 et
1222 1427 1306 1459 Gell.
1322 1429 1348 1466 I,
1371 1437 1425 1461 22.

108 1471 158 1502 At
173 1471 358 1512 Pubentesque
373 1473 457 1502 Vcn.
477 1473 565 1504 Voff.
577 1474 701 1504 Moret.
718 1482 824 1515 quart.
837 1482 868 1505 et
883 1486 931 1516 pr.
947 1487 965 1506 a
979 1487 1024 1506 m.
1035 1477 1093 1507 sec.
1110 1478 1266 1510 Rottend.
1276 1486 1350 1510 tert.
1368 1490 1429 1521 pro

108 1532 177 1555 var.
192 1521 267 1553 leel·-
283 1530 315 1553 et
331 1523 430 1564 Reg.‚
451 1523 530 1554 item
547 1535 628 1554 unus
644 1525 798 1556 Arundel.
817 1534 848 1556 et
866 1526 989 1567 aliquot
1006 1528 1157 1567 Pieriani,
1180 1538 1211 1561 et
1228 1530 1267 1561 fic
1288 1531 1427 1563 Servius.

111 1572 240 1603 Primus
256 1572 381 1604 induxit
397 1574 430 1604 in
446 1574 550 1605 editos
566 1575 626 1606 Ge.
646 1576 768 1606 Fabric.
788 1577 981 1609 Commelin.
1003 1579 1114 1621 Steph.
1158 1581 1227 1612 Nifi
1243 1582 1428 1621 dicendum,

113 1624 197 1655 hanc
213 1624 386 1656 leffionem
402 1635 442 1656 ex
460 1627 537 1657 AEn.
552 1628 612 1665 1V,
623 1636 689 1666 514
705 1629 889 1664 transsatam
904 1629 963 1660 effe
978 1641 985 1660 :
1010 1633 1136 1661 falcibus
1151 1640 1176 1663 et
1191 1634 1274 1676 mgffae
1282 1636 1321 1664 ad
1331 1636 1427 1667 lanam

108 1683 273 1718 quaeruntur
286 1679 364 1707 ainis
379 1678 512 1709 pubentes
527 1679 630 1711 herba».
676 1677 819 1713 Brunck.
838 1683 972 1712 Hor-entis
983 1684 1156 1716 revocavit.

110 1811 191 1857 usu,
218 1812 390 1851 nimirum
408 1823 444 1852 et
470 1816 620 1866 equestri
646 1817 733 1861 hoc,

109 1863 233 1901 cursus
250 1866 594 1917 quadrigarumque,
619 1879 654 1906 et
672 1870 735 1905 ad-

110 1915 282 1953 mistionis
298 1916 364 1955 illo
390 1918 453 1965 (fic
482 1919 737 1957 sententiarum

110 1967 204 2004 ordo
221 1981 255 2004 v.
288 1981 336 2019 95
356 1970 540 2018 postulat),
563 1973 735 2020 juventus

110 2029 277 2056 ommum
305 2032 466 2058 maxime
489 2032 526 2059 et
552 2036 661 2073 vigor
680 2037 739 2072 Ju-

111 2069 239 2107 venilis
278 2070 477 2121 spec‘tatur3
517 2087 580 2111 nec
618 2075 738 2119 refert,

111 2131 196 2157 eum
222 2123 297 2172 jam
327 2124 448 2160 multis
475 2126 604 2176 praeliis
629 2127 739 2163 inter-

111 2170 215 2209 fuisse
250 2182 286 2210 et
315 2176 485 2224 praeclaro
517 2190 647 2227 genere
679 2187 741 2215 aut

112 2223 221 2274 stirpe
247 2225 313 2261 effe
339 2237 482 2273 ortum3
512 2228 577 2265 nifi
603 2229 741 2266 scilicet

110 2274 283 2323 J'uvenilis
313 2286 395 2314 aetas
424 2279 526 2317 adsit.
579 2284 740 2332 magg'stri,

115 2333 156 2361 ut
172 2326 263 2364 bene
280 2339 402 2366 monet
419 2330 577 2368 Ouwens
594 2346 630 2383 p.
654 2336 742 2383 588,

116 2377 153 2413 h.
180 2378 206 2414 l.
228 2378 307 2416 sunt
334 2381 544 2420 alendorum
569 2396 743 2434 equorum

114 2429 273 2473 studiofi,
301 2445 373 2469 non
393 2433 655 2484 fingendorum.
684 2436 743 2473 Sic

116 2480 188 2516 inf.
221 2494 296 2533 445-
329 2485 470 2530 ovium,
497 2495 533 2522 et
568 2485 643 2530 IV,
672 2491 741 2535 283

117 2531 181 2580 qui
200 2545 280 2582 apes
299 2535 406 2579 colit,
433 2536 602 2586 apiariuS.
661 2551 744 2577 121.

118 2584 243 2632 Epirus
268 2587 322 2634 (v.
353 2586 426 2637 sup.
459 2587 600 2638 Georg.
621 2587 653 2634 I,
684 2603 744 2640 59.

118 2634 169 2670 cf.
191 2634 359 2674 Bochart.
385 2638 536 2676 HierOZ.
567 2641 620 2683 II,
650 2643 688 2688 6)
708 2651 744 2678 et

118 2686 272 2734 lisy-cente
290 2701 372 2726 cum
391 2700 466 2727 tota
492 2691 673 2741 Argolide
693 2695 743 2739 (ν.

120 2734 196 2786 sup.
229 2751 263 2775 v,
296 2743 360 2788 44)
380 2754 489 2791 equos
515 2744 744 2793 praestantifli-

120 2799 200 2824 mos
233 2790 387 2828 alebant.
448 2807 529 2831 ιη,
569 2793 745 2844 Quamvis

120 2850 232 2889 genus
249 2842 357 2880 ducat
383 2843 428 2880 ab
457 2844 533 2894 ipso
554 2845 744 2898 Neptuno,

800 1827 822 1855 a
855 1833 929 1869 quo
960 1828 996 1857 et
1029 1824 1174 1867 Cerere,
1224 1824 1262 1863 in
1291 1839 1427 1878 equum

801 1872 993 1916 converfis,
1020 1875 1124 1913 Arion
1147 1877 1208 1913 ille
1227 1880 1429 1919 notiffimus

802 1921 842 1958 in
887 1922 1018 1962 fabulis
1055 1939 1167 1976 equus
1202 1938 1306 1967 natus
1339 1931 1429 1972 fuit.

804 1972 933 2012 variat
951 1985 1069 2014 tamen
1087 1977 1221 2016 fabula.

861 2039 1075 2076 123—134.
1133 2030 1191 2067 De
1239 2031 1429 2071 admiss‘ura

804 2076 878 2127 ipsa
907 2079 1084 2130 praecipit.
1138 2081 1260 2131 Equus
1289 2093 1326 2120 et
1352 2094 1430 2122 tau-

803 2141 861 2165 rus
877 2134 973 2176 (nam
991 2145 1025 2167 v.
1046 2146 1094 2181 49
1112 2133 1158 2170 de
1173 2143 1324 2184 utroque
1339 2149 1430 2186 prae-

803 2180 921 2230 cipere
947 2181 1158 2233 incipiebat.
1187 2187 1286 2223 conf.
1325 2187 1428 2224 Mar-

805 2231 887 2280 tin.)
925 2245 967 2269 ea
1002 2235 1190 2284 ingruente
1223 2237 1430 2288 saginandi,

803 2295 904 2332 equae
929 2297 970 2321 ac
997 2299 1116 2323 vaccae
1138 2288 1220 2325 sunt
1249 2303 1433 2328 maceran-

805 2334 872 2371 dae.
891 2335 1096 2375 Commune
1105 2351 1321 2390 praeceptum
1337 2341 1431 2379 Var-

808 2386 907 2425 ronis
941 2387 994 2430 II,
1034 2402 1070 2439 ς,
1098 2391 1314 2429 Columellae
1356 2393 1430 2440 VI,

813 2452 876 2488 27,
915 2442 952 2483 S,
997 2439 1148 2478 Palladii
1181 2453 1216 2479 et
1250 2445 1430 2491 omnium,

807 2490 871 2540 qui
907 2489 972 2527 hac
1013 2492 1058 2528 de
1104 2506 1139 2530 re
1174 2507 1430 2545 praeccperunt.

800 2547 926 2592 pingue
943 2555 1008 2592 pro
1025 2543 1264 2595 pinguedine3
1295 2546 1432 2597 fagina,

809 2602 849 2628 ut
884 2593 921 2628 in
959 2594 1122 2632 Lucretii
1153 2597 1249 2633 versu
1283 2597 1316 2640 I,
1357 2603 1430 2649 238

808 2643 1023 2693 agnoscebat
1046 2645 1308 2697 Philargyrius:
1340 2651 1434 2690 Hinc

796 2698 898 2745 fiffce
917 2698 1053 2744 pecudes
1069 2704 1191 2749 ῥῆξαί
1210 2710 1274 2748 per
1300 2701 1434 2750 pabula

806 2747 890 2784 lam
920 2748 1069 2797 Corpora
1094 2751 1278 2797 (semmaa,-
1306 2765 1434 2801 quam-

807 2811 914 2847 quam
933 2798 986 2835 ibi
1012 2801 1151 2850 duplici
1178 2802 1339 2852 epitheto
1362 2803 1430 2840 ser-

809 2862 891 2887 vare
919 2850 1060 2887 malim:
1090 2853 1180 2891 Him-
1192 2858 1283 2903 fem>
1296 2858 1432 2903 pecudes

1279 2911 1431 2956 pingues,
