1821 3381
337 308 864 367 GEORGICON,
914 308 1066 357 LIB.
1120 309 1212 356 111.
1320 325 1409 374 471

108 446 274 496 Balatu
299 461 529 508 pecorum
551 455 596 490 et
617 443 792 491 crebris
817 442 1082 506 mugitibus
1108 458 1266 504 amnee

106 534 392 598 Arentesque
416 532 578 581 sonant
601 533 719 596 ripae
742 530 975 594 collesque
997 530 1169 594 supini.
1322 544 1345 594 5
1356 546 1377 595 5
1388 545 1411 595 5

106 627 311 690 jamque
327 624 604 671 catervatim
619 622 700 670 dat
717 623 935 686 stragem,
946 633 1083 684 atque
1097 633 1288 686 aggerat
1305 621 1414 685 ipfis

106 715 164 764 In
185 714 375 762 stabulis
397 713 526 776 turpi
549 711 728 776 dilapsa
750 711 977 759 cadavera
1005 711 1115 758 tabo
1139 730 1150 758 :

105 803 272 851 Donec
295 803 443 851 humo
464 815 634 867 tegere,
658 817 712 849 ac
737 802 882 849 foveis
904 801 1187 849 abscondere
1210 802 1411 857 discunt,

108 899 237 945 Nam
253 911 402 958 neque
419 907 516 941 erat
538 894 679 941 coriis
695 894 798 941 usus
815 918 828 949 ς
870 909 958 940 nec
977 893 1148 941 viscera
1163 895 1413 958 quisquam

106 992 206 1039 Aut
226 991 364 1038 undis
379 990 564 1036 abolere
579 989 748 1053 potest,
763 1001 843 1036 aut
866 1005 1053 1036 Vincere
1075 990 1295 1044 flamma3
1322 989 1417 1052 560

144 1187 223 1219 554.
239 1177 381 1219 mugitibus
390 1178 440 1207 ah'r
453 1174 603 1207 Chronic.
620 1173 791 1204 Menconis
805 1173 888 1216 apud
905 1175 1078 1205 Burmann.
1099 1185 1185 1204 auras
1200 1171 1416 1203 Vratiss.—-

103 1238 180 1269 555.
206 1227 406 1271 Hom-eniesqzce
421 1229 597 1263 Romanus,
618 1236 676 1256 nec
691 1225 797 1256 minus
811 1219 904 1256 bene.
948 1226 1034 1255 Nam
1057 1223 1217 1266 pestilenti
1241 1234 1324 1254 anno
1345 1233 1415 1253 om-

103 1281 159 1312 nia
174 1280 259 1323 apud
273 1281 383 1322 poetas
397 1280 518 1315 horrent,
523 1278 663 1318 squalent,
687 1275 750 1306 scil.
775 1275 858 1313 tabe,
880 1275 1000 1306 illuvie.
1048 1275 1108 1305 Sed
1134 1275 1178 1305 est
1206 1285 1242 1305 ea
1268 1273 1417 1305 sollennis

103 1334 251 1370 varietas,
272 1338 304 1362 et
319 1344 398 1362 arere
419 1340 485 1361 non
507 1328 612 1360 minus
637 1327 800 1365 idoneum,
823 1337 895 1357 cum
913 1326 1003 1357 :estus
1020 1325 1124 1356 morbi
1141 1324 1242 1356 cauffa
1259 1323 1317 1355 fit:
1343 1323 1411 1365 sup.

102 1384 179 1424 478.
205 1383 246 1415 cf.
273 1383 349 1413 AEn.
381 1383 434 1418 ΙΙΙ,
460 1389 532 1418 142.
606 1380 855 1422 collgs'qneficpcrni
879 1388 925 1419 pr.
945 1378 1069 1407 NIoret.
1127 1376 1249 1406 Eadem
1280 1374 1417 1405 varietas

102 1437 224 1477 Georg.
251 1435 291 1472 11,
313 1432 385 1472 276.
475 1430 684 1474 556.stragem
709 1432 756 1459 dat
777 1429 876 1460 Goth.
897 1440 948 1470 pr.
1003 1435 1135 1470 aggregat
1159 1428 1241 1468 Reg.
1270 1426 1415 1457 Martini.

102 1497 121 1526 5
125 1495 178 1526 57.
201 1487 310 1526 delapsa
325 1484 388 1515 duo
405 1484 514 1513 Burm.
561 1484 697 1512 cadavera
718 1481 808 1511 morbo
834 1480 914 1510 alter
939 1479 1094 1509 Rottend.
1138 1478 1258 1508 Eadem
1281 1476 1414 1507 variatio

102 1538 162 1568 Ge.
179 1538 237 1573 IV,
253 1544 324 1574 252.
412 1533 486 1572 558.
504 1546 535 1563 ac
550 1532 634 1563 abest
652 1531 751 1562 Goth.
767 1541 817 1573 pr.
863 1533 951 1560 dicunt
967 1530 1063 1561 idem.
1106 1530 1207 1570 dg'sctmt
1231 1530 1346 1559 Moret.
1363 1538 1413 1569 pr,

103 1598 176 1630 pars
190 1587 267 1619 libb.
286 1584 424 1616 Martini
439 1592 470 1615 et
488 1583 600 1625 vulgg.
617 1583 686 1613 edd.
712 1582 795 1624 apud
810 1581 965 1618 Pieriam,
988 1580 1074 1621 quod
1090 1579 1119 1611 ei
1135 1579 1291 1621 majorem
1307 1577 1397 1621 digni
1411 1593 1415 1599 ¹

102 1647 204 1673 tatem
220 1638 336 1670 habere
353 1635 530 1668 videbatur.
620 1634 697 1674 560.
710 1634 839 1676 flammis
855 1631 954 1663 Goth.
970 1642 1019 1674 pr.

790 1794 894 1846 Qid
910 1795 922 1830 ?
949 1793 1045 1844 quod
1065 1793 1169 1837 adeo,
1197 1792 1220 1829 fi
1239 1792 1318 1843 quis
1335 1791 1414 1830 ves-

789 1857 861 1883 tem
894 1845 979 1882 inde
1016 1844 1227 1888 confestam,
1275 1850 1413 1881 amiam

786 1901 929 1948 invisbs,
947 1910 1034 1947 quos
1047 1896 1269 1937 abhorreres,
1285 1895 1413 1932 induc,-

156 1812 243 1852 359.
273 1798 319 1836 ad
344 1798 406 1835 fin.
436 1797 581 1835 Unicus
598 1795 725 1835 modus

101 1851 251 1889 restabat
280 1849 456 1900 pestilenti
490 1849 617 1886 morbo
652 1861 724 1885 me-

100 1902 212 1940 dendi
243 1901 357 1952 (isque
386 1901 493 1938 etiam
524 1901 723 1937 nostrorum

101 1955 301 2005 sapientum
328 1952 471 2001 judicio
491 1951 634 1995 unicus,
659 1950 724 2000 qui

98 2006 183 2043 satis
203 2004 328 2042 efficax
347 2004 420 2051 fit),
450 2014 488 2041 ut
508 2004 599 2040 taeta
617 2003 723 2039 cada-

99 2071 183 2096 vera
225 2069 270 2093 ex
305 2056 495 2106 conspeetu
532 2053 720 2092 hominum

98 2109 336 2152 auferrentur,
363 2118 399 2144 ut
413 2107 508 2144 humo
524 2117 719 2158 agerentur.

100 2160 209 2198 Nihil
236 2160 332 2197 enim
359 2171 404 2195 ex
432 2168 508 2195 toto
541 2157 722 2194 animante

99 2212 180 2250 usui
222 2211 331 2249 alicui
366 2209 534 2246 inservire
568 2217 720 2259 poterat.

99 2267 270 2302 Coriorum
300 2262 416 2299 nullus
452 2269 526 2298 erat
560 2259 654 2303 υἷας,
696 2258 722 2295 fi

98 2316 178 2367 quis
204 2328 246 2352 ea
273 2313 435 2362 deripere
459 2323 495 2350 et
514 2324 663 2362 corpora
679 2309 723 2346 iis

98 2367 232 2405 nudare
247 2364 432 2409 voluiffet3
457 2379 570 2401 carnes
588 2371 722 2404 autem,

93 2420 134 2460 h.
167 2431 200 2458 e.
236 2429 402 2467 corpora,
441 2414 639 2465 quomodo,
666 2414 723 2450 in-

97 2481 196 2509 tanta
214 2469 334 2518 copia,
361 2476 422 2504 aut
440 2481 546 2517 aqua,
574 2475 634 2502 aut
652 2469 726 2516 {gni

96 2521 262 2561 consumi
293 2518 512 2570 potuissent?
556 2517 625 2553 Sed
656 2528 720 2552 nec

94 2576 189 2613 lanae
209 2573 301 2610 ullus
331 2570 410 2606 usus
432 2578 521 2612 erat,
548 2576 716 2618 corrupta

88 2625 177 2679 pelle
190 2637 252 2675 per
275 2621 395 2659 ulcera
411 2631 446 2658 et
463 2620 611 2662 saniem,
637 2632 716 2669 quae

95 2678 144 2715 est
165 2676 314 2718 illu-vies,
340 2686 404 2710 nec
423 2681 541 2708 tutum
567 2681 642 2708 erat
658 2682 716 2706 eas

96 2731 195 2767 lanas
227 2725 333 2775 (telas
364 2737 385 2760 a
402 2723 639 2772 consequente
656 2735 716 2771 ap-

95 2780 204 2831 pellat
245 2776 419 2823 dofftius)‚
443 2773 617 2825 pestilenti
651 2786 717 2823 pu-

94 2830 237 2873 tredine
300 2827 463 2870 infettas,
527 2826 716 2876 attingere.

789 1960 857 1993 rat,
883 1949 1032 1998 papulis,
1068 1947 1410 1997 pustuliS,exanthe-

789 2000 959 2043 matibus,
991 1998 1231 2043 carbunculis,
1267 1998 1411 2035 rodenti

786 2052 882 2090 sanie
926 2050 1156 2094 tumentibus,
1200 2059 1236 2086 et
1269 2048 1407 2086 foetido

772 2106 909 2154 sudore,
941 2115 982 2138 ae
1012 2101 1112 2138 brevi
1141 2112 1301 2151 tempore
1334 2100 1411 2149 post

772 2160 873 2206 sacro
902 2160 974 2205 igni
1001 2165 1131 2202 corpus
1165 2151 1407 2201 infestabatur.

787 2207 846 2243 Est
880 2215 997 2242 autem
1015 2209 1119 2253 sacer
1144 2207 1228 2256 zgm's
1255 2202 1409 2252 erysipe-

786 2257 867 2295 latis
903 2255 1127 2305 φλεγμονώἓῖὅς
1160 2268 1287 2306 genus,
1330 2254 1409 2293 vid.

787 2308 932 2346 Celsum
952 2308 1004 2350 V,
1035 2311 1097 2351 28,
1126 2320 1164 2353 4,
1190 2319 1407 2356 quamquam

786 2360 816 2397 is
843 2360 888 2397 ab
916 2360 1121 2409 erysipelate
1139 2357 1321 2394 diversum
1354 2357 1407 2393 fa-

785 2412 849 2449 cit.
901 2411 999 2447 Aliis
1014 2411 1226 2461 phlegmone
1243 2409 1302 2446 est.
1342 2424 1409 2445 mo-

787 2468 882 2501 ranti
911 2462 1006 2499 dixit
1036 2471 1159 2499 ornate
1181 2473 1261 2510 pro,
1289 2459 1337 2503 ei,
1367 2459 1405 2497 h.

785 2515 859 2564 ejus
877 2523 972 2550 artus
1000 2513 1059 2550 seu
1085 2525 1235 2562 corpus;
1264 2510 1404 2546 scilicet

786 2579 857 2603 non
881 2578 942 2616 per
955 2565 1103 2613 longum
1123 2575 1259 2612 tempus
1276 2561 1310 2598 ei
1328 2574 1405 2597 mo-

782 2631 835 2654 ras
862 2616 999 2653 trahere
1024 2615 1171 2657 licebat,
1197 2626 1280 2650 curn
1305 2611 1405 2649 sacro

781 2667 859 2719 igni
877 2666 1006 2704 tentari
1024 2666 1147 2716 coepit.

833 2719 970 2756 Totum
987 2719 1106 2755 locum
1120 2715 1404 2766 explanavimus,

781 2770 879 2821 quod
924 2768 1175 2817 interpretibus
1229 2765 1404 2803 molestias

779 2836 861 2861 eum
872 2820 1073 2860 faceffiviss'e
1084 2818 1303 2858 videbamus.
1322 2816 1404 2852 Ad-

1207 2881 1403 2921 jungamus
