1987 3361
431 308 1116 359 EDITIONIBUS.
1325 323 1421 354 cxv

165 444 355 495 (Biblioth.
376 443 495 482 Acad.
516 442 723 493 Gotting.e
741 441 855 492 copiis
874 439 1073 488 Duvianis)
1097 438 1182 476 vide
1199 437 1301 489 supra
1325 454 1418 492 1515

105 504 301 557 Argentin.

707 579 817 618 1521.

160 638 333 690 Virgilius.
369 645 403 675 in
428 636 684 687 chalcographia
719 633 880 672 Gulielmi
903 636 1024 684 Hzgyon
1066 635 1265 685 Imprffm’s
1295 634 1419 684 seduli.

104 696 279 748 Lugduni
1248 695 1283 730 8.
1309 706 1418 744 1521.

155 756 282 804 Maitt.
302 757 402 793 Ann.
430 754 479 792 T.
494 754 546 798 ΙΙ,
573 766 655 803 pag.
671 754 758 799 617.

156 817 202 853 P.
240 815 283 851 V.
319 814 376 850 M.
429 813 556 849 Andini
581 811 767 849 Bucolicum
795 812 899 847 decem
929 808 1134 861 aeglogarum
1153 811 1243 860 Opus
1259 809 1346 846 nulli
1359 826 1422 847 non

103 875 184 915 utile
200 874 244 912 ab
263 875 380 911 Herm.
416 872 608 910 ‘Torrentino
611 871 744 922 scholiis
762 870 976 920 illustratum,
1003 877 1058 907 cui
1071 880 1102 906 et
1118 871 1228 907 Index
1255 886 1370 907 vocum
1386 876 1423 908 in

101 937 177 983 fine
205 932 343 980 accfft.
372 931 462 967 Exc.
482 930 612 980 Lipfiae
640 931 678 966 in
697 930 758 966 off.
778 926 998 965 Melchioris
1027 927 1209 972 Lottheri‚
1236 943 1272 978 4.
1310 941 1420 979 1521.

106 994 334 1043 Georgicorum
360 990 447 1028 liber
473 1006 544 1028 cum
573 991 754 1027 Comment.
787 990 907 1025 Herm.
944 985 1146 1024 Torrentius.
1200 986 1328 1037 Lipfiae
1363 1000 1421 1037 ap.

105 1050 212 1087 eund.
1248 1063 1284 1097 4.
1310 1060 1420 1098 1521.

156 1108 331 1145 Biblioth.
351 1107 469 1145 Acad.
490 1106 664 1157 Gotting.

157 1169 395 1219 Cqstzgationes
424 1177 455 1202 et
482 1167 519 1202 V
514 1173 670 1204 arietans
706 1166 742 1202 V
738 1164 910 1215 irgilianoe
928 1163 1072 1200 lcc‘iionis
1086 1172 1150 1212 per
1166 1161 1226 1209 Jo.
1263 1161 1421 1200 Pierium

104 1226 353 1264 Valerianum.
406 1225 579 1275 Impreffit
595 1225 721 1262 Romae
740 1223 832 1260 Ant.
850 1222 975 1258 Blades
994 1219 1188 1258 Asulanus.
1206 1220 1417 1257 MDXXI:

106 1285 235 1323 Mense
258 1284 369 1334 Junio
939 1326 941 1328 Ι
1256 1280 1284 1318 f.
1311 1294 1421 1331 1521.

166 1344 226 1396 (Β.
267 1345 315 1382 Α.
349 1343 417 1388 G.)
442 1343 498 1378 De
515 1341 575 1390 Jo.
610 1339 746 1384 Pierio,
773 1339 941 1390 praeclare
956 1338 1001 1375 de
1020 1337 1186 1388 Virgilio
1200 1339 1344 1384 merim,
1372 1339 1422 1377 cf.

107 1401 300 1440 Burmann.
333 1401 431 1452 praef.
466 1399 601 1450 Virgil.
632 1399 696 1435 sub
726 1398 752 1436 f.
808 1398 950 1434 Habuit
973 1406 1054 1434 ante
1083 1398 1206 1435 oculos
1230 1399 1421 1437 leftionem

105 1462 266 1504 Aldinae,
305 1470 340 1499 et
368 1460 514 1511 quidem
544 1459 706 1496 secundae
734 1471 779 1494 ex
808 1457 925 1508 prima
957 1457 1142 1507 express'ae:
1174 1456 1238 1494 vid
1267 1458 1313 1494 ad
1337 1458 1420 1496 Ecl.

106 1521 222 1565 VIII,
249 1533 310 1569 34.
362 1519 411 1556 cf.
448 1518 532 1555 AEn.
569 1517 640 1561 VI,
687 1531 772 1566 233.
812 1517 886 1561 XI,
934 1531 1019 1568 507.
1064 1516 1113 1554 cf.
1149 1516 1227 1567 sup.
1279 1531 1316 1569 p.
1349 1517 1420 1556 CI.

110 1580 278 1630 Receptae
292 1580 346 1616 hae
363 1577 612 1628 castigationes
628 1577 667 1614 in
684 1576 768 1614 edd.
790 1576 874 1614 inde
892 1590 911 1613 a
929 1576 1037 1613 Paris.
1064 1589 1173 1627 1529.

715 1667 828 1704 1522.

162 1725 319 1776 Virgilius
345 1740 415 1762 cum
447 1724 627 1760 Commenl.
665 1737 749 1760 var.
776 1733 807 1758 et
812 1724 951 1774 figuris.
1006 1722 1241 1773 AdjeHafimt
1258 1724 1427 1772 Priapeia·

109 1782 325 1820 —Venetiis
345 1781 544 1832 Gregorius
561 1781 605 1817 de
622 1779 814 1831 Gregoriis
1259 1781 1285 1818 f.
1310 1794 1422 1832 1522.

159 1844 203 1880 In
221 1842 338 1878 Catal.
359 1841 455 1877 Bibl.
479 1841 571 1890 Reg.
595 1839 705 1877 Paris.
733 1854 768 1876 n.
792 1843 861 1888 823
883 1850 1124 1884 memoratum
1154 1840 1337 1877 referenda
1350 1840 1420 1878 fine

108 1901 221 1939 dubio
237 1900 329 1937 inter
345 1900 500 1938 Venetas
513 1912 557 1936 ex
578 1899 802 1936 Ascenfianis
819 1899 954 1936 dufkas.

165 1960 323 2011 Virgilius
354 1959 399 1996 ad
429 1959 611 2008 exemplar
640 1958 818 1995 Aldinum
860 1959 978 1995 denuo
1014 1958 1220 2008 recognitus
1262 1974 1285 1995 a
1323 1960 1422 1997 Petra

112 2021 280 2057 Vidouaeo.
305 2030 362 2055 12.
397 2029 505 2068 1522.
535 2027 757 2054 memoratur
777 2017 908 2053 Harles
924 2016 1025 2054 brev.
1043 2016 1168 2055 Notit.
1180 2030 1215 2067 p.
1230 2019 1317 2066 238.

720 2107 829 2145 1523.

158 2164 308 2203 CaeseriS
336 2163 526 2215 Delphini,
553 2167 639 2201 civis
667 2164 873 2214 Parmerfis‚
901 2169 936 2200 in
967 2170 1119 2201 carmina
1140 2168 1238 2214 sexti
1265 2166 1422 2203 AEneidos

108 2224 191 2262 libri
221 2224 378 2276 digrzffio.
432 2222 612 2260 Venetiis.
648 2221 898 2259 Bernandinus
934 2222 979 2258 de
1022 2222 1152 2259 Vianis
1189 2223 1235 2260 de
1271 2223 1424 2261 Laxona

1251 2294 1289 2329 4.
1314 2295 1424 2332 1523.

164 2339 398 2391 Foscarilegicz,
425 2345 460 2376 in
474 2338 587 2390 quibus
604 2337 711 2376 multa
732 2337 870 2388 Virgilii
882 2336 952 2374 loca
969 2339 1186 2376 emendantur
1200 2354 1223 2376 a
1242 2341 1318 2376 Nic.
1335 2339 1423 2376 Scel-

97 2402 152 2451 fio
169 2398 339 2436 Michab'le
358 2398 553 2436 Baroltano.
596 2396 770 2434 Venetiis.
792 2396 933 2433 Paullus
953 2396 1080 2433 Danza
1249 2411 1287 2447 4.
1311 2411 1422 2450 1523.

161 2458 282 2495 Catal.
300 2456 475 2494 Biblioth.
495 2457 588 2509 Reg.
606 2456 717 2494 Paris.
733 2456 847 2494 Pob'tes
863 2469 902 2494 n.
922 2468 1011 2507 909.

714 2548 727 2572 1
737 2548 782 2586 52
788 2548 823 2585 5.

162 2604 208 2641 Ρ.
240 2603 283 2639 V.
314 2602 370 2638 Μ.
425 2603 540 2651 Opera
558 2605 608 2640 ad
618 2614 771 2641 veterum
796 2605 842 2641 P.
872 2600 994 2640 chbi
1006 2611 1038 2638 et
1055 2601 1102 2639 A.
1133 2600 1302 2651 Naugerii
1315 2616 1424 2638 exem-

106 2660 256 2710 plarium
264 2661 370 2708 fidem
388 2663 563 2711 cqstt'gata.
619 2661 780 2699 Venetiis
1260 2659 1287 2698 f.
1312 2673 1425 2713 1525.

162 2719 219 2756 Ex
237 2719 376 2756 Aldina
397 2732 459 2770 151
469 2734 505 2768 4.

713 2793 724 2816 1
738 2778 822 2831 526.

165 2850 340 2902 Virgilius.
385 2863 448 2902 per
465 2849 555 2888 Sim.
576 2848 780 2887 Colinaeum
799 2848 912 2887 Paris.
1255 2850 1290 2886 8.
1315 2847 1424 2899 1526.

804 2927 828 2964 h
857 2940 877 2966 2
1293 2923 1413 2961 Prima
