1987 3361
464 286 611 322 XXVI
839 267 1402 320 PRAEFATIO

459 427 577 461 rum
611 408 702 469 est,
743 427 848 460 non
876 410 1099 481 inclytus
1129 424 1177 462 et
1218 412 1443 464 inclituS.
1524 414 1771 478 lacrumae,

460 521 568 554 non
609 502 850 573 lacrymae
896 516 944 554 et
988 503 1235 555 lacrimae.
1317 505 1479 556 Porro
1505 505 1771 561 deterioris

459 595 559 647 aevi
592 595 941 664 pronuntiatio
965 615 991 646 c
1029 596 1081 646 in
1128 596 1186 646 ch
1234 597 1455 647 mutavit
1493 598 1546 649 in
1591 597 1773 669 pleris-

459 704 592 759 que:
636 683 782 737 scribi
834 685 961 737 adeo
1010 686 1169 756 coepit
1219 686 1480 756 lachryma,
1540 688 1772 749 anchora,

450 777 678 849 pulcher,
730 776 1004 845 pulchrior,
1039 776 1380 845 stpztlchrum.
1468 779 1635 843 Recte
1681 780 1774 832 ad-

458 865 666 936 spiratio
699 866 748 916 in
798 864 875 915 his
912 865 983 916 est
1024 864 1207 936 pulsa3
1248 866 1434 919 eodem
1463 881 1633 922 tamen
1653 871 1770 942 jure
1798 864 1804 867 ³

456 956 608 1009 scribi
634 957 872 1008 debuerat
901 958 1087 1025 pulcer,
1128 971 1196 1017 et,
1236 957 1270 1009 si
1300 978 1472 1011 veram
1499 962 1771 1034 antiquam

454 1047 707 1099 rationem
736 1044 927 1096 servare
948 1045 1176 1107 volebas,
1200 1048 1384 1116 polker,
1411 1063 1464 1101 ut
1486 1053 1766 1125 Karthago,

457 1139 668 1191 Veteres
698 1137 924 1189 Romani
955 1139 1028 1188 tia
1053 1156 1324 1210 nunquam
1366 1143 1771 1212 pronuntiarunt

454 1246 513 1282 ut
540 1231 615 1281 cia
637 1252 652 1279 :
693 1249 796 1301 quo
817 1230 933 1299 jure
959 1230 1186 1291 nuncius,
1213 1232 1450 1300 precium,
1487 1247 1537 1286 et
1583 1235 1769 1291 similia

455 1323 762 1375 scribimus?
806 1322 994 1374 scilicet
1021 1341 1085 1374 ex
1111 1321 1295 1376 seriore
1323 1328 1764 1396 pronuntiatione.

456 1417 650 1468 Iterum
700 1430 889 1468 certam
942 1417 1195 1469 rationem
1239 1437 1394 1472 nemo
1439 1417 1668 1491 sequitur
1712 1424 1767 1476 in

452 1508 637 1559 litteris
712 1507 1076 1576 geminandis:
1163 1511 1304 1572 litas,
1393 1513 1561 1574 litera,
1645 1512 1768 1566 scri-

451 1598 627 1650 bimus
680 1597 845 1658 forte;
886 1613 935 1651 at
986 1619 1076 1652 cur
1124 1620 1229 1653 non
1270 1615 1319 1654 et
1377 1604 1570 1657 belua?
1611 1606 1768 1659 cela?

450 1690 569 1742 ile?
606 1690 817 1741 Veteres
845 1693 1061 1744 omnino
1089 1695 1261 1747 Graeci
1303 1707 1352 1745 et
1396 1696 1624 1748 Romani
1665 1717 1767 1750 una

449 1782 617 1833 littera
642 1781 944 1844 scribebant,
985 1787 1405 1855 pronuntiatione
1447 1801 1562 1840 eam
1594 1791 1765 1860 gemi-

447 1871 671 1922 nabant:
716 1872 857 1942 quod
908 1872 942 1924 fi
987 1871 1140 1926 semel
1186 1877 1457 1949 antiquam
1509 1879 1764 1932 rationem

449 1960 695 2033 sequeriS,
736 1981 791 2014 ea
818 1962 1074 2035 sequenda
1109 1967 1202 2019 erit
1228 1968 1282 2019 in
1315 1969 1580 2029 omnibus,
1608 1970 1765 2022 adeo-

451 2070 571 2122 que,
614 2051 647 2103 fi
688 2053 820 2112 baca,
862 2057 1019 2108 etiam
1063 2077 1206 2118 vaca,
1245 2060 1438 2113 bucina.
1517 2062 1571 2112 Si
1596 2067 1763 2132 po'e'tae

448 2142 640 2195 litteras
702 2146 988 2215 geminant,
1053 2160 1110 2200 ut
1174 2150 1364 2221 syllaba
1424 2152 1758 2223 producatur,

449 2233 698 2305 scriptum
731 2238 901 2291 videas
953 2240 1248 2311 promiscue
1285 2258 1515 2315 quatuor,
1557 2247 1764 2318 7‘ellzgi0,

446 2339 497 2376 et
538 2326 806 2398 Juppiler‚
847 2329 947 2382 hoc
992 2334 1212 2386 alterum
1261 2337 1419 2388 etiam
1467 2356 1757 2410 perperam,

445 2436 569 2469 nam
593 2420 818 2491 primam
862 2424 913 2475 in
940 2425 1159 2496 Jupiter
1181 2427 1437 2502 nusquam
1470 2447 1759 2504 correptam

445 2517 572 2575 vidi,
631 2531 680 2570 et
733 2520 803 2570 est
865 2524 1130 2574 contracta
1180 2543 1284 2576 vox
1327 2544 1391 2577 ex
1449 2525 1756 2597 Jovispater.

448 2611 642 2662 rettulit
673 2612 879 2665 indocte
913 2615 1081 2676 scribi,
1129 2616 1303 2669 docuit
1347 2618 1435 2687 Jo.
1488 2617 1754 2673 Schrader.

445 2701 781 2772 Quantopere
805 2703 1022 2757 fluctuat
1049 2705 1295 2779 scriptura
1319 2709 1371 2760 in
1400 2708 1753 2781 sequentibus:

429 2793 634 2864 sequor,
668 2795 914 2863 secutus:
977 2815 1066 2849 cur
1117 2818 1224 2850 non
1270 2819 1418 2873 aeque
1461 2802 1759 2874 sequutus?

894 2902 923 2955 3
1612 2913 1755 2968 quum
