1987 3361
436 253 1122 339 EDITIONIBUS.
1274 306 1429 343 Lxm

724 434 738 459 1
773 429 836 460 '00

168 492 218 547 P.
240 494 284 532 V.
303 494 361 532 Μ.
381 494 496 546 Opera
511 496 633 532 omnia.
672 434 837 588 fviesseltis
856 502 922 544 per
950 492 985 529 V
981 492 1161 532 mdelmum
1189 496 1370 550 Spirerfim

690 565 711 588 o
730 579 740 589 .
766 565 876 603 1470.

171 627 314 669 Veneta
339 629 372 669 Ι.
401 629 534 668 Versus
560 629 598 667 in
629 626 700 666 fine
718 627 938 680 subscriptos
954 628 1032 667 vid.
1053 630 1148 680 apud
1167 631 1373 672 Orlandurn
1390 649 1432 686 p.

109 697 175 727 20.
228 689 472 727 Maittairium
492 689 628 726 Annal.
648 688 698 725 T.
718 688 751 730 Ι,
770 702 807 738 p.
838 702 926 740 290,
966 698 1000 726 et
1018 688 1056 725 in
1076 689 1304 729 Bibliotheca
1332 694 1431 733 Smi-

107 747 233 791 thiana
251 762 286 798 p.
303 748 355 791 D,
372 761 392 784 e
409 760 479 798 qua
498 746 558 784 hic
578 746 669 784 liber
683 746 720 783 in
740 745 1005 784 Bibliothecarn
1025 747 1138 797 Regis
1158 748 1431 793 Britanniarum

24 811 28 816 ’
108 806 210 857 Aug.
231 806 413 858 migravit.
481 805 677 856 Exemplar
707 805 858 842 alterum
875 805 914 842 in
934 805 1112 844 Biblioth.
1132 807 1356 848 Colbertinae
1370 813 1430 850 su-

106 866 297 916 pellectile,
339 879 435 902 anno
457 867 551 917 1728
582 863 738 902 Lutetiae
757 865 803 903 L.
819 866 886 916 581
911 864 1074 911 vendita,
1101 866 1148 904 ad
1164 868 1286 907 nescio
1319 885 1432 922 quem

107 925 255 965 tranfiit.
317 926 391 964 vid.
412 926 539 963 Burius
564 925 815 977 Biblzbgmphie
840 927 1035 976 z'lfstruc‘Jtive
1053 939 1090 965 n.
1122 927 1235 980 2659.
1290 930 1431 973 Iterum

106 998 235 1023 venum
251 985 297 1023 iit
315 999 349 1023 a.
378 998 475 1038 1779
495 985 635 1023 Parisiis
660 986 755 1036 apud
771 984 946 1034 Meyzieu
966 987 1064 1034 2308
1085 986 1131 1024 L.
1157 997 1194 1024 et
1217 994 1314 1040 1780
1331 993 1430 1044 apud

106 1045 293 1084 Gouttard
325 1058 424 1098 2270
451 1045 574 1082 Libris
603 1045 757 1096 gallicis.
824 1045 953 1096 Nuper
968 1044 1098 1083 iterum
1128 1047 1249 1085 multis
1283 1050 1329 1087 de
1359 1052 1430 1091 hae

103 1105 266 1143 editione
281 1105 357 1156 egit
376 1106 409 1144 C
415 1117 566 1144 revenna
596 1104 649 1153 (in
677 1103 862 1155 Catalogue
880 1107 1032 1154 misozme‘
1044 1107 1083 1141 de
1095 1109 1151 1154 ses
1171 1107 1295 1145 Livres
1313 1109 1429 1152 Tom,

102 1163 177 1210 ΙΙΙ,
197 1165 215 1201 Ι
235 1164 273 1204 Ρ.
292 1179 375 1217 pag.
401 1167 471 1214 189
499 1164 584 1215 sq.,)
615 1163 716 1201 nullo
749 1177 833 1201 curn
861 1163 979 1200 fruftu
1014 1164 1060 1200 ad
1089 1173 1140 1210 te,
1168 1165 1231 1215 qui
1263 1166 1429 1208 indolem

102 1223 189 1262 libri
219 1234 254 1262 et
286 1225 388 1262 usum
424 1223 595 1262 criticum
626 1221 772 1260 volebas
804 1221 1002 1260 resciscere.
1069 1222 1285 1274 Exemplum
1322 1228 1428 1277 hujus

101 1283 275 1321 editionis
307 1298 391 1321 cum
431 1283 590 1320 Comitis
627 1281 826 1319 Reviczkii
862 1281 1040 1332 praeclaris
1073 1282 1202 1332 opibus
1240 1284 1427 1326 litterariis

103 1344 275 1395 migravit
293 1343 333 1381 in
363 1342 678 1394 splendidiffimam
696 1339 960 1378 bibliothecam
979 1340 1220 1391 Spenceriam.
1276 1343 1315 1380 Si
1343 1358 1428 1384 vera

103 1415 245 1441 narrant
261 1404 415 1442 editores
434 1393 736 1453 Ed'inbur'gen-ses‚
765 1400 1045 1452 Cuninghamus
1062 1414 1141 1439 eam
1159 1401 1332 1454 inspexit,
1359 1405 1427 1446 sub

102 1462 277 1516 principis
296 1463 442 1502 nomine
460 1463 506 1501 ab
522 1476 566 1501 eo
581 1462 778 1501 laudatam.

718 1598 731 1624 1
796 1599 829 1626 1.

126 1656 175 1695 P.
206 1656 248 1696 V.
275 1656 334 1693 M.
363 1656 477 1706 Opera
509 1655 654 1703 (Bucol.
678 1597 818 1706 Gegryg.
838 1654 961 1694 AEneis
979 1667 1063 1694 cum
1082 1653 1184 1695 XIII
1196 1657 1293 1698 libro
1310 1658 1397 1699 Ma»-

288 1715 382 1766 phaei
402 1715 530 1767 Vegii)
549 1716 575 1754 s.
594 1717 620 1754 l.
649 1719 733 1766 (per
746 1718 858 1754 Adam
876 1717 966 1764 Rot)
1257 1719 1284 1758 f.
1310 1735 1422 1775 1471.

161 1793 362 1845 Magnifica
397 1806 438 1830 ac
466 1791 734 1843 praestantissimi
769 1792 902 1830 artifici
930 1793 1062 1839 editio,
1107 1796 1210 1846 cujus
1236 1799 1422 1840 auctorem

96 1854 265 1892 Adamum
284 1852 400 1895 fuisse,
425 1864 471 1889 ex
489 1850 698 1903 subscriptis
724 1852 770 1889 ad
785 1852 892 1890 finem
911 1853 1066 1892 verfibus
1085 1855 1281 1907 intelligas.
1333 1858 1419 1908 Jarn

94 1923 215 1951 autem
245 1913 430 1950 Adamum
458 1913 537 1956 Rot,
580 1912 767 1950 Clericum
786 1912 1004 1956 Metensem,
1045 1914 1144 1952 circa
1162 1915 1259 1954 hunc
1279 1930 1419 1959 annum

95 1973 225 2012 Romae
241 1972 518 2024 typographiam
536 1971 735 2010 condidisse
766 1972 849 2010 satis
867 1974 1016 2012 constat.
1074 1974 1179 2013 Huic
1199 1975 1322 2027 itaque
1335 1991 1419 2020 eam

93 2033 349 2076 attribuerunt,
369 2033 531 2083 adeoque
547 2033 674 2070 Romae
690 2031 858 2071 excusam
876 2034 942 2071 effe
957 2033 1186 2072 tradiderunt
1202 2034 1272 2074 viri
1291 2038 1390 2077 doeli
1403 2056 1418 2087 ς

92 2093 134 2133 in
150 2094 206 2131 his
222 2092 444 2144 bibliologus
462 2091 591 2130 Burius
624 2092 788 2143 Bibliogr.
807 2096 897 2144 instr.
917 2106 953 2131 n.
977 2095 1077 2133 2660
1095 2094 1159 2145 qui
1172 2108 1251 2133 eam
1273 2096 1417 2139 Parisiis

93 2153 205 2197 vidit,
236 2151 319 2205 (ubi
343 2151 408 2189 illa
438 2151 550 2189 veniit
571 2151 666 2203 1769
694 2152 790 2201 apud
817 2152 862 2189 de
891 2152 1042 2203 Paignat
1067 2167 1142 2205 449
1171 2153 1234 2203 L.)
1267 2169 1333 2194 nec
1362 2167 1419 2197 ta-

93 2228 177 2253 men
194 2214 239 2251 de
256 2212 388 2250 critico
404 2213 479 2261 ejus
497 2211 569 2248 usus
579 2211 754 2248 sollicitus
772 2210 866 2255 fuit3
894 2221 1080 2249 externam
1101 2224 1240 2252 tantum
1258 2216 1414 2267 speciem

90 2273 277 2312 describit.
331 2272 394 2309 Ab
425 2269 492 2309 illo
519 2281 639 2308 tamen
667 2270 816 2307 Adamo
847 2270 922 2308 Rot
948 2271 1081 2309 librum
1101 2273 1305 2323 profectum
1330 2277 1414 2325 effe,

91 2334 200 2373 Laire
217 2334 309 2384 spec.
325 2331 566 2383 Typograph.
592 2332 703 2369 Rom.
721 2344 758 2382 p.
779 2331 863 2383 169.
883 2344 954 2382 170
972 2332 1178 2378 dubitabat,
1199 2335 1415 2378 Audiffredi

90 2409 128 2448 p.
147 2407 211 2445 9¹·
229 2406 279 2443 92
301 2392 452 2430 omnino
482 2400 605 2442 negat,
625 2403 710 2428 cum
740 2390 927 2429 Romanus
956 2394 1203 2445 typographus
1231 2396 1413 2437 deteriore

91 2455 247 2494 multum
266 2453 467 2491 charaetere
484 2451 567 2488 usus
597 2451 652 2489 fit.
719 2451 772 2487 At
801 2450 903 2488 fuiffe
920 2451 1032 2490 alium
1065 2455 1207 2494 Venetiis
1222 2455 1412 2498 Adamum

90 2514 183 2559 Rot,
211 2513 312 2564 cujus
329 2525 437 2562 opera
452 2511 634 2562 Virgilius
651 2510 710 2548 hic
727 2519 890 2548 exaratus
909 2511 964 2550 fit.
1032 2513 1126 2553 Haee
1154 2515 1202 2552 est
1227 2518 1323 2554 editio
1340 2519 1409 2558 Ro.

89 2589 210 2617 mana,
254 2584 363 2622 quam
381 2570 570 2609 Maittaire
597 2569 821 2608 memorabat
840 2570 890 2608 T.
920 2571 954 2616 1,
973 2586 1056 2624 pag.
1090 2588 1180 2627 309,
1205 2576 1326 2616 Catal.
1353 2581 1411 2620 des

87 2635 214 2674 Livy-es
231 2635 269 2670 de
286 2632 360 2668 Mr.
384 2632 469 2669 Boze
485 2644 522 2669 n.
537 2644 586 2682 92
593 2644 630 2681 3,
655 2644 693 2682 p.
718 2643 802 2682 179·
872 2631 983 2669 Extat
998 2634 1073 2684 ejus
1090 2636 1273 2687 exemplar
1287 2636 1325 2675 in
1343 2651 1408 2679 co-

87 2693 159 2746 piis
177 2689 448 2730 Reviczkianis.

138 2751 303 2789 Servium
321 2749 389 2788 hoc
408 2763 502 2786 anno
521 2762 611 2800 1471
632 2749 752 2801 primo
766 2749 805 2787 in
823 2750 943 2788 lucem
961 2750 1130 2801 prodiisse
1143 2752 1226 2792 satis
1244 2757 1404 2806 constatg

85 2820 122 2850 et
139 2809 286 2861 quidem
303 2808 380 2860 plus
398 2807 553 2859 simplici
570 2807 663 2847 vice.
716 2808 761 2846 In
780 2809 1024 2848 discernendis
1042 2820 1161 2850 tamen
1179 2815 1406 2859 editionibus

84 2872 140 2911 his
159 2882 291 2921 magna
306 2869 354 2908 est
378 2867 588 2916 difficultas,
613 2869 878 2922 bibliographis
905 2884 1033 2924 patum
1049 2873 1155 2914 docte
1179 2875 1227 2914 de
1254 2875 1310 2913 his
1327 2877 1404 2928 ple.

134 2928 255 2969 Tou.
278 2940 310 2969 1.
769 2928 795 2968 f
1250 2946 1404 2989 rumque
