1821 3381
313 353 402 390 222

505 339 558 386 P.
594 333 981 385 VIRGILII
1051 334 1444 386 MARONIS

309 478 493 541 Pingue
519 474 668 522 solum
692 473 864 536 primis
890 473 1136 536 extemplo
1158 490 1184 520 a
1208 475 1445 522 mensibus
1468 478 1580 523 anni

310 569 471 619 Fortes
496 568 732 613 invertant
754 565 892 622 tauri,
915 565 1168 628 glebasque
1187 563 1386 629 jacentis

1563 565 1622 631 65

311 658 642 709 Pulverulenta
666 669 840 721 coquat
865 658 1060 704 maturis
1085 657 1260 703 solibus
1285 657 1433 704 aestas.

310 753 394 808 At,
418 749 452 795 s1
476 765 569 795 non
595 747 737 794 fuerit
761 749 898 795 tellus
923 747 1141 804 fecunda,
1165 746 1249 794 sub
1272 747 1432 811 ipsum

313 842 570 888 Arcturum
593 840 721 886 tenui
747 839 812 887 sat
837 842 924 888 erit
950 839 1230 903 suspendere
1254 839 1412 887 sulco:

313 934 436 990 Illic,
457 931 668 978 officiant
689 927 811 974 laetis
834 941 891 972 ne
917 925 1133 990 frugibus
1158 927 1319 974 herbae
1338 951 1351 982 3

315 1025 432 1080 Hie,
456 1022 660 1069 sterilem
684 1018 880 1080 exiguus
907 1033 964 1062 ne
988 1016 1166 1064 deserat
1185 1017 1362 1064 humor
1385 1032 1597 1065 arenam.

313 1117 521 1165 Alternis
545 1115 674 1161 idem
697 1111 850 1158 tonsas
874 1111 1043 1157 cefl'are
1066 1111 1264 1169 novalis,
1570 1124 1626 1172 71

314 1210 377 1256 Et
402 1209 595 1271 segnem
617 1203 796 1268 patiere
818 1201 907 1248 fitu
931 1201 1172 1249 durescere
1195 1217 1439 1265 campum.

359 1343 412 1381 64.
434 1355 452 1372 α
468 1340 550 1372 deest
567 1339 681 1381 fragm.
701 1335 967 1375 Moret.——-65.
986 1337 1128 1367 invortant
1143 1334 1298 1377 scriptura
1314 1347 1330 1366 e
1345 1335 1462 1366 Medic.
1507 1335 1634 1366 Verum

314 1395 337 1427 fi
353 1395 425 1426 hic:
451 1403 506 1424 cur
522 1402 585 1422 non
602 1388 741 1431 ubique?
765 1388 804 1419 ad
820 1388 1014 1430 euphoniam
1038 1388 1197 1429 poeticam
1214 1386 1273 1417 hoc
1288 1386 1440 1428 speciare,
1462 1387 1542 1417 bene
1562 1397 1632 1418 mo·

317 1455 372 1478 net
387 1444 521 1476 Vossius.

319 1500 430 1530 Burm.
452 1495 504 1527 vel
517 1506 554 1526 ex
567 1493 671 1524 Gratii
689 1493 772 1533 Cyn.
789 1491 841 1530 83.

613 1441 663 1473 66.
688 1443 804 1471 maturis
816 1441 951 1481 frugibus
969 1438 1053 1469 Pier.
1073 1450 1089 1470 e
1111 1440 1222 1475 Rom„
1241 1437 1293 1469 sed
1309 1437 1475 1479 vulgatam
1491 1437 1635 1469 defendit

933 1490 984 1529 67.
1008 1490 1084 1534 Etsi
1100 1489 1249 1531 Longob.

1297 1491 1358 1520 Aut
1375 1489 1474 1519 Goth.
1489 1489 1547 1520 sec.

320 1551 373 1582 68.
387 1549 568 1591 splmhflere
577 1547 654 1587 fielco
671 1543 771 1575 Goth.
788 1543 846 1574 sec.
879 1544 953 1584 solco
969 1542 1055 1573 duo:
1084 1553 1154 1583 quae
1179 1548 1247 1572 erat
1267 1548 1428 1571 certorum
1449 1539 1639 1571 saeculorum

321 1595 696 1644 pronuntiati0.——69.
717 1596 810 1637 efflant
832 1595 914 1635 ch.
942 1605 959 1624 a
987 1605 1032 1624 m.
1058 1605 1108 1635 pr.
1154 1593 1269 1635 <fficiam
1284 1593 1366 1622 Ven.

1458 1601 1509 1631 70.
1534 1592 1604 1622 Haec
1620 1602 1638 1623 e

323 1651 450 1683 Medic.
468 1649 576 1681 laudat
592 1649 714 1684 Burm.,
736 1646 788 1677 sed
803 1645 848 1676 nil
872 1644 933 1676 tale
951 1644 1129 1687 expressum
1146 1645 1178 1675 in
1195 1642 1329 1685 exempl.
1347 1641 1483 1684 Foggin.
1527 1656 1577 1674 non
1592 1646 1637 1674 de·

309 1706 391 1746 serat
409 1701 680 1739 Zulich.--—71.
705 1699 781 1741 tozfis
799 1696 921 1727 Medic.
938 1708 955 1728 a
972 1708 1015 1728 m.
1030 1705 1220 1739 pr·—---72·
1247 1696 1392 1736 Autsegn.
1408 1693 1488 1724 alter
1505 1695 1642 1737 Menag.

319 1763 351 1788 et
367 1766 421 1786 un.
442 1755 559 1786 Moret.
575 1762 648 1782 cum
661 1750 728 1781 Erf.
774 1751 918 1792 torpaestere
936 1749 1016 1790 conj.
1030 1750 1080 1792 Jo.
1092 1747 1273 1785 Schrader„
1290 1754 1325 1778 ut
1341 1757 1375 1778 v.
1395 1754 1469 1784 124.

318 1865 343 1899 4
422 1850 505 1886 Vere
554 1862 650 1885 novo.
718 1844 794 1882 VId.
847 1843 947 1881 Plin.

318 1901 474 1945 XVIII,
494 1903 543 1938 26
567 1899 593 1937 s.
620 1898 685 1948 65,
707 1909 741 1934 2.
794 1896 944 1934 Colum.

319 1954 373 1999 II,
393 1967 430 2003 4.
483 1964 583 1990 terra)
598 1950 721 1998 solum,
751 1954 813 1996 τγῆς
844 1949 946 1986 πέδον.

320 2007 384 2045 66.
411 2009 548 2042 maturis
553 2001 692 2052 solibus,
710 2002 828 2038 calore
846 2000 947 2037 adul-

318 2068 365 2094 tae
382 2055 518 2094 aestatis.
569 2053 621 2090 cf.
638 2053 780 2104 Georg.
800 2052 854 2095 ΙΙ,
875 2064 948 2103 259

319 2110 391 2159 sq„
418 2107 480 2145 ubi
499 2106 548 2143 cf.
567 2106 659 2142 Not.
711 2114 825 2155 coquat
842 2104 948 2140 adco-

320 2174 390 2210 que
420 2157 581 2196 emolliat
615 2165 650 2193 et
678 2155 882 2199 rarefaciat,
910 2164 951 2192 ut

319 2212 450 2249 salibus
477 2223 523 2247 ex
553 2211 635 2245 aere
655 2207 872 2244 imbibendis
896 2205 950 2244 so-

320 2265 397 2302 lum
415 2263 587 2299 idoneum
604 2260 658 2296 fit.

375 2317 437 2365 67.
453 2315 494 2362 si
516 2327 579 2349 non
585 2315 626 2362 s
647 2321 672 2347 t.
683 2311 851 2360 fi’c'unda,
867 2310 905 2347 h.
925 2309 951 2346 fi

321 2366 453 2409 tenuis,
480 2365 505 2402 fi
531 2361 703 2414 gracilis:
733 2362 950 2412 Interpreta-

323 2430 382 2456 tur
409 2419 529 2454 locum
556 2414 705 2451 Colum.
733 2413 785 2457 II,
814 2428 839 2463 4
856 2423 949 2450 extr.

306 2471 377 2520 sub
418 2475 431 2505 i
440 2472 517 2518 sum
548 2467 755 2504 Arc‘Jurum:
800 2465 950 2503 Colum.

323 2522 397 2564 XI,
418 2535 455 2563 2,
475 2522 520 2567 63
543 2519 628 2555 Non.
647 2516 808 2566 Seplemb.
827 2519 951 2554 Araqu-

322 2591 378 2612 rus
405 2577 578 2616 exeritum
607 2569 653 2606 de
682 2568 862 2606 matutino
889 2581 951 2605 ex-

322 2635 404 2663 ortu
425 2624 486 2673 agi
505 2631 612 2672 puta:
642 2635 679 2657 v.
700 2619 794 2656 Plin.
817 2620 868 2663 II,
887 2633 950 2670 47.

323 2676 477 2717 XVIII,
510 2688 551 2723 31
585 2673 609 2709 s.
631 2687 694 2721 74.
751 2671 812 2710 Cf.
836 2672 949 2709 Mart.

323 2730 368 2766 ad
388 2729 426 2765 h.
455 2727 497 2767 1.,
523 2735 559 2762 et
591 2724 698 2760 Pfaff.
729 2722 775 2760 de
805 2724 889 2761 Ort.
915 2732 951 2759 et

322 2779 451 2817 Occas.
475 2777 540 2815 sid.
570 2790 607 2826 p.
639 2789 699 2826 51·
739 2776 950 2825 fiffpcndere,

321 2832 450 2869 leviter
505 2827 749 2880 proscindere,
809 2839 952 2864 vomere

322 2897 396 2921 non
441 2882 511 2919 alte
554 2877 804 2917 descendente.
887 2878 951 2925 69.

325 2935 415 2980 Illic,
457 2933 497 2970 in
532 2930 662 2983 pingui
697 2929 786 2969 solo.
852 2928 954 2966 Nam

542 2997 562 3035 5

1007 1844 1160 1880 Humida
1199 1844 1337 1893 majores
1379 1841 1503 1879 herbas
1546 1840 1639 1878 alit.-

1009 1895 1151 1945 Georg.
1179 1893 1233 1936 II,
1254 1907 1342 1945 ²51·

1062 1960 1124 1998 71.
1156 1945 1304 1983 Alternis
1336 1944 1491 1989 vicibus,
1529 1953 1591 1982 aut
1623 1957 1645 1981 a

1010 2008 1155 2039 neutro,
1200 1997 1352 2039 alternis,
1396 2009 1461 2047 per
1494 1996 1643 2034 alterna.

1014 2049 1104 2086 Non
1131 2049 1269 2086 alternis
1291 2048 1406 2086 annis.
1460 2051 1566 2097 [offas
1589 2063 1645 2085 no-

1013 2101 1122 2138 valis.
1188 2100 1325 2138 Novale
1351 2113 1492 2144 arvum,
1511 2099 1646 2138 novalis

1013 2165 1112 2203 ager,
1139 2152 1284 2203 proprie
1297 2151 1344 2188 est
1357 2150 1422 2202 qui
1438 2150 1532 2187 filvis
1544 2151 1644 2188 exci-

1013 2204 1055 2240 fis
1069 2203 1226 2255 primum
1246 2203 1394 2248 colitur,
1420 2215 1517 2239 nunc
1535 2211 1645 2239 terras

1013 2255 1151 2294 novales
1186 2255 1282 2292 dixit
1316 2254 1426 2292 Maro
1460 2255 1506 2291 de
1542 2266 1645 2305 agro,

1014 2308 1078 2357 qui
1105 2306 1249 2344 alternis
1274 2306 1376 2343 annis
1404 2315 1508 2343 vacat
1525 2315 1560 2342 et
1579 2318 1646 2342 no-

1014 2368 1141 2396 vatur:
1171 2358 1209 2395 id
1229 2358 1327 2408 quod
1345 2368 1555 2408 perpetuum
1571 2366 1648 2394 erat

1014 2411 1126 2447 veteri
1141 2409 1271 2454 Italiae,
1285 2423 1364 2460 quae
1378 2408 1542 2446 triticum
1555 2408 1645 2446 sere-

1015 2462 1089 2499 bat.
1151 2461 1254 2497 Hinc
1287 2475 1351 2498 nec
1385 2459 1649 2497 stercorationis

1016 2526 1164 2563 magnus
1183 2513 1285 2558 usus;
1314 2526 1396 2548 nam
1414 2510 1489 2562 ipsa
1507 2511 1650 2548 cessatio

1015 2564 1098 2602 satis
1116 2575 1250 2602 recreat
1267 2577 1393 2614 agrurn
1413 2563 1451 2600 in
1471 2563 1526 2599 his
1543 2563 1644 2601 locis.

1017 2617 1198 2654 Novalem
1235 2617 1364 2653 eodem
1406 2615 1518 2652 modo
1550 2614 1650 2651 dixit

1020 2668 1114 2705 Plin.
1138 2666 1293 2712 XVIII,
1311 2681 1377 2718 49,
1397 2680 1418 2705 2
1438 2666 1574 2703 Novale
1589 2668 1648 2715 zst,

1016 2721 1103 2770 quod
1131 2719 1269 2756 alternis
1301 2725 1396 2755 annis
1418 2721 1568 2767 seritur3
1612 2726 1650 2755 et

1016 2772 1068 2809 ita
1094 2770 1273 2821 accipitur
1295 2770 1335 2807 in
1360 2769 1465 2807 Varr.
1485 2769 1519 2813 I,
1539 2781 1603 2819 29,
1628 2782 1641 2806 1

1016 2823 1176 2865 Novalis,
1219 2822 1279 2859 ubi
1297 2826 1376 2873 fuit
1395 2824 1515 2870 satum
1556 2831 1649 2865 ante,

1015 2891 1115 2926 quam
1120 2874 1269 2924 secunda
1286 2879 1435 2911 aratione
1459 2882 1650 2910 renovetur-

1015 2930 1116 2978 tmgsoe
1150 2938 1200 2964 eae
1247 2935 1361 2971 terrae,
1400 2924 1438 2964 h.
1477 2923 1651 2963 demessae.

1562 2975 1652 3026 situs
