1821 3381
383 315 480 378 364

576 312 632 361 Ρ.
667 310 1044 360 VIRGILII
1111 309 1502 361 MARONIS

383 447 570 497 Fronde
584 462 775 500 nemus;
791 445 914 492 redit
930 445 1150 509 agricolis
1164 445 1296 493 labor
1308 446 1435 494 ae‘tus
1452 447 1501 493 in
1516 445 1698 503 orbem,

381 540 543 602 Atque
566 537 685 585 inse
708 537 787 585 sua
808 553 895 600 per
916 538 1113 602 vestigia
1139 539 1345 586 volvitur
1366 555 1530 587 annus,

380 633 455 680 Ac
473 632 578 696 jam
603 633 738 689 olim,
762 633 882 680 seras
906 633 1063 697 posuit
1087 650 1239 698 quum
1263 633 1401 682 vinea
1424 632 1619 690 frondis,

379 722 601 786 Frigidus
626 734 672 770 et
696 722 822 770 filvis
843 726 1006 786 aquilo
1029 723 1223 771 decuffit
1247 725 1501 783 honorem;

1603 739 1700 791 404
1718 780 1722 786 ,

379 812 490 875 Jam
505 824 610 860 tum
626 827 733 863 acer
755 827 887 860 curas
912 812 1185 860 venientem
1203 813 1416 863 extendit
1435 812 1480 860 in
1499 829 1698 870 amrium

421 981 498 1011 401.
520 973 657 1004 iaboratus
673 972 757 1014 Reg.
773 982 791 1002 a
807 981 854 1002 m.
873 981 920 1014 pr.

1011 980 1086 1009 402·
1111 972 1205 1013 Atque
1223 974 1345 1015 ipstzsier:
1360 973 1448 1007 Voss'.
1502 974 1579 1016 Infi
1592 983 1696 1018 perque

369 1025 429 1068 suc:
443 1026 557 1067 vqssigia
574 1025 683 1055 Franc.
729 1025 819 1060 annis,
846 1023 878 1053 h.
897 1034 953 1066 per
969 1033 1068 1054 annos
1083 1022 1233 1066 singulos,
1253 1026 1390 1062 volvitur,
1413 1024 1454 1056 sc.
1478 1025 1579 1065 labor,
1594 1028 1696 1058 male-

378 1075 433 1108 bat
449 1075 604 1106 Reiikius.

694 1084 770 1114 403.
796 1076 909 1116 Etjam
925 1076 988 1105 olim
1003 1074 1102 1115 vulgo
1118 1083 1190 1106 ante
1207 1076 1315 1107 Heins.
1361 1078 1405 1107 At
1422 1076 1485 1108 alii.

1573 1087 1649 1116 404.
1666 1085 1696 1108 ut

370 1129 453 1168 silvis
471 1127 576 1158 Schol.
600 1127 718 1157 Horat.
743 1128 845 1168 Epod.
874 1128 934 1164 XI,
954 1126 1008 1159 sed
1031 1125 1125 1158 aliter
1152 1127 1277 1161 Nonius
1303 1134 1334 1160 et
1362 1127 1548 1160 Priscianus.
1591 1131 1696 1175 cſslvis

378 1178 654 1217 Parth-«405.
675 1180 794 1210 exundet
813 1177 938 1210 Medic.

375 1323 455 1351 nus,
510 1324 597 1360 401.
636 1326 748 1349 nemus
782 1324 848 1362 pro
882 1311 1001 1357 vinea,

374 1362 559 1400 levandum
572 1365 713 1414 fronde,
739 1363 835 1412 quafi
867 1363 1001 1414 impor-

376 1423 466 1451 tuno
494 1427 626 1460 onere;
650 1415 863 1465 putandum.
918 1416 1002 1452 Ali-

376 1465 491 1516 oquin
524 1476 559 1502 et
594 1467 735 1504 arbores
775 1467 1004 1517 amputandae

376 1516 458 1554 sunt
492 1530 556 1568 per
589 1517 749 1556 vineam.
802 1517 912 1562 labor,
939 1518 1002 1568 qui

373 1575 469 1606 aHus
498 1578 589 1614 erat,
621 1571 706 1606 redit
737 1576 771 1606 iu
805 1570 926 1612 orbem,
965 1580 1002 1607 et

375 1635 497 1664 annus,
524 1620 559 1658 h.
580 1634 697 1660 annua
714 1633 836 1671 opera,
863 1635 1002 1659 annuus

375 1671 494 1715 labor,
520 1672 680 1711 volvitur
708 1679 742 1710 in
765 1675 819 1721 ]ὲ,
847 1673 1004 1710 revolvi-

376 1734 448 1768 tur,
476 1723 585 1769 redit,
598 1728 741 1774 suaper
758 1727 915 1776 vestigia,
941 1738 1002 1761 ea-

376 1775 479 1818 dem,
506 1789 547 1814 ac
581 1775 761 1827 superiore
798 1790 908 1822 anno,
946 1789 1001 1813 τερ

374 1826 491 1871 tione,
519 1827 644 1872 modo,
672 1837 793 1865 tenore
831 1841 872 1864 ac
917 1842 1001 1878 pro·

373 1879 501 1928 gressu.
557 1880 628 1916 Sua
640 1883 682 1928 se
710 1887 744 1916 in
767 1884 908 1932 v⁴st¹gst²
924 1879 1001 1918 vol-

373 1945 457 1966 vere
495 1931 540 1967 de
571 1931 708 1968 mundo
738 1931 888 1975 Varius,
920 1941 1000 1969 ante

372 1980 594 2032 Virgilium,
609 1992 643 2019 et
658 1983 731 2033 post
743 1984 812 2020 huc
830 1982 891 2020 alii
911 1988 999 2033 poe-

374 2043 421 2070 rae
451 2033 599 2071 dixere:
628 2048 782 2084 quorum
810 2035 892 2072 loca
915 2034 1000 2072 vide

371 2084 468 2136 apud
487 2086 656 2123 Cerdam.

425 2150 642 2188 403—407.
658 2138 866 2175 Audumno
875 2139 1000 2176 exaf’to

373 2189 490 2227 statim
508 2188 546 2225 in
566 2190 770 2239 sequentem
793 2203 924 2226 annum
943 2190 998 2226 vi-

373 2239 502 2284 nitoris
529 2253 614 2277 cura
647 2251 683 2278 et
714 2254 821 2292 opera
852 2241 999 2278 extendi

371 2291 492 2328 debet.
531 2296 629 2341 seras
663 2300 755 2341 ponit
787 2308 859 2331 cum
893 2299 997 2330 vinea

357 2345 514 2395 frondes,
532 2356 615 2381 cum
628 2344 717 2381 vites
735 2344 877 2382 frondes
891 2344 998 2382 amit-

373 2404 469 2438 tunt,
497 2408 577 2444 quae
594 2395 639 2432 ad
653 2395 819 2433 seriorem
838 2396 998 2433 audium-

371 2459 460 2483 num
495 2447 722 2486 duraverant.
763 2448 878 2497 stlvae
912 2447 998 2497 ipsae

371 2498 486 2535 vineae
515 2499 581 2534 effe
613 2498 798 2537 videntur.
849 2499 998 2536 honorem

371 2549 419 2585 de
436 2549 628 2586 frondibus
647 2551 816 2588 arborum
834 2550 999 2600 frequen-

365 2609 424 2638 ter
440 2605 570 2651 poetae.
626 2603 773 2653 Rusticus
789 2601 834 2644 est
848 2601 997 2647 vinitor,

372 2652 433 2691 sed
453 2652 553 2690 vides
571 2656 715 2703 poetam
740 2655 876 2702 semper
901 2665 997 2691 rece-

371 2704 457 2741 dere
481 2718 500 2741 a
517 2704 737 2755 vulgaribus.
791 2704 938 2742 Tibull.
962 2704 997 2749 Ι,

378 2769 392 2793 1
403 2784 415 2800 ,
443 2768 463 2805 7
494 2756 566 2806 Ipse
578 2760 694 2805 stram
723 2769 851 2796 teneras
868 2768 998 2794 maturo

372 2818 512 2856 tempore
557 2815 645 2845 vites
693 2810 851 2859 Rusticus.
905 2822 998 2852 acer,

373 2858 543 2911 diligens,
570 2858 687 2898 labori
729 2873 802 2900 non
831 2871 993 2913 parcens.

1065 1314 1143 1351 dens
1161 1314 1304 1351 Saturni
1317 1313 1362 1351 est
1398 1314 1472 1350 falx
1490 1322 1695 1364 amputato*

1066 1364 1134 1410 ria,
1163 1376 1288 1401 notum
1305 1364 1364 1403 dei
1381 1365 1530 1415 insigne.
1558 1364 1638 1414 jam
1657 1379 1696 1406 v.

1066 1429 1140 1466 407
1157 1424 1360 1466 putationem
1378 1415 1506 1454 vitium
1521 1417 1693 1466 exprimi,

1066 1467 1149 1504 satis
1175 1478 1285 1518 patet.
1341 1468 1490 1506 Colum.
1525 1467 1598 1512 IV,
1628 1481 1692 1517 23,

1071 1532 1085 1556 1
1119 1519 1235 1557 Placet
1252 1535 1340 1570 ergo,
1359 1521 1400 1569 fi
1419 1522 1503 1557 mitis
1519 1535 1560 1557 ac
1575 1530 1694 1570 tempe-

1067 1581 1146 1607 rata
1150 1577 1314 1621 permittit
1327 1577 1361 1610 in
1379 1587 1419 1608 ca
1439 1577 1579 1623 regione,
1592 1585 1693 1622 quam

1063 1622 1206 1666 cqlimus,
1248 1622 1326 1660 caeli
1371 1622 1555 1665 clementia,
1580 1626 1694 1672 freda

1063 1675 1253 1718 vindemia,
1267 1675 1448 1723 strandum
1479 1675 1562 1712 Idus
1591 1675 1692 1712 Oaro-

1065 1723 1147 1770 bris,
1173 1729 1343 1776 auspicari
1352 1732 1556 1776 putationem
1572 1737 1607 1762 et
1626 1727 1692 1764 rel.

1067 1777 1148 1825 jam
1181 1777 1302 1814 Cerda
1325 1787 1361 1814 et
1387 1776 1451 1814 alii
1480 1790 1551 1814 non
1578 1778 1690 1814 modo

1064 1828 1305 1879 putationem,
1331 1828 1391 1867 sed
1425 1837 1462 1866 et
1498 1828 1692 1878 ablaquea-

1064 1879 1213 1923 tionem‚
1241 1893 1324 1917 cum
1352 1880 1496 1918 inutiles
1518 1880 1690 1924 radicula:

1063 1931 1157 1970 ferro
1188 1931 1453 1976 rescinduntur,
1480 1931 1691 1982 praecipien·

1063 1983 1147 2020 darn
1179 1981 1280 2020 fuisse
1306 1992 1447 2034 putant,
1474 1996 1624 2033 eamque
1651 1984 1690 2020 in

1062 2034 1179 2071 verbis
1197 2042 1305 2072 vitem
1322 2037 1491 2072 attondens
1508 2048 1553 2091 qu
1560 2044 1687 2073 aefunt.

1065 2086 1111 2122 Et
1124 2085 1204 2128 sane
1219 2086 1365 2124 Colum.
1384 2085 1459 2131 IV,
1488 2088 1526 2129 8,
1559 2100 1571 2124 1
1596 2088 1690 2129 Nam

1055 2140 1125 2188 PQst
1162 2139 1244 2175 Idus
1277 2138 1442 2181 Oc‘i‘obris,
1462 2144 1560 2186 prius
1590 2153 1689 2189 quam

1048 2193 1192 2242 frigora
1209 2192 1392 2232 invadant,
1419 2195 1504 2226 vitis
1528 2189 1690 2247 ablaqfte-

1062 2243 1154 2278 anda
1171 2243 1236 2290 est‚·
1265 2240 1327 2277 ubi
1355 2240 1394 2278 in
1408 2240 1504 2292 seqq.
1520 2239 1688 2278 disemus

1063 2304 1116 2330 res
1148 2291 1354 2345 exponitur.
1410 2292 1479 2330 Sed
1512 2292 1587 2329 haec
1617 2305 1688 2342 op-

1062 2352 1184 2381 tantur
1202 2343 1337 2394 potius,
1364 2352 1404 2380 ut
1420 2342 1536 2380 verbis
1559 2342 1683 2388 infint,

1063 2408 1169 2445 quam
1197 2395 1302 2432 inesse
1330 2394 1544 2445 probantur3
1577 2395 1623 2432 fic
1651 2405 1688 2433 et

1061 2447 1251 2496 pastinatio
1290 2445 1520 2484 memoranda
1550 2445 1684 2486 fuiffet.

1063 2497 1112 2536 cf.
1143 2498 1311 2549 Geopon.
1341 2496 1412 2540 ΙΙΙ,
1445 2511 1514 2547 133
1553 2507 1589 2534 et
1622 2497 1686 2534 ab·

1060 2549 1325 2599 laqueationem
1381 2547 1445 2586 sub
1501 2547 1688 2599 putatione

1059 2602 1252 2652 compleRi
1293 2599 1410 2652 ipsum
1443 2599 1687 2642 Columellam

1060 2652 1170 2690 video
1204 2652 1277 2698 IV,
1321 2664 1385 2701 24,
1430 2665 1456 2701 4
1488 2652 1537 2702 sq.
1593 2664 1685 2705 4047·

1059 2703 1237 2742 Varronis
1252 2704 1347 2741 hunc
1366 2703 1503 2740 versum
1521 2703 1586 2740 effe
1604 2702 1686 2739 Ser-

1059 2754 1142 2793 vius
1170 2756 1327 2793 testatur.
1378 2754 1589 2791 Imitatione
1621 2766 1684 2791 ex-

1057 2808 1191 2857 preffit,
1217 2807 1278 2845 sed
1313 2805 1524 2852 infeliciter,
1552 2805 1684 2842 Mar-k-

1057 2859 1169 2898 lando
1191 2859 1330 2911 judice,
1359 2857 1491 2897 Statius
1510 2857 1598 2894 Silv.
1629 2856 1683 2901 Π,

1552 2922 1587 2954 ¹2
1610 2921 1683 2961 ¹54
