1821 3381
340 285 437 354 464
539 288 593 337 Ρ.
650 280 1024 336 VIRGILH
1092 276 1489 339 MARON'I's?

335 428 410 474 Ac
435 425 515 470 vix
541 421 764 485 suppositi
789 422 1070 485 tinguuntur
1090 421 1313 486 sanguine
1334 423 1497 481 cultri,

336 519 626 576 Summaque
643 510 808 576 jejuna
831 509 954 556 sanie
977 509 1238 558 infuscatur
1259 529 1412 560 arena.

335 607 468 655 Hinc
491 604 614 651 laetis
636 602 771 649 vituli
797 601 941 663 volgo
962 600 1228 648 moriuntur
1251 602 1299 649 in
1323 602 1499 660 herbis,

335 699 399 745 Et
421 693 574 743 dulcis
596 693 779 739 animas
802 692 942 754 plena
964 690 1023 737 ad
1047 689 1277 755 praesepia
1295 691 1513 740 reddunt.
1561 698 1654 757 493

334 786 470 834 Hine
489 782 686 831 canibus
707 781 893 829 blandis
910 780 1058 828 rabies
1083 781 1230 839 venit,
1265 793 1312 829 et
1332 783 1487 846 quatit
1502 791 1657 848 aegrosv
1724 787 1728 793 '

338 877 383 923 T
386 875 489 923 uffis
509 873 676 923 anhela
695 871 794 920 sues
818 887 872 919 ac
894 870 1110 918 faucibus
1133 872 1270 935 angit
1293 872 1460 922 obefis.

338 968 538 1016 Labitur
561 965 744 1022 infelix,
770 963 1033 1011 studiorum
1047 974 1188 1025 atque
1206 964 1463 1012 immemor
1478 964 1658 1022 herbae,

344 1058 499 1106 ViAEtor
522 1072 683 1119 equus,
723 1054 967 1118 fontesque
990 1054 1233 1110 avertitur,
1269 1067 1315 1101 et
1336 1055 1459 1118 pede
1481 1066 1656 1102 terram

337 1150 514 1197 Crebra
537 1146 644 1194 ferit
660 1170 672 1201 ;
708 1144 918 1192 demiss'ae
938 1160 1098 1199 aures;
1135 1144 1340 1191 incertus
1358 1145 1539 1192 ibidem
1562 1159 1660 1208 500

377 1295 453 1327 492.
478 1285 539 1316 Aa?
558 1283 697 1326 quinque
713 1283 887 1313 Burmann.
908 1281 1008 1312 Goth.
1030 1288 1169 1322 quatuor
1181 1281 1319 1312 Martini
1336 1290 1368 1313 et
1383 1289 1461 1314 vett.
1478 1283 1550 1316 edd.
1609 1283 1654 1313 At

487 1347 562 1378 493.
576 1335 669 1376 fiabie
690 1334 822 1366 Vratiss.
858 1333 994 1376 fuscatur
1021 1334 1156 1375 Menag.
1183 1344 1231 1374 pr.
1259 1334 1392 1365 Mentel.
1418 1341 1491 1366 tert.
1580 1343 1657 1376 494,

332 1331 396 1367 ahi.

333 1390 431 1419 vitulis
447 1390 507 1419 laeti
523 1386 622 1419 Goth.
646 1387 703 1418 sec.

596 1437 671 1478 498.
692 1437 781 1467 herbis
799 1436 1087 1478 Zulich.---499.
1111 1438 1268 1466 advertitur
1281 1437 1392 1467 Lutat.
1405 1437 1445 1467 ad
1458 1438 1535 1468 Stat.
1553 1437 1654 1470 Theb.

341 1439 444 1471 Goth.
460 1449 505 1480 pr.

339 1491 385 1528 V,
402 1499 473 1529 137.
509 1491 648 1530 jbrtisquc
673 1487 741 1518 Erf.
765 1498 783 1517 a
813 1497 857 1517 rn.
883 1487 1107 1526 secem—500.
1135 1487 1233 1517 Crebro
1263 1486 1330 1518 duo*
1358 1488 1470 1518 Burm.
1499 1487 1665 1530 Longob:

795 1385 870 1426 496.
894 1387 997 1416 blandis
1022 1386 1128 1417 canibus
1154 1384 1456 1428 Parrhase——497.
1480 1394 1506 1417 et
1522 1388 1658 1427 faucibus¹
1712 1418 1713 1421 ,

338 1542 438 1574 Goth.
456 1542 516 1578 sec.
560 1540 670 1582 dirnffae
686 1538 826 1570 Mentel.
840 1549 890 1581 pr.

332 1635 482 1675 vifflima
516 1636 551 1673 ei
587 1634 752 1686 impofita
782 1643 962 1685 ponatur:

333 1689 435 1731 hinc,
453 1689 587 1727 altaria
604 1689 738 1730 ardent,
753 1686 964 1736 exquisitius

329 1740 439 1778 dixit.
509 1753 600 1792 490.
633 1739 707 1776 Int.
741 1749 823 1776 exta
853 1749 961 1781 muta,

328 1805 413 1829 cum
448 1791 569 1842 aliqua
599 1803 680 1842 pars
723 1800 785 1827 aut
815 1789 959 1832 deeffet,

329 1854 392 1882 aut
409 1854 577 1893 corrupta
594 1844 688 1880 effet.

380 1910 470 1947 492.
502 1909 592 1946 493.
620 1894 698 1931 Vix
716 1892 861 1944 sanguis
877 1893 959 1930 fluit

327 1961 374 1985 ex
408 1947 565 1984 vulnere.
603 1948 766 1996 suppofiti
790 1945 902 1989 cultri,
936 1957 956 1981 e

326 1998 427 2036 sacro
445 1998 517 2034 ritu
535 1997 833 2048 subterjugnlum
849 1997 957 2034 adac-

326 2051 371 2089 ti.
400 2049 513 2088 Conf.
533 2050 618 2087 AEn.
630 2049 703 2094 Vl,
719 2051 791 2098 248
809 2057 844 2085 et
857 2049 953 2086 Serv.

327 2116 415 2154 493.
447 2105 574 2153 jejuna
574 2105 689 2150 sanie,
704 2100 813 2137 >tenui
833 2113 874 2137 ac
893 2113 957 2137 ex-

327 2155 416 2205 iguo
430 2153 580 2190 humore
596 2165 711 2202 eoque
727 2162 913 2200 corrupto.

376 2218 455 2254 494
480 2205 557 2255 sqq.-
617 2203 758 2241 Locum
794 2204 956 2254 expressit

326 2256 460 2294 Statius
477 2255 534 2292 IV
551 2256 670 2293 Theb.
691 2269 762 2308 7²5
783 2255 836 2305 sq.
864 2257 956 2294 Hinc

325 2309 456 2346 —hinc
483 2321 563 2358 pro,
597 2320 719 2358 porro,
773 2320 862 2357 497.
894 2307 952 2344 De

324 2367 453 2411 angina
466 2359 642 2410 loquitur,
671 2359 741 2396 Gr.
756 2361 878 2408 ὗάιγχη
891 2370 953 2396 aut

324 2414 500 2461 βξάγχος,
525 2409 588 2461 qui
619 2420 655 2448 et
683 2410 829 2448 morbus
851 2411 952 2448 suum

324 2463 529 2515 peculiaris,
597 2462 765 2499 Laudant
797 2462 950 2500 Aristot.

326 2514 424 2551 Hist.
443 2514 571 2551 Anim.
590 2514 704 2556 VIII,
724 2526 784 2551 21.
827 2520 953 2566 fauces

323 2567 431 2615 obesas
448 2566 590 2602 Servius
608 2566 766 2617 explicat
779 2577 950 2612 tumentes,-

323 2617 452 2669 quidni
472 2617 615 2668 proprie
629 2616 810 2666 accipias?

375 2671 464 2718 498.
494 2671 679 2718 studiorum
731 2668 787 2718 (h.
829 2668 951 2705 cursus

323 2720 546 2771 simpliciter.
603 2719 772 2757 Heinsius
798 2720 952 2757 Circen-

324 2772 372 2809 fia
390 2772 546 2822 partium
579 2771 692 2809 studia
716 2772 786 2808 huc
809 2784 953 2809 revoca-

322 2822 399 2870 bat)
429 2835 527 2874 alque
545 2830 707 2861 immemor
729 2823 843 2861 herbae
880 2823 951 2873 (cf.

323 2887 359 2913 v.-
379 2887 454 2927 520
470 2885 505 2912 et
523 2875 600 2926 sup.
624 2876 722 2922 216;
767 2874 876 2913 nimi-s
895 2888 950 2913 ar-

1021 1644 1107 1684 gute
1126 1633 1190 1670 alii
1208 1633 1362 1683 palmam
1387 1632 1443 1669 seu
1461 1631 1654 1670 vietoriamr

1022 1684 1246 1736 explicant),
1273 1685 1325 1722 ita
1342 1684 1466 1722 malim
1482 1685 1652 1735 jungere;

1021 1751 1103 1774 nam
1117 1737 1442 1789 infilixstudiorum,
1472 1735 1510 1773 h.
1529 1734 1650 1773 infeli-

1022 1788 1074 1826 cis
1092 1789 1214 1835 studii,
1258 1801 1331 1825 non
1362 1787 1414 1824 est
1446 1787 1513 1824 hac
1545 1787 1584 1824 in
1612 1800 1651 1824 re

1021 1852 1145 1890 equus.
1200 1842 1361 1891 Apparet
1372 1838 1481 1876 etiam
1498 1850 1542 1875 ex
1557 1838 1651 1875 Ovi-

1022 1892 1078 1928 dii
1097 1893 1190 1930 Met.
1209 1892 1302 1936 VII,
1333 1903 1405 1943 542
1434 1892 1524 1929 Acer
1551 1905 1651 1941 equus

1021 1947 1197 1994 quondam,
1225 1957 1421 1995 magnaeque
1449 1949 1484 1980 in
1504 1941 1651 1991 pul-veri?

1009 2000 1142 2046 famce,
1179 1998 1368 2047 Degenerat
1388 1995 1548 2043 palmas,·
1590 2006 1650 2030 ve-

1021 2057 1208 2098 terumque
1237 2047 1373 2084 oblitus
1403 2045 1580 2083 honorum
1598 2044 1646 2081 ad

1020 2099 1171 2151 praesepe
1188 2099 1320 2150 gemit,-
1344 2096 1450 2135 morbo
1475 2102 1652 2134 moriturus

1019 2155 1131 2188 merli.
1184 2162 1273 2200 499.
1296 2151 1410 2187 Vic70r
1425 2147 1471 2184 ad
1482 2147 1647 2198 indigni-

1021 2210 1131 2239 tatem
1168 2202 1219 2239 rei
1247 2201 1409 2244 additur,
1436 2213 1520 2236 curn
1553 2199 1650 2237 nihil

1023 2253 1058 2291 ei
1083 2255 1206 2304 profit,
1234 2253 1355 2290 vieifl'e
1380 2251 1502 2289 cursus
1536 2262 1650 2289 certa-

1021 2305 1134 2342 mine.
1178 2310 1292 2355 fontes
1309 2309 1494 2346 avertitur,
1520 2312 1649 2353 potum

1017 2357 1208 2394 aversatur.
1274 2367 1359 2407 500⁴.
1386 2354 1535 2399 Crebra,
1570 2358 1648 2392 cre'-

1017 2408 1098 2451 bro,
1120 2420 1156 2445 ut
1168 2410 1242 2458 jam
1258 2407 1358 2458 saepe.
1409 2413 1566 2450 incertus,
1582 2404 1650 2456 qui-

1015 2472 1079 2510 per
1095 2461 1191 2498 vices
1209 2459 1350 2496 accedit
1362 2469 1403 2496 a'c
1422 2455 1573 2500 recedit,
1593 2457 1648 2494 in-

1016 2513 1191 2554 constans,
1235 2512 1368 2554 ibidem,
1407 2508 1504 2546 circa
1531 2521 1650 2553 aures,-

1018 2563 1148 2615 capitis
1167 2563 1298 2608 sud0r;
1317 2562 1464 2613 signate.
1495 2561 1646 2598 Lucretae

1019 2614 1094 2658 Vl,
1119 2620 1185 2653 118
1193 2629 1211 2666 ς
1232 2615 1423 2664 Sudorg‘sque
1439 2614 1574 2650 madens
1584 2615 1651 2661 per'

1017 2667 1350 2716 collumsplendidus
1375 2664 1499 2701 humor.
1556 2676 1644 2713 501.

1015 2719 1072 2755 ille
1088 2720 1215 2769 quidem
1232 2723 1394 2757 morituris
1411 2716 1569 2766 frigidus
1599 2725 1644 2749 ex

1016 2770 1197 2807 notiffimo
1228 2768 1380 2820 quidem⁴
1406 2764 1647 2817 Hippocratis

1015 2821 1223 2871 aphorismo
1258 2820 1331 2864 IV,
1359 2833 1404 2869 37
1448 2818 1477 2855 οἱ
1510 2816 1648 2865 spongo?

1017 2874 1164 2925 ἱὸξῶτεε,
1183 2874 1234 2920 ξὺν
1251 2876 1313 2920 μὲν.
1328 2874 1397 2919 ὀξεῖ
1419 2873 1546 2920 πυρετῷ
1565 2886 1644 2915 ‘7¹7-

1513 2924 1646 2968 νόμενον,
