1987 3361
387 277 994 337 EDITIONIBUS.
1235 305 1333 339 civ

25 425 127 476 cujus
144 423 286 462 libellos
309 421 566 474 grammaticos
583 421 623 460 in
641 421 858 459 Putschiano
871 433 1025 472 corpore
1047 422 1240 470 habemu53
1268 423 1334 462 alii

53 496 177 522 eriere.

26 499 51 538 P
77 544 286 581 Carminius.
339 540 433 578 Eum
463 538 504 577 in
531 538 736 590 Virgilium
765 538 947 590 scripsisse,
973 541 1056 579 loca
1086 553 1144 593 ap.
1163 540 1332 579 Servium

25 603 73 642 ad
89 603 175 639 AEn.
194 601 262 646 VI,
281 603 368 650 638.
388 601 473 638 862.
502 597 614 642 VIII,
639 601 715 647 406
742 597 805 635 vix
822 598 999 649 probant3
1029 609 1223 650 potuerunt
1252 613 1334 637 om-

25 661 86 699 nia
103 661 167 699 illa
185 661 224 698 in
243 660 338 698 libro
357 662 397 697 de
416 658 586 696 elocutione
607 656 704 694 dieza
721 657 803 702 effe,
826 669 934 707 quem
963 657 1061 695 idem
1092 658 1233 695 Servius
1260 669 1337 698 me-

25 730 144 758 morat
159 720 205 758 ad
223 721 307 757 AEn.
327 718 380 762 V,
399 730 487 766 233.
540 716 594 752 At
613 716 808 754 Carminius
837 717 876 752 de
893 715 1003 754 ltalia
1021 717 1104 755 libro
1108 718 1265 770 ficundo,
1279 733 1336 756 cu-

24 781 204 830 riofiffimus
229 790 262 817 et
284 781 391 817 doHus
397 781 556 827 scriptor,
574 788 634 827 ap.
664 774 836 817 Macrob.
857 775 910 821 V,
943 790 988 829 19
1006 776 1150 815 videtur
1173 776 1338 815 Granius

15 839 108 883 effe,
135 837 232 889 quod
251 837 426 875 Meurfius
445 834 677 884 conjestavit.

79 897 260 936 Carvilius
291 897 432 934 Pavor:
460 895 562 944 cujus
592 894 684 931 iiber
717 893 790 932 fuit
824 893 1127 933 AEneidomastix.
1197 894 1338 936 Donat.

28 956 110 996 Vir.
138 957 248 1008 Virg.
266 957 292 995 s.
313 957 376 995 62.

80 1021 210 1071 Casuus
239 1020 421 1057 Sacerdos:
450 1017 543 1069 Ejus
576 1016 809 1067 Paraphrcfis
832 1020 942 1067 super
958 1017 1025 1066 fix
1059 1013 1201 1067 Virgilii
1226 1015 1338 1060 libris,

25 1079 130 1122 item,
158 1079 278 1116 ‘Trium
297 1078 496 1130 Eclogarum
528 1078 573 1115 V.
600 1083 842 1121 enarrationes,
868 1089 953 1113 cum
976 1075 1056 1113 aliis
1083 1075 1188 1112 libris
1213 1088 1338 1126 gram-

29 1138 172 1176 maticis
187 1138 287 1176 fuere
306 1136 435 1187 reperti
451 1136 490 1173 in
512 1136 611 1173 Cod.
631 1135 819 1180 Bobienfi;
846 1135 993 1172 testante
1013 1134 1131 1184 Raph.
1151 1134 1338 1173 Volaterr-

27 1197 236 1235 Comment.
257 1197 354 1235 Urb.
385 1196 443 1233 IV
473 1196 538 1233 sub
569 1195 611 1240 f.‚
639 1196 735 1232 unde
765 1196 841 1233 haec
869 1195 1034 1246 prodidit
1060 1193 1206 1232 Fabric.
1226 1195 1268 1232 B.
1288 1194 1336 1233 L.

31 1257 120 1298 Vol.
154 1257 229 1304 ΙΙΙ,
255 1271 295 1310 p.
331 1271 420 1309 744.
505 1256 613 1294 Forte
661 1256 796 1294 Caffius
828 1255 1001 1293 Sacerdos
1041 1268 1166 1293 verum
1204 1268 1338 1293 nomen

28 1318 112 1361 fuir.

81 1379 211 1430 Celsus,
238 1378 266 1416 s.
307 1379 473 1417 Aruntius
508 1377 640 1428 Celsus,
685 1376 779 1414 inter
813 1386 947 1414 veteres
981 1374 1252 1413 Grammaticos
1275 1375 1340 1421 est,

29 1453 183 1491 quorum
208 1449 377 1489 excerpta
405 1438 443 1476 in
476 1437 667 1476 Auc'iorib.
705 1437 784 1476 LL.
820 1445 957 1474 extant.
1020 1436 1124 1473 Idem
1156 1435 1340 1480 Plautum,

30 1501 260 1546 Terentium,
301 1499 522 1550 Virgilium,
560 1497 705 1536 scholiis
740 1498 919 1534 illustrasse
960 1496 1088 1533 fertur.
1157 1497 1250 1548 Qae
1275 1496 1342 1534 sub

30 1563 176 1600 nomine
194 1561 287 1600 Celfi
306 1561 512 1604 laudantur,
538 1573 620 1596 cum
653 1559 698 1596 ad
734 1557 922 1609 Georgica
946 1557 1104 1608 speeiem
1131 1556 1269 1601 omnia,
1297 1555 1338 1594 in

34 1622 201 1660 Cornelii
225 1622 320 1659 Celsi
339 1621 436 1658 libro
454 1621 499 1657 de
518 1633 554 1656 re
572 1619 701 1656 rustica
718 1619 839 1656 locum
858 1617 988 1658 habere
1015 1616 1183 1666 potuiffe,
1210 1625 1251 1653 ut
1268 1629 1336 1654 nec

33 1695 156 1732 neges,
184 1680 234 1718 ita
251 1694 316 1718 nec
336 1679 486 1717 affirmes
505 1691 587 1716 eum
607 1676 806 1715 Bianconio
824 1677 917 1728 Epp.
939 1677 985 1713 de
1003 1675 1133 1712 Celso:
1163 1676 1231 1726 Ep.
1247 1675 1337 1715 VII.

34 1741 128 1792 Qae
144 1741 183 1777 in
201 1739 367 1776 Charifio
394 1747 608 1782 occurrunt,
636 1751 671 1789 p.
694 1741 766 1775 180
789 1745 826 1773 et
848 1748 934 1786 191,
962 1745 1111 1787 potuere
1139 1734 1178 1773 in
1193 1735 1277 1773 aliis
1294 1734 1344 1773 li·

30 1800 134 1838 bellis
151 1796 397 1850 grammaticis
414 1808 612 1834 occurrere.

83 1859 348 1896 Declamationes
365 1855 402 1892 in
416 1854 644 1905 Virgilium:
674 1853 775 1892 Serv.
794 1854 833 1891 in
852 1853 938 1890 AEn.
957 1851 1011 1896 X,
1032 1865 1120 1903 532.

84 1916 124 1959 ‘I'
119 1924 143 1956 i.
179 1916 343 1955 Claudius
387 1916 554 1959 Donatus,
612 1913 789 1953 recentior
832 1913 933 1950 AElio
988 1911 1153 1955 Donato,
1192 1912 1257 1963 qui
1298 1913 1340 1952 S.

34 1976 259 2028 Hieronymi
291 1984 488 2028 praeceptor
534 1973 620 2016 fuit,
661 1973 846 2011 Prisciano
880 1982 1000 2010 tamen
1034 1981 1070 2007 et
1113 1972 1251 2018 Servio,
1275 1973 1343 2023 qui

34 2051 118 2081 eum
163 2038 328 2082 laudant,
369 2034 569 2086 antiquior,
599 2033 899 2071 Grammaticus:
938 2033 985 2069 de
1015 2044 1088 2082 quo
1122 2031 1200 2069 vid.
1241 2031 1340 2081 apud

35 2097 197 2138 Saxium.
253 2098 334 2134 Vita
372 2096 523 2147 Virgilii,
549 2107 629 2145 quae
659 2095 705 2130 ad
739 2105 820 2130 eum
858 2092 1024 2134 refertur,
1053 2091 1077 2127 fi
1113 2091 1224 2127 modo
1256 2103 1342 2128 eum

34 2160 212 2197 auc'iorem
244 2156 367 2201 habet,
394 2154 582 2197 foediflime
615 2167 635 2190 a
667 2153 851 2190 monachis
870 2152 918 2189 est
952 2151 1180 2201 interpolata.
1236 2150 1337 2187 Com—

33 2225 212 2259 mentarius
237 2223 273 2255 in
302 2218 499 2261 AEneidem,
536 2215 582 2252 ad
617 2215 686 2253 Ti.
723 2211 920 2250 Claudium
969 2211 1179 2248 Maximum
1217 2209 1343 2247 Dona-

35 2288 129 2322 tum,
155 2279 286 2322 filium,
311 2277 478 2327 scriptus,
506 2274 639 2326 partim
670 2282 705 2310 et
738 2273 811 2322 ipse
851 2271 1086 2322 interpolatus
1118 2270 1179 2313 est,
1206 2268 1342 2319 partim

37 2337 187 2389 ‚argutiis
214 2335 402 2373 rhetoricis
429 2335 475 2371 ad
502 2333 684 2371 fastidium
712 2331 758 2368 est
785 2331 954 2375 refertus3
984 2342 1056 2379 quo
1082 2329 1215 2365 faaum
1235 2327 1342 2372 adeo,

38 2406 79 2433 ut
100 2409 165 2448 pro
195 2393 418 2445 supposititio
442 2392 586 2430 habitus
620 2392 691 2428 fit:
722 2389 770 2426 cf.
802 2390 925 2428 Burm.
962 2388 1061 2438 praef.
1096 2389 1146 2438 (p.
1181 2388 1264 2437 37).
1291 2385 1342 2442 εῖτ

39 2455 170 2492 Harles
187 2454 386 2492 Introduffi.
406 2452 443 2489 in
465 2452 590 2490 Notit.
609 2451 701 2488 Litt.
723 2449 772 2487 R.
790 2450 866 2487 To.
884 2448 935 2487 II.
955 2462 991 2500 p.
1015 2461 1102 2499 294.
1129 2457 1165 2484 et
1188 2446 1227 2483 in
1241 2446 1343 2484 brev.

39 2514 204 2559 Notitia‚
230 2527 267 2564 p.
288 2525 333 2561 23
341 2526 374 2561 3.
430 2511 650 2549 Ferebantur
677 2510 716 2546 in
745 2507 1011 2559 antiquioribus
1032 2507 1116 2545 edd.
1143 2506 1347 2556 fragmenta

39 2588 86 2612 ex
112 2588 157 2613 eo
186 2586 314 2626 pauca,
337 2573 412 2622 jam
445 2573 530 2610 inde
557 2572 602 2609 ab
630 2571 722 2609 edit.
744 2569 839 2607 Ven.
863 2571 973 2619 1489.
1028 2567 1230 2604 Pleniorem
1250 2580 1270 2604 e
1287 2566 1346 2604 bi-

38 2635 220 2675 bliotheca
235 2633 381 2683 Joviani
402 2633 554 2674 Pontani
573 2647 656 2671 eum
684 2629 851 2681 vulgavit
878 2629 1003 2680 Scipio
1021 2627 1205 2679 Capycius
1223 2626 1345 2677 Neap.

44 2708 156 2748 1535,
181 2695 292 2739 unde,
318 2693 382 2730 vix
414 2706 545 2744 magno
589 2706 672 2730 cum
707 2691 824 2728 frue‘m
871 2689 917 2726 ad
950 2689 1191 2739 juventutem,
1220 2685 1345 2724 recudi

39 2768 121 2795 eum
156 2753 299 2792 curavit
329 2752 402 2791 Ge.
445 2751 633 2790 Fabricius
664 2751 770 2788 Bafil.
811 2762 921 2801 1551,
963 2761 1037 2800 rep.
1080 2749 1189 2800 1561.
1233 2759 1344 2797 1575.

46 2814 155 2874 1586·
204 2815 316 2867 1613.
396 2810 521 2852 Multo
563 2810 728 2864 pleniora
768 2807 989 2860 exemplaria
1030 2806 1070 2847 in
1114 2804 1349 2847 bibliothecis

1193 2864 1344 2910 servari,
