1987 3361
591 328 1044 378 VIRGILII.
1271 343 1434 377 chnx

439 470 994 520 EUSTHENIUS
1052 474 1122 518 ΙΙ.

125 569 354 634 Virgilius
369 570 497 635 jacet
520 572 614 628 hic,
638 573 719 633 qui
745 572 917 634 pascua
940 570 1143 617 verfibus
1168 570 1281 626 edit,

194 652 260 699 Et
281 651 401 698 ruris
422 652 589 707 cultus,
607 662 653 696 et
678 650 876 712 Phrygis
901 666 1031 696 arma
1057 652 1161 698 viri.

430 806 986 853 POMPEIANUS
1043 805 1135 852 III.

126 898 228 967 Qi
249 898 467 963 pecudes,
490 899 572 960 qui
597 915 702 944 rura
726 897 868 953 canit,
892 897 972 960 qui
996 897 1161 960 praelia
1183 910 1326 956 vates,

192 986 250 1033 In
277 983 490 1032 Calabris
517 982 722 1028 moriens
747 981 834 1028 hac
860 980 1110 1043 requiescit
1132 980 1297 1028 humo.

417 1116 990 1169 MAXIMIANUS
1047 1121 1137 1166 IV.

126 1223 432 1274 ‘Carminibus
455 1221 674 1285 pecudes,
692 1232 739 1265 et
762 1235 854 1275 rus,
878 1229 924 1264 et
946 1217 1069 1264 bella
1093 1217 1309 1267 canendo

193 1308 386 1354 Nomen
410 1303 727 1352 inextinftum
751 1299 980 1364 VIrgili-us
1005 1300 1195 1347 meruit.

530 1450 904 1496 VITALIS
974 1449 1037 1495 V.

133 1553 334 1600 Mantua
349 1550 416 1599 mi
433 1552 587 1614 patria
596 1550 682 1598 est:
700 1564 872 1596 nomen
890 1547 1055 1594 Maro:
1075 1548 1284 1596 carmina
1294 1550 1441 1600 fibrae,

197 1640 420 1700 Ruraque
442 1651 554 1683 cum
577 1634 711 1681 bellis
730 1651 740 1680 :
776 1632 1072 1694 Parthenope
1094 1632 1319 1682 tumulus.

495 1786 902 1854 BASILIUS
958 1786 1048 1832 VI.

133 1906 233 1972 Qi
256 1904 405 1959 silvas,
428 1912 475 1947 et
496 1915 648 1962 agrOS,
672 1910 717 1944 et
735 1897 899 1960 praelia
917 1895 1121 1943 verfibus
1138 1910 1290 1953 ornat,

198 1993 335 2041 Mole
355 1989 439 2037 sub
456 1988 541 2035 hac
567 1987 677 2033 fitus
694 1987 758 2033 est
782 2002 892 2034 ecce
912 1984 1056 2048 po'e'ta
1078 1984 1236 2032 Maro.

522 2143 927 2195 ASMENUS
980 2142 1099 2188 VII.

134 2254 381 2305 Pastorum
402 2260 530 2295 vates
554 2262 643 2310 ego
667 2242 798 2290 sum:
832 2242 911 2290 cui
935 2257 1040 2287 rura
1063 2236 1298 2300 ducesque

201 2334 425 2383 Carmina
446 2331 569 2379 sunt.
636 2326 736 2375 Hic
756 2341 832 2373 me
846 2323 1002 2388 preffit
1025 2321 1190 2370 acerba
1213 2319 1365 2383 quie&

464 2473 894 2527 VOMANUS
954 2469 1106 2517 VIII.

136 2595 183 2645 A
207 2593 332 2640 filvis
353 2589 412 2637 ad
434 2603 583 2652 agros,
606 2585 665 2632 ab
687 2583 809 2647 agris
833 2579 893 2629 ad
913 2577 1081 2644 praelia
1103 2575 1232 2623 venit

202 2677 344 2728 Musa
366 2674 599 2723 Maroneo
621 2667 794 2717 nobilis
817 2665 1026 2733 ingenio.

935 2838 1445 2893 EUPHORBUS
