1821 3381
532 254 649 301 AD
712 249 1083 299 LIBRUM
1139 248 1226 296 IV.
1439 249 1527 310 565

274 391 328 428 At
347 390 460 428 Maro
479 388 686 428 obscuravit
706 396 957 425 commentum
984 383 1074 421 illud
1101 383 1288 434 poeticum
1312 380 1448 419 inflexa
1479 393 1535 418 re-

221 474 302 498 rum
320 461 452 511 specie,
471 461 557 498 dum
584 459 694 498 Penei
716 457 875 496 fluminis
898 457 1039 506 regiam
1058 454 1103 491 ad
1124 453 1280 490 eundem
1301 452 1453 490 modum
1472 452 1536 489 ad-

222 529 423 572 umbravit,
451 543 525 580 quo
545 527 689 566 Oceani
718 528 776 564 vel
796 524 928 567 Nerei,
958 534 1019 561 aut
1047 524 1142 561 forte
1170 522 1342 564 Acheloi,
1371 520 1536 559 amnium

221 602 469 654 antiquissimi,
497 600 650 638 describi
669 598 850 650 potuisset.
905 597 1006 634 Nam
1035 609 1102 646 per
1131 595 1165 632 se
1191 593 1353 632 Flumini
1380 592 1451 630 deo
1469 592 1536 630 do·

223 687 302 710 mus
321 673 381 710 seu
397 671 503 722 regia
524 671 619 707 reete
635 668 862 706 tribuebatur
878 681 886 703 :
917 676 953 703 et
969 665 1006 702 in
1021 665 1098 716 ipso
1117 665 1242 701 Peneo
1262 663 1330 699 hoc
1347 675 1392 699 ex
1407 663 1538 712 poeta-

224 751 304 774 rum
326 737 386 775 usu
406 736 622 785 exsequutus
638 734 685 770 est
705 732 820 770 Ovid.
850 733 947 768 Met.
965 733 999 774 Ι,
1030 731 1102 782 568
1119 731 1171 780 sq.
1192 745 1200 766 z
1230 730 1289 780 Est
1315 744 1424 766 nemus
1453 731 1540 766 Ηφ-

224 809 346 842 moniae
378 804 593 842 &ee—Han·
622 804 746 843 domus,
777 801 850 836 hac
866 801 978 848 fides,
1008 797 1082 834 hac
1100 799 1184 847 fimt
1207 797 1399 849 penetralia
1427 802 1542 848 magni

226 877 373 920 Amni53
412 879 446 912 in
464 875 521 912 hoc
539 875 691 925 refidens,
705 877 810 922 saffo
827 872 866 907 de
885 869 1036 906 cautibus
1057 880 1170 912 antro,
1202 868 1310 906 Undis
1319 871 1413 920 jura
1433 869 1545 907 dabat

223 948 446 997 AJ’thstllae
459 944 631 983 calentibus
649 946 770 981 undas.
825 942 1039 979 Con-veniunt
1050 941 1119 979 illic
1130 941 1308 992 popularia
1310 943 1460 991 flumina
1466 948 1544 994 pri-

224 1031 324 1058 mvm,
352 1017 439 1052 Ion
454 1031 564 1052 amnes
583 1014 663 1051 alii.

277 1086 333 1123 Ut
352 1085 398 1122 ad
426 1094 567 1122 certam
594 1083 756 1134 aliquam
778 1094 899 1119 rerum
923 1081 1095 1133 speciem,
1124 1095 1204 1132 quae
1236 1081 1383 1132 quidem
1411 1081 1544 1120 animis

229 1154 357 1194 nostris
376 1154 569 1192 informari
587 1155 707 1204 possit,
733 1154 812 1196 haec
833 1166 1030 1197 revocem3
1071 1166 1116 1190 ex
1147 1163 1226 1191 toto
1245 1153 1336 1190 mihi
1366 1153 1451 1191 loco
1470 1153 1544 1191 haec

228 1225 398 1263 constitui
429 1226 527 1276 poss‘e
548 1224 743 1262 videntur:
773 1225 819 1261 In
844 1220 976 1261 eadem
1010 1224 1183 1260 Caverna
1212 1224 1337 1275 specus
1365 1225 1428 1267 est,
1467 1239 1545 1275 quae

227 1308 296 1345 pro
315 1294 431 1337 fonte,
461 1292 626 1344 adeoque
658 1305 726 1344 pro
746 1291 849 1343 regia
875 1291 1002 1334 Penei,
1032 1292 1098 1336 fit;
1141 1301 1230 1342 puta
1263 1293 1332 1330 effe
1365 1306 1544 1344 magnum

229 1364 375 1415 aliquod
390 1364 532 1414 specus,
561 1364 668 1414 quale
688 1364 777 1400 illud
803 1364 1064 1413 Nympharum
1084 1363 1122 1400 in
1155 1363 1256 1401 aditu
1278 1364 1415 1401 Ithacae
1448 1366 1545 1413 apud

227 1434 452 1471 Homerum.
506 1432 643 1481 Specus
661 1433 732 1468 hoc
752 1444 819 1481 pro
839 1431 986 1468 {halama
1007 1432 1189 1480 Cyrenes,
1218 1444 1296 1480 quae
1328 1430 1441 1470 Penei
1466 1444 1546 1469 erat

229 1502 330 1547 filia;
356 1488 506 1539 thalami
516 1504 698 1552 pendentia
707 1504 835 1551 pumice
851 1507 941 1538 tec‘Ja
957 1514 992 1537 v.
1017 1514 1116 1551 374:
1160 1500 1302 1550 reliqua
1332 1514 1353 1537 e
1383 1501 1462 1539 vita
1481 1503 1548 1539 he-

229 1586 335 1611 roum
353 1585 395 1610 ac
415 1573 566 1613 deorum
585 1573 664 1610 sunt
693 1572 829 1623 petita:
874 1571 1022 1608 assident
1036 1571 1069 1608 ei
1090 1571 1276 1622 Nymphae
1295 1584 1385 1621 opus
1406 1573 1543 1611 facien-

229 1654 284 1682 tes
306 1658 324 1693 3
332 1657 381 1695 34
399 1643 467 1694 sq„
495 1643 642 1681 assident
658 1646 784 1680 vitreis
798 1642 963 1691 sbdilibus
985 1657 1002 1693 3
1011 1655 1074 1694 30.
1130 1642 1307 1679 Adventu
1330 1643 1424 1680 ἷειξὶο
1446 1645 1548 1682 Aris-

230 1727 319 1754 taeus
349 1716 507 1768 hospitio
540 1727 716 1767 exceptus
751 1718 897 1754 lavatur
923 1727 960 1753 et
992 1715 1112 1753 mensa
1141 1716 1305 1766 apposita
1334 1727 1546 1755 recreatur:

234 1787 450 1838 376—379.
481 1786 542 1824 Fit
560 1785 703 1829 libatio,
719 1796 756 1824 et
775 1786 923 1837 quidem
937 1785 974 1822 in
993 1784 1108 1836 patris
1128 1785 1272 1822 Oceani
1291 1794 1327 1822 et
1347 1786 1548 1837 Nympha-

231 1870 311 1895 rum
328 1857 521 1899 honorem,
549 1854 718 1906 precibus
738 1855 865 1893 fac'tis:
898 1857 1117 1905 379—383.
1174 1855 1278 1891 Inter
1310 1855 1387 1892 haec
1414 1866 1548 1900 mater,

231 1939 343 1977 quam
357 1939 403 1963 ex
417 1925 482 1963 filii
499 1924 679 1976 questibus
697 1923 946 1962 calamitatem
967 1923 1128 1961 didicisse
1155 1933 1192 1960 et
1220 1922 1266 1961 de
1292 1924 1457 1963 remedio
1475 1926 1550 1964 for-

235 2005 330 2033 tunae
362 1993 534 2045 cogitass‘e
565 2001 670 2042 puta,
696 2003 742 2029 ex
775 1992 938 2034 flamma,
965 1990 1081 2029 libato
1110 1991 1199 2028 vino
1227 1990 1425 2035 emicante,
1452 1992 1552 2031 bono

234 2065 360 2105 omine
376 2073 487 2116 capto
502 2064 621 2101 erecta
637 2077 676 2101 v.
695 2060 916 2113 384—386,
945 2059 1059 2097 filium
1081 2059 1127 2097 ad
1155 2060 1326 2098 Proteum
1353 2060 1553 2113 degentem

235 2144 315 2174 tum
341 2134 390 2172 ad
417 2132 600 2176 Pallenes,
627 2130 823 2169 Theffaliae
853 2127 1060 2180 peninsulae,
1087 2128 1227 2171 littora,
1255 2129 1421 2181 ablegat,
1449 2140 1488 2168 ut
1507 2143 1554 2169 ex

235 2218 282 2243 eo
293 2203 443 2242 modurn
458 2201 747 2254 reparandorum
760 2199 972 2239 examinum
987 2199 1213 2249 comperiat:
1246 2202 1319 2249 387
1335 2199 1416 2250 sqq.
1462 2200 1553 2238 Per-

238 2273 386 2312 venitur
399 2273 446 2310 ad
463 2271 555 2310 illud
576 2270 688 2309 Penei
707 2270 833 2321 specus
850 2267 1019 2306 descensu
1038 2266 1084 2304 ad
1099 2281 1273 2319 magnam
1292 2269 1395 2306 illam
1415 2269 1556 2308 Caver—

237 2357 322 2382 nam
342 2342 452 2384 facto,
479 2339 625 2391 qualem
653 2338 858 2376 descensum
883 2337 1047 2389 praebere
1066 2336 1162 2374 adeo
1187 2338 1327 2375 necesse
1356 2339 1406 2376 est
1429 2350 1555 2376 omnes

239 2413 435 2454 fluviorum
453 2411 570 2449 fontes
589 2423 635 2448 ex
655 2409 830 2460 specubus
852 2408 1004 2459 prodire
1022 2407 1159 2445 solitos.
1213 2408 1348 2457 Itaque
1383 2417 1422 2445 et
1454 2408 1556 2445 Aris-

240 2499 327 2525 taeus
346 2497 431 2523 cum
453 2490 610 2520 matrem
631 2480 804 2530 Cyrenen
836 2477 941 2516 adire
966 2477 1094 2520 vellet,
1121 2476 1170 2514 ad
1190 2475 1333 2514 fontem
1354 2475 1465 2513 Penei
1493 2488 1556 2513 ac-

243 2555 342 2593 ceffit
358 2567 367 2591 :
391 2540 393 2542 Ι
411 2550 532 2602 Trzstis
551 2552 602 2588 ad
615 2552 755 2587 extremi
770 2550 909 2598 filtrum
929 2558 1027 2599 caput
1047 2548 1183 2598 adstitit
1202 2550 1323 2584 amnis.
1379 2545 1465 2588 Illa,
1493 2544 1559 2582 etsi

240 2624 417 2664 interiora
431 2633 549 2664 terrae,
577 2620 724 2671 specum
749 2631 791 2656 ae
823 2628 966 2669 partem
982 2632 1128 2669 magnae
1146 2617 1243 2655 istius
1260 2617 1455 2660 Cavernae,
1484 2629 1559 2667 quo

243 2697 325 2734 loco
359 2692 471 2731 Penei
493 2690 607 2741 patris
638 2701 715 2727 erat
752 2689 895 2731 domus,
931 2688 1176 2729 inhabitabat,
1205 2687 1301 2724 reete
1337 2695 1459 2722 tamen
1492 2684 1555 2723 sub

243 2761 345 2803 fonte
357 2762 470 2801 Penei
483 2761 619 2813 degere
634 2759 708 2797 dici
722 2768 870 2811 peterat
883 2774 895 2804 3
923 2775 998 2809 qua⁷
1007 2762 1158 2808 gurgitis
1170 2744 1269 2809 hzgjuir
1278 2757 1355 2793 Ima
1373 2766 1462 2793 tenes
1475 2768 1485 2797 ;
1505 2766 1557 2796 et,

244 2845 353 2872 mater
370 2834 516 2883 finitum
545 2830 695 2869 thalamo
714 2828 782 2880 sub
801 2830 959 2876 fluminis
991 2827 1057 2866 alti
1085 2828 1202 2866 Seme.
1256 2826 1358 2864 Tum
1376 2833 1454 2859 ante
1471 2820 1561 2858 alias

1386 2890 1556 2937 Arcthzgsh
