1821 3381
368 289 455 350 158

560 287 610 334 P.
649 281 1027 333 VIRGILII
1094 277 1477 327 MARONIS

367 419 644 485 Spargeret?
669 432 749 466 aut
770 417 912 463 viridi
937 415 1079 461 fontis
1105 413 1347 459 induceret
1369 408 1572 457 umbra?
1614 422 1676 455 20

369 515 455 560 Vel
482 530 589 576 quae
615 511 796 573 sublegi
821 509 988 555 tacitus
1011 507 1100 553 tibi
1121 505 1331 552 carmina
1354 518 1518 566 nuper,

366 609 534 672 Qum
556 619 602 652 te
625 603 683 650 ad
707 601 899 648 delicias
925 598 1079 654 ferres,
1103 597 1413 659 Amaryllida,
1435 594 1642 642 nostras?

370 698 547 757 Tityre,
579 694 697 740 dum
719 692 875 747 redeo,
907 690 1060 736 brevis
1084 688 1149 734 est
1171 687 1262 743 via,
1285 683 1422 747 pasce
1445 685 1674 747 capellas3

369 790 432 835 Et
457 799 626 850 potum
651 784 798 848 pastas
822 797 923 845 age,
957 780 1152 841 Tityre;
1189 790 1234 824 et
1257 777 1381 824 inter
1404 775 1643 838 agendum

367 877 626 926 Occursare
649 891 809 939 capro,
842 889 989 920 cornu
1012 871 1122 918 ferit
1140 870 1233 927 ille,
1267 880 1449 916 caveto.
1615 878 1640 911 2
1647 876 1671 927 5
1695 862 1714 888 ⁵

922 955 1122 1012 MOERIS.

370 1067 530 1113 Immo
553 1063 675 1118 haee,
703 1076 812 1123 quae
837 1059 962 1104 Varo
985 1072 1070 1103 nec
1095 1021 1214 1102 dum
1235 1052 1442 1118 perfecta
1463 1050 1675 1099 canebat.

371 1158 509 1211 Vare,
542 1166 679 1199 tuum
701 1165 875 1196 nomen
904 1147 1111 1210 (superet
1136 1147 1281 1194 modo
1301 1147 1501 1193 Mantua
1525 1143 1679 1199 nobis,

373 1246 574 1292 Mantua
594 1258 666 1288 vae
692 1240 872 1288 miserae
895 1239 1102 1284 nimium
1127 1239 1283 1284 vicina
1309 1238 1559 1284 Cremonae
1575 1233 1611 1291 l)

375 1337 627 1384 Cantantes
653 1332 855 1379 sublime
880 1330 1029 1376 ferent
1051 1329 1111 1374 ad
1134 1327 1280 1374 sidera
1299 1327 1452 1390 cycni.

418 1482 470 1505 20.
492 1479 588 1503 montes
600 1473 655 1502 ind.
665 1467 783 1501 Moreti
796 1470 934 1510 Fragm.‚
945 1467 1042 1498 etiam
1054 1465 1220 1497 malavid.
1236 1466 1279 1497 ib.
1292 1476 1324 1496 v.
1334 1474 1386 1503 40.
1396 1465 1436 1496 cf.
1451 1461 1680 1496 ib.Var.Le6t.

462 1533 513 1556 21.
528 1525 609 1554 IVam
620 1534 677 1563 quae
693 1521 818 1551 Nonius
828 1520 861 1550 in
871 1521 964 1561 legere.

1056 1527 1106 1556 25.
1122 1524 1202 1559 capre
1214 1517 1336 1549 Medic.
1350 1527 1368 1547 a
1378 1527 1422 1547 mi
1433 1527 1480 1558 pr.

1524 1522 1603 1546 co'rnu
1612 1516 1694 1556 peti?

374 1575 533 1605 Rottend.
550 1574 608 1604 sec.
635 1579 667 1603 et
694 1571 779 1602 Gud.
802 1581 861 1612 pro
884 1581 951 1600 vat.
978 1569 1068 1607 lect„
1094 1568 1253 1609 frequenti
1271 1567 1461 1598 variatione.
1485 1567 1550 1598 vid.
1569 1567 1683 1596 Burm-

375 1627 407 1657 h.
425 1626 445 1656 l.
464 1634 496 1656 et
512 1625 552 1655 ad
567 1624 624 1654 Ecl
650 1625 704 1661 111,
720 1622 772 1661 87.
808 1624 888 1663 feret
904 1620 1027 1651 Medic.
1043 1631 1061 1651 a
1072 1630 1115 1650 m.
1129 1629 1176 1661 pr.

376 1688 394 1708 a
409 1688 455 1707 m.
472 1687 521 1718 pr.
531 1682 633 1716 terque.
680 1676 792 1704 nondum
808 1671 953 1703 nonnulli
966 1682 1016 1713 ap.
1026 1671 1171 1709 Pier.,it.
1183 1670 1325 1702 ed.Ven.
1368 1671 1496 1700 canebant
1512 1669 1596 1701 Gud.

1267 1619 1318 1651 26.
1335 1620 1398 1649 Pro
1410 1620 1474 1655 haec,
1491 1631 1547 1659 quae
1559 1617 1682 1648 Medic.

377 1738 429 1767 27.
441 1730 573 1770 fitperent
600 1726 738 1763 Medic„
763 1723 867 1755 deleto
893 1726 1013 1765 cupiant,
1039 1722 1125 1763 quod
1150 1730 1225 1753 ante
1248 1721 1457 1764 perscriptum
1482 1728 1560 1751 erat.
1606 1722 1686 1751 Bare

375 1781 474 1818 idem,
495 1788 526 1810 et
549 1778 709 1820 superiore
735 1776 824 1807 versu
841 1777 931 1813 Baro,
949 1782 982 1806 at
998 1785 1029 1805 v.
1045 1784 1085 1813 35
1106 1775 1194 1805 Varo.

1284 1782 1340 1816 29.
1366 1773 1510 1803 candentes
1526 1772 1610 1815 conj.
1629 1774 1683 1814 Jo-

376 1831 555 1869 Schrader.,
569 1829 741 1871 ingeniose.
777 1831 881 1869 serant
897 1827 982 1858 Gud.
999 1825 1101 1857 Goth.
1119 1835 1167 1868 pr.

431 1942 999 1998 20.spargeret—induceret,dicia

377 1999 527 2052 poetico
563 1996 744 2040 acumine,
783 1996 882 2045 quod
918 1994 996 2031 Ecl.

379 2053 452 2096 VI,
479 2052 542 2088 62.
563 2049 609 2097 63
630 2047 800 2091 vidimus,
827 2046 864 2083 h.
893 2057 997 2082 cane-

378 2114 448 2148 ret,
484 2112 524 2140 ut
553 2100 858 2150 sparguntur—ut
892 2097 998 2134 indu-

379 2164 535 2198 cuntur3
562 2160 623 2189 aut
654 2161 693 2187 ut
711 2150 826 2200 sparsa
852 2148 1000 2186 floribus

378 2209 426 2244 est
452 2215 558 2247 terra,
587 2211 696 2252 utque
711 2203 829 2239 fontes
860 2200 998 2237 arbori-

379 2255 449 2296 bus
464 2253 635 2294 umbrofis
647 2253 774 2290 consiti
788 2253 881 2290 sunt.
927 2251 1000 2289 Re-

378 2307 485 2361 spicit
498 2318 616 2345 autem
632 2304 805 2354 Eclogam
823 2304 1002 2354 quintam,

379 2359 546 2412 inprimis
575 2373 610 2394 v.
645 2370 693 2394 20
721 2366 757 2392 et
781 2369 831 2405 40
849 2356 1004 2406 Spargite

379 2413 512 2450 humum
534 2409 651 2461 folii53
691 2409 830 2445 inducite
847 2407 1003 2457 fontibus

379 2464 527 2503 umbras.
581 2461 784 2509 Utrumque
800 2471 884 2495 vero
911 2457 1002 2502 dici,

379 2525 430 2560 et,
445 2513 602 2566 fontibus
624 2512 772 2549 inducere
801 2510 949 2552 umbras,
967 2519 1003 2546 et

369 2572 486 2619 fontes
528 2567 677 2602 inducere
718 2562 855 2606 umbris,
897 2561 1004 2598 docet

381 2620 508 2656 Burm.
527 2616 574 2653 ad
590 2616 627 2654 h.
640 2616 665 2652 l.

438 2685 457 2708 2
468 2684 497 2707 1.
518 2668 580 2704 Vel
593 2683 669 2718 quae
685 2665 735 2703 sc.
749 2665 830 2716 quis
846 2673 1002 2707 caneret,

380 2721 461 2773 quis
479 2718 657 2757 ceciniffet
673 2719 730 2754 vel
748 2730 804 2758 ea,
830 2726 909 2766 quae
938 2729 1003 2752 nu-

381 2786 460 2824 per,
505 2782 540 2808 te
582 2785 655 2808 non
697 2767 881 2809 sentiente,
921 2780 1003 2804 cum

382 2837 539 2866 caneres,
564 2836 610 2860 ex
634 2832 669 2859 te
687 2818 866 2863 addidici,
892 2831 1003 2868 quan-

382 2878 431 2914 do
448 2875 494 2913 ad
512 2871 779 2925 Amaryllidem
798 2880 831 2907 te
843 2870 1003 2908 confere-

1063 1941 1138 1979 bas.
1182 1940 1282 1978 Tum
1298 1939 1488 1990 subjicitur
1505 1939 1565 1976 vff.
1585 1952 1685 1987 235-

1066 2008 1086 2032 2
1139 1992 1246 2030 breve
1261 2005 1406 2029 carmen
1432 2005 1476 2029 ex
1495 1991 1687 2029 Theocrit.

1064 2008 1137 2090 Ifl,
1167 2058 1263 2095 3—5
1283 2044 1329 2081 ad
1359 2042 1505 2080 verbum
1535 2055 1687 2079 conver-

1065 2095 1155 2133 sum.
1209 2096 1409 2146 Comparat
1443 2094 1506 2132 ista
1535 2093 1629 2130 inter
1651 2093 1686 2130 se

1065 2147 1227 2197 Scaliger
1255 2148 1355 2185 Po'et.
1387 2145 1439 2190 V,
1468 2160 1487 2196 ς
1521 2158 1593 2196 pr„
1625 2145 1688 2182 secl

1064 2199 1128 2236 suo
1161 2212 1273 2236 more.
1308 2196 1408 2234 Add.
1430 2197 1531 2234 Gell.
1549 2196 1625 2240 IX,
1643 2209 1682 2247 9.

1065 2264 1127 2289 22.
1149 2249 1379 2301 Amaryllida,
1396 2249 1528 2287 delicias
1539 2251 1659 2298 nostras
1671 2261 1686 2285 .·

1063 2311 1125 2340 aut
1146 2314 1375 2339 communem
1393 2298 1577 2349 utriusque
1595 2299 1689 2336 ami-

1064 2367 1145 2392 cam
1179 2353 1299 2390 dicere
1338 2351 1471 2395 voluit,
1514 2360 1576 2388 aut
1604 2363 1686 2401 pro,

1066 2417 1181 2443 meam
1199 2405 1367 2441 amicam.
1410 2404 1498 2440 Hoc
1516 2401 1597 2440 sane
1611 2415 1688 2439 ma-

1065 2457 1122 2509 gis
1148 2455 1436 2499 consentaneum,
1460 2453 1689 2505 quandoqui-

1067 2510 1149 2546 dem
1181 2507 1311 2545 Moeris
1331 2509 1408 2557 jam
1435 2502 1534 2544 senio
1555 2505 1688 2544 frastus

1067 2561 1114 2597 est
1131 2573 1167 2598 v.
1189 2573 1252 2611 51·

1121 2624 1287 2662 27—29.
1325 2609 1442 2647 Aliud
1472 2609 1579 2646 breve
1611 2619 1689 2645 cat-

1069 2677 1164 2701 men.
1219 2664 1296 2698 Aut
1322 2662 1402 2710 quis
1428 2662 1504 2698 haec
1531 2669 1690 2704 caneret,

1069 2728 1146 2766 quae
1173 2723 1242 2752 etc.
1315 2714 1416 2758 Vare,
1458 2724 1549 2750 tuum
1576 2727 1689 2749 nomen

1067 2775 1237 2804 cantantes
1253 2769 1288 2814 s.
1313 2767 1505 2815 —superet
1539 2764 1689 2801 modo—

1070 2818 1196 2854 Nexus
1209 2816 1458 2854 sententiarum
1472 2817 1537 2853 effe
1547 2814 1692 2852 videtur

1067 2869 1128 2906 hic
1144 2883 1153 2906 :
1183 2867 1222 2905 Si
1238 2867 1347 2905 modo
1365 2867 1518 2905 Mantua
1535 2866 1581 2905 ab
1598 2865 1691 2903 inte-

1619 2926 1694 2955 ritu
