1821 3381
371 283 433 329 60

536 283 587 326 P.
646 277 1038 326 VIRGILII
1109 280 1521 331 MARONIS

370 411 580 458 Diffusus
605 411 743 457 edera
768 409 901 455 vestit
926 410 1129 471 pallente
1151 411 1424 472 corymbos,

368 502 424 550 In
441 500 598 547 medio
612 498 707 545 duo
721 497 872 561 signa:
897 499 1080 556 Conon,
1106 512 1164 555 et,
1185 500 1289 563 quis
1315 499 1403 547 fuit
1422 502 1553 560 alter,
1619 519 1683 564 40

368 589 627 652 Descripfit
650 587 780 634 radio
804 600 960 635 totum
984 588 1065 650 qui
1090 589 1315 651 gentibus
1338 590 1534 646 orbem;

369 682 614 743 Tempora
633 694 742 741 quae
765 677 950 735 meffor,
974 694 1080 740 quae
1105 695 1274 726 curvus
1290 692 1442 727 arator
1459 681 1681 732 haberet?

411 824 464 856 39.
481 813 596 856 palante
615 809 769 841 Rottend.
793 809 852 840 sec.
877 816 908 840 ct
929 819 982 850 qu.
999 810 1136 847 Moret„
1151 817 1186 841 ut
1211 810 1278 842 Ecl.
1295 812 1335 850 II,
1356 821 1551 852 47.--42.
1572 815 1681 846 haberet

883 868 980 892 arator
991 862 1054 893 duo
1070 863 1181 893 Burni.
1707 870 1712 874 ‘

367 970 540 1021 imagines
578 965 743 1004 Cononis
784 974 818 1001 et
868 964 986 1002 Arati.
1037 957 1134 1003 *eum
1178 965 1302 1003 florem
1344 965 1548 1016 implicant.

368 1022 469 1060 Nam
486 1027 590 1058 vifem
620 1020 665 1055 de
683 1018 821 1054 hedera:
839 1016 990 1061 vimine,

367 1074 519 1111 viticula
537 1070 734 1122 appellatur
748 1068 893 1118 quidem
920 1067 992 1105 Pli-

367 1126 446 1169 nio,
473 1137 555 1162 curn
591 1122 652 1158 W.
690 1120 844 1157 Clarkio
878 1120 992 1167 (Con-

366 1183 486 1214 nexion
519 1179 563 1226 of
591 1174 731 1215 Roman,
774 1173 887 1209 Saxon
927 1172 1001 1208 [md

368 1228 507 1280 Englfh
528 1228 643 1267 Coim,
663 1237 745 1276 pag.
777 1226 865 1271 224)
897 1223 992 1259 acci-

368 1294 450 1331 pere
478 1292 549 1315 non
577 1277 686 1314 licet:
717 1276 767 1311 ita
795 1274 914 1310 vimen
933 1274 993 1310 he-

366 1333 474 1373 dei-ar,
492 1330 652 1379 adeoque
669 1327 797 1364 hedera
812 1325 994 1369 hederam,

368 1383 506 1421 ambire
524 1381 715 1417 diceretur.
769 1377 858 1414 Erat
885 1375 994 1413 iuliis

368 1446 449 1472 ante
461 1434 585 1470 oculos
600 1429 748 1466 Maroni
764 1428 993 1465 locusTheo-

369 1487 449 1524 criti
470 1485 502 1528 I,
534 1496 578 1532 29
600 1482 673 1532 sqq.
706 1493 811 1529 quem
842 1479 878 1516 h.
903 1480 926 1515 l.
949 1478 992 1515 il-

368 1539 551 1575 lustratum
571 1534 683 1570 daho:
705 1531 761 1567 Ibi
779 1530 817 1567 in
834 1530 994 1579 cffiybu,

369 1589 466 1638 quod
483 1588 595 1636 majus
603 1598 662 1621 vas
674 1581 994 1632 eratpastoritium‚

369 1639 554 1690 superficie
572 1646 640 1673 tres
661 1635 741 1671 sunt
771 1646 876 1670 areae:
906 1646 993 1682 qua-

372 1705 449 1729 rum
467 1690 582 1740 prima
602 1686 786 1724 mulierem
816 1684 993 1721 sedentem

367 1745 461 1782 inter
494 1742 568 1778 duo
599 1748 773 1775 amatores
803 1749 885 1773 cum
920 1735 995 1785 ipsa

369 1793 542 1833 amatorie
555 1790 813 1841 expostulantes
830 1786 993 1830 exhibet,

369 1848 408 1884 in
444 1847 552 1882 altera
591 1842 746 1892 piscator
781 1848 854 1877 rete
884 1839 994 1876 trahit

370 1898 477 1941 mari,
504 1896 542 1933 in
574 1893 679 1931 tertia
705 1892 810 1928 vinea
836 1891 881 1927 est
909 1903 992 1927 cum

369 1963 479 2000 puero
505 1945 660 1985 custode.
714 1943 853 1979 Totum
882 1954 993 1992 pocu-

368 2004 445 2040 lum
477 1998 591 2036 ambit
632 1996 801 2032 acanthus
844 1992 994 2030 flexibus

367 2053 463 2091 suis:
492 2052 537 2088 ad
555 2050 728 2086 summam
747 2059 845 2083 oram
864 2044 995 2081 hedera

368 2116 405 2142 et
438 2100 658 2149 helichrysus
693 2098 774 2134 sunt
807 2095 993 2146 implicitae

370 2156 463 2193 inter
482 2155 514 2191 se
534 2151 667 2190 mutuis
683 2148 833 2186 net-:ibus
851 2162 859 2185 :
878 2161 922 2185 ex
938 2147 993 2184 his

367 2207 529 2257 expressit
564 2204 626 2240 illa
660 2202 789 2244 Μᾶγος
830 2205 883 2237 TC)
920 2201 996 2248 ’πεξί

368 2264 426 2306 μὲν
449 2260 547 2308 χείλη
561 2256 725 2303 μαξύετκι
742 2252 846 2296 ὑψόθι
865 2253 992 2295 κισσὸς,

367 2311 473 2349 ambit
489 2324 578 2347 oram
604 2306 698 2354 vafis
723 2305 858 2348 hedera,
881 2305 994 2341 κισσὸς

368 2364 535 2412 ἔλιχξὺσω
562 2360 790 2403 κεκονιαμένος,
816 2357 902 2393 flore
934 2355 993 2391 he-

367 2404 526 2462 lichryso
545 2412 604 2459 (de
620 2422 691 2459 quo
714 2408 898 2458 quomodo
926 2407 992 2442 du-

367 2468 484 2505 bitare
517 2463 671 2514 possunt,
699 2459 762 2509 qui
797 2458 907 2507 Idyll.
940 2457 992 2499 II,

367 2523 415 2571 78
438 2514 635 2566 legerant?)
673 2515 807 2562 vestita,
834 2509 993 2560 implici-

366 2581 417 2609 ta.
447 2571 470 2607 οἱ
491 2569 522 2606 δὲ
545 2568 616 2611 ἕλιξ
639 2566 858 2610 ἀγαλλομένκ
878 2566 994 2610 καξπῷ

368 2626 527 2673 κξοκόεντι
547 2619 682 2656 εἱλεῖται
705 2616 784 2652 κατ’
803 2615 915 2656 αὐτὸν,
931 2613 991 2648 he-

368 2677 462 2712 derae
493 2681 610 2709 autem
642 2665 828 2709 racemuli‚
855 2663 997 2715 corymbi

365 2726 479 2776 d'ffi‘st
493 2724 628 2763 hedera,
655 2719 773 2756 fruetu
792 2729 920 2753 croceo
936 2715 993 2752 seu

368 2777 489 2815 baccis
520 2772 638 2811 ornati
683 2770 748 2817 (cf.
793 2768 909 2804 Bentl.
946 2767 993 2803 ad

369 2830 502 2866 Horat.
523 2826 590 2875 Ep.
609 2824 641 2867 I,
663 2835 718 2872 19,
740 2823 816 2865 10),
843 2819 993 2856 volvun-

362 2890 423 2920 tur
447 2879 546 2919 circa
575 2875 677 2914 illum
707 2870 995 2923 (helichrysum),

1625 967 1682 1005 Ita

1054 1017 1129 1054 fere
1158 1030 1213 1067 ap.
1251 1016 1456 1055 Nemefian.
1492 1017 1574 1056 Ecl.
1607 1018 1682 1063 III,

1061 1071 1121 1107 18.
1154 1081 1196 1118 19
1214 1072 1413 1118 viteaserta
1436 1068 1611 1119 plicantur
1634 1086 1683 1108 co-

1057 1120 1191 1170 (ymbis.
1256 1120 1321 1158 Cf.
1354 1120 1486 1158 sertum
1521 1121 1683 1159 Theocr-

1058 1171 1131 1216 ΠΙ,
1159 1184 1219 1208 22.
1244 1185 1304 1222 23.

1110 1236 1174 1272 40.
1202 1224 1247 1260 In
1265 1225 1364 1260 medio
1389 1224 1449 1260 duo
1453 1224 1559 1275 signa
1575 1237 1587 1259 :
1617 1224 1683 1261 Co-

1057 1290 1131 1312 non.
1219 1274 1300 1311 Fuit
1353 1275 1486 1312 Conon
1529 1273 1683 1311 celeber-

1057 1326 1168 1363 rimus
1195 1326 1467 1363 mathematicus
1500 1334 1536 1362 et
1570 1327 1679 1363 astro-

1058 1390 1199 1421 nomus,
1212 1377 1275 1427 qui
1292 1377 1391 1415 circa
1402 1376 1584 1414 Ptolemaei
1600 1377 1683 1415 Phi-

1056 1428 1214 1478 ladelphi
1248 1438 1409 1479 tempora
1441 1428 1550 1472 vixit,
1582 1429 1684 1478 cujus

1059 1479 1298 1516 Archimedes
1345 1479 1553 1530 aliquotieS,
1593 1490 1698 1528 tam--

1057 1544 1164 1579 quam
1184 1531 1248 1567 fibi
1265 1530 1468 1568 amicissimi
1492 1540 1528 1567 et
1551 1530 1682 1569 doetis-

1057 1582 1133 1618 fimi
1165 1582 1336 1626 hominis,
1370 1592 1407 1619 et
1439 1582 1607 1620 Catullus
1643 1584 1684 1620 de

1056 1649 1145 1670 coma
1163 1636 1282 1672 Beren.
1296 1649 1331 1670 v.
1350 1647 1370 1684 7
1392 1647 1436 1671 ex
1452 1633 1684 1673 Callimacho

1055 1685 1275 1723 mentionem
1299 1685 1400 1723 fecit.
1427 1686 1475 1723 cf.
1502 1685 1615 1724 Mart.
1645 1686 1682 1724 h.

1056 1736 1081 1774 l.
1137 1744 1207 1788 qm’s
1227 1742 1304 1787 fm'l
1337 1737 1520 1774 alter—de
1549 1737 1683 1775 celebri

1057 1789 1257 1826 astronomo
1300 1788 1400 1838 loqui
1435 1802 1516 1825 eum
1551 1790 1684 1826 neceffe

1055 1840 1117 1883 est,
1131 1841 1193 1890 qui
1212 1840 1288 1877 caeli
1310 1840 1447 1890 plagas,
1464 1848 1561 1876 ortus
1579 1854 1685 1878 occa-

1059 1890 1182 1941 susque
1200 1891 1369 1936 siderum,
1387 1901 1422 1928 et
1441 1891 1527 1929 anni
1544 1901 1683 1941 tempo-

1058 1955 1096 1978 ra
1104 1942 1142 1979 in
1157 1943 1399 1994 agricolarum
1413 1943 1515 1980 usum
1526 1942 1683 1994 descrip-

1056 1994 1151 2032 serit.
1207 1995 1269 2031 Ad
1286 1996 1437 2031 Aratum
1449 1995 1556 2044 (male
1564 1993 1684 2032 Ptole·

1059 2059 1163 2082 maeus
1180 2045 1435 2097 interponitur,
1453 2045 1516 2096 qui
1536 2045 1605 2084 CL
1620 2059 1683 2083 an-

1057 2097 1113 2133 nis
1164 2097 1269 2134 serius
1304 2097 1430 2143 vixit),
1470 2097 1681 2141 Eudoxum,

1056 2148 1213 2191 Servius,
1256 2148 1320 2185 alii
1365 2149 1410 2186 ad
1467 2148 1685 2195 Hesiodum,

1057 2200 1387 2245 Anaximandrum,
1409 2200 1682 2245 Archimedem,

1055 2251 1222 2288 referunt.
1292 2251 1372 2299 Jam
1425 2251 1685 2290 Archimedem

1055 2302 1271 2340 familiarem
1299 2303 1469 2340 Cononis
1505 2303 1621 2347 fuisse,
1648 2314 1686 2341 et

1056 2354 1225 2404 sphaeram
1240 2367 1259 2391 e
1274 2354 1365 2391 vitro
1381 2354 1584 2398 confecisse,
1596 2368 1684 2392 con-

1057 2406 1121 2442 stat
1154 2406 1208 2442 vel
1245 2418 1288 2442 ex
1325 2405 1530 2442 Claudiano
1565 2405 1685 2457 epigr.

1058 2459 1123 2496 86.
1142 2471 1177 2493 v.
1199 2456 1251 2493 ibi
1272 2456 1386 2494 Gesn.
1409 2473 1418 2502 ;
1447 2470 1585 2501 verum,
1601 2470 1684 2495 eum

1056 2522 1129 2545 rem
1151 2508 1312 2545 rusticam
1333 2509 1393 2545 sua
1411 2518 1484 2544 arte
1498 2508 1684 2557 adjuvisse,

1057 2559 1237 2597 memoriae
1256 2559 1407 2598 tradidit
1425 2573 1554 2603 nem03
1583 2561 1682 2610 quod

1057 2622 1180 2648 contra
1210 2611 1248 2647 in
1282 2612 1436 2648 Aratum
1481 2611 1593 2654 cadit,
1620 2612 1682 2662 qui

1057 2663 1309 2700 astronomicas
1329 2662 1483 2699 rationes
1506 2663 1552 2699 ad
1581 2662 1683 2700 usum

1057 2714 1297 2764 agricolarum
1331 2713 1520 2756 transtulit,
1564 2714 1684 2762 cujus-

1056 2780 1124 2815 que
1154 2766 1371 2815 phaenomena
1404 2777 1434 2801 ct
1465 2768 1683 2815 prognostica,

1056 2826 1201 2867 propter
1220 2817 1411 2853 utilitatem
1436 2816 1550 2866 magis
1570 2817 1681 2859 sorte,

1056 2882 1163 2919 quam
1183 2880 1326 2921 propt-er
1343 2866 1459 2919 poetae
1476 2867 1684 2917 ingenium,

1447 2918 1678 2958 celeberrima
