1821 3381
373 351 464 401 206
556 348 970 398 PROOEMIUM
1008 350 1080 396 IN
1119 350 1493 400 GEORGICA.

358 545 361 548 ι
421 483 768 531 Sententiarum
792 494 838 527 et
862 494 1208 544 praeceptorum
1225 483 1289 529 rei
1307 484 1491 531 rusticae
1512 485 1558 532 in
1581 486 1672 537 hoc

357 565 568 612 carmine
613 563 1050 625 interpretationem
1110 564 1204 611 fine
1245 565 1474 612 tolerabili
1518 568 1675 632 aliqua

355 647 705 710 agricolationis
730 647 893 707 peritia
918 646 1038 692 reete
1073 648 1152 693 vix
1174 647 1421 694 succedere
1445 649 1574 711 poffe
1599 649 1671 696 fa-

355 731 443 775 cile
474 729 769 792 intelligitur.
839 727 1001 773 Aliam
1038 719 1367 776 difficultatem
1407 730 1519 776 facit
1560 730 1668 786 hoc,

355 809 483 874 quod
501 822 740 873 praecepta
766 808 1044 854 Maroniana
1067 809 1123 854 ad
1148 810 1248 871 agri
1273 811 1461 857 colendi
1486 828 1672 859 morem

355 894 406 938 in
427 892 520 939 alio
542 891 654 947 solo,
681 891 764 937 sub
789 891 880 936 alio
903 891 1038 959 caelo,
1074 891 1120 936 in
1156 891 1244 937 alia
1269 903 1407 938 aetate
1431 892 1670 954 spectant3
1701 891 1707 895 ’

357 990 520 1020 verum
546 971 873 1035 subjunximus
895 971 1179 1033 scriptorum
1207 973 1265 1018 de
1289 989 1334 1019 re
1359 973 1526 1020 rustica
1550 975 1672 1033 loca,

355 1074 379 1103 e
402 1056 575 1120 quibus
600 1053 756 1118 po'e'tae
779 1067 1016 1116 praecepta
1033 1055 1170 1101 unice
1203 1056 1417 1103 illustrari
1436 1071 1673 1120 poterant,

353 1140 571 1202 inprimis
597 1138 836 1193 Varronis,
869 1152 1029 1199 quern,
1064 1138 1109 1184 in
1137 1138 1299 1184 multis
1330 1138 1552 1201 sequutus
1586 1140 1666 1198 est,

355 1236 399 1269 et
426 1221 722 1276 Columellae,
755 1219 838 1283 qui
862 1231 1114 1281 perpetuus
1142 1220 1331 1284 Virgilii
1358 1235 1669 1269 commenta-

357 1317 429 1350 tor
451 1304 530 1360 est,
554 1320 664 1349 cum
692 1302 862 1348 Plinio.
933 1302 996 1347 Et
1022 1302 1311 1348 habebamus
1334 1304 1382 1348 in
1411 1304 1516 1361 boc,
1546 1320 1667 1367 quo-

353 1406 459 1437 rum
481 1404 620 1449 opera
647 1386 740 1432 fere
761 1396 1015 1440 uteremur,
1061 1384 1340 1446 Interpretes
1365 1386 1665 1444 doffiffimos,

353 1472 404 1518 in
443 1468 681 1516 nonnullis
712 1465 956 1512 Guellium
987 1479 1031 1512 et
1069 1466 1310 1522 Ursinum,
1345 1468 1392 1513 in
1430 1467 1664 1531 plerisque

356 1550 559 1597 Cerdam
585 1565 637 1595 ac
675 1546 958 1593 Mai-tinum.
1029 1547 1099 1593 Ut
1137 1559 1294 1593 autem
1321 1547 1561 1610 po'e'ticum
1588 1565 1668 1594 or-

354 1645 517 1679 natum
541 1632 713 1677 horum
741 1640 1091 1691 praeceptorum
1117 1628 1483 1674 adolescentium
1516 1628 1666 1675 oculis

354 1712 704 1777 subjiceremus,
755 1722 901 1772 utque
939 1710 988 1755 id
1031 1725 1143 1755 cum
1195 1709 1345 1756 fructu
1382 1710 1529 1765 fieret,
1581 1726 1663 1757 nec

355 1807 511 1841 tamen
543 1809 611 1838 res
636 1803 855 1838 notarum
880 1790 1079 1836 modum
1113 1791 1376 1848 excederet,
1403 1793 1465 1838 ita
1484 1793 1664 1854 potissi-

354 1897 489 1927 mum
512 1895 593 1924 nos
617 1875 862 1923 efi'ecffturos
893 1875 981 1921 effe
1003 1876 1292 1937 putavimus,
1327 1875 1360 1921 si
1386 1875 1662 1923 sententiam

353 1963 551 2029 pedestri
574 1961 782 2009 oratione
800 1959 1059 2022 expreffam
1083 1958 1500 2022 subjungeremus3
1534 1959 1664 2022 quod

352 2047 536 2111 quoties
575 2045 751 2091 fatitum
789 2042 865 2097 est,
914 2043 965 2088 fit
998 2055 1157 2088 autem
1195 2042 1387 2104 lingulis
1433 2043 1564 2099 locis,
1611 2043 1660 2090 in

354 2131 525 2195 quibus
551 2144 619 2174 res
639 2142 733 2172 non
750 2123 847 2187 ipsa
867 2125 913 2170 in
930 2125 1090 2171 oculos
1110 2125 1322 2180 incurrit,
1345 2123 1660 2170 adolescentes

353 2211 557 2260 monitos
572 2208 787 2263 velimus,
802 2218 853 2251 ut
869 2205 1112 2268 poeticam
1130 2206 1392 2251 orationem
1409 2221 1522 2251 cum
1540 2205 1663 2252 solu-

351 2309 413 2344 tae
429 2292 652 2340 orationis
673 2291 887 2337 formulis
911 2291 1000 2336 illis
1019 2302 1313 2351 comparent,
1349 2303 1393 2335 et
1411 2289 1520 2336 inde
1544 2305 1661 2352 cog·
1816 2332 1819 2350 ,

350 2375 558 2431 noscant,
591 2374 705 2437 quid
727 2372 907 2419 notioni
930 2372 1210 2434 simpliciter
1234 2371 1281 2416 in
1299 2371 1420 2416 notis
1438 2370 1661 2432 expreffae

352 2476 378 2505 a
399 2457 556 2522 po'etae
581 2455 770 2518 ingenio
802 2467 845 2499 et
876 2454 1014 2515 copia
1047 2452 1138 2498 five
1170 2453 1229 2498 ad
1252 2452 1530 2498 suavitatem
1553 2468 1660 2498 om..

351 2541 558 2602 ninoque
589 2539 646 2584 ad
687 2548 906 2582 ornatum
930 2533 1183 2580 accefferit.
1255 2533 1327 2579 Ita
1354 2534 1548 2580 demum
1581 2549 1658 2580 eos

352 2622 666 2670 intellecturos
698 2618 785 2664 effe
809 2618 1059 2679 speramuS,
1093 2633 1186 2678 qua
1215 2616 1264 2661 in
1281 2632 1330 2662 re
1356 2615 1562 2677 poeticae
1585 2616 1661 2663 in-

351 2703 611 2769 primisque
656 2701 932 2764 Virgilianae
987 2699 1210 2746 orationis
1253 2698 1560 2760 pulchritudo
1603 2714 1657 2744 ac

354 2785 622 2850 praestantia
650 2784 904 2846 quaerenda
930 2784 982 2830 sit
1001 2785 1040 2831 ἥρ.

402 2895 423 2914 '⁶
453 2892 511 2930 De
542 2906 652 2937 anno,
681 2907 752 2944 quo
779 2893 908 2944 scripta
926 2893 993 2931 sint
1011 2891 1212 2944 Georgica,
1238 2905 1274 2929 v.
1295 2891 1422 2929 Vitam
1440 2889 1593 2940 Virgilii
1610 2887 1655 2925 ad

349 2967 381 2991 a.
404 2967 491 3004 724.
