1821 3381
420 323 875 382 BUCOLICA,
945 320 1124 371 ECL.
1181 322 1246 369 X.
1391 336 1477 383 177

174 460 294 518 Nec,
329 461 362 507 fi
381 461 632 524 frigoribus
652 459 818 506 mediis
841 458 1153 520 Hebrumque
1170 455 1404 512 bibamUS‚
1419 455 1475 514 65

173 553 501 616 Sithoniasque
525 553 652 598 nives
673 552 839 597 hiemis
859 550 1102 597 subeamus
1128 547 1331 611 aquosae,

172 637 277 684 Nec
301 640 351 696 fi,
375 656 524 702 quum
545 641 748 686 moriens
770 640 865 685 alta
883 639 1001 685 liber
1017 637 1181 684 aretin
1205 638 1353 694 ulmo,

171 726 460 790 AEthiopum
479 729 711 776 versemus
730 729 828 775 ovis
846 728 930 775 sub
953 729 1099 774 fidere
1119 722 1307 774 Cancri.

171 818 349 866 Omnia
373 821 522 867 vincit
541 822 694 868 Amor
708 846 720 877 ;
757 833 803 869 et
826 838 910 868 nos
932 821 1152 868 cedamus
1178 819 1367 865 Amori.

237 910 362 957 Haec
387 911 455 957 sat
475 912 576 968 erit,
610 912 749 970 divae,
784 911 987 959 vestrum
1010 909 1224 958 ceciniffe
1245 908 1450 972 poetam,

172 1003 306 1050 Dum
327 1003 466 1061 sedet,
501 1017 546 1051 et
559 1006 726 1068 gracili
750 1005 974 1052 fiscellam
997 1003 1116 1051 texit
1139 1001 1337 1058 hibisco,
1420 1015 1474 1061 71

216 1138 271 1171 66.
297 1141 502 1184 Scytbonizffqae
518 1141 615 1173 Aldd.
644 1149 674 1172 ct
691 1141 766 1173 hinc
781 1141 946 1184 profediae.
994 1141 1119 1171 Sidonias
1134 1138 1219 1170 Voss.
1241 1145 1272 1168 et
1289 1136 1383 1168 Leid.
1401 1145 1484 1166 unus

171 1199 190 1220 a
206 1201 249 1221 m.
265 1191 326 1223 sec.
373 1193 510 1223 Sithonias
533 1199 640 1223 tamen
661 1193 730 1235 jam
753 1194 886 1234 Egnat„
909 1200 979 1223 tum
996 1191 1131 1221 correxit
1149 1190 1269 1220 Fabric.
1292 1188 1399 1230 Steph.
1417 1186 1483 1217 alii.

168 1241 304 1274 Editum
319 1243 417 1275 etiam
432 1245 583 1286 Sythonias.
629 1245 780 1275 Variatur
804 1244 836 1274 in
852 1243 910 1273 hac
926 1253 1015 1280 voce,
1036 1249 1071 1272 ut
1089 1241 1122 1271 in
1146 1241 1240 1273 Βιςονὶς
1262 1249 1291 1270 ct
1310 1240 1426 1276 Βιςωνὶς,
1448 1249 1481 1268 v.

171 1293 212 1324 ad
229 1294 296 1326 Cir.
319 1294 390 1334 165,
412 1295 452 1327 fic
467 1296 597 1332 Sithones,
623 1296 727 1326 media
750 1295 850 1332 brevi,
872 1302 902 1326 et
925 1295 1061 1324 Sithonas
1085 1292 1168 1334 apud
1185 1293 1348 1321 Romanos
1363 1292 1485 1332 poetas,

170 1352 207 1375 ut
230 1345 397 1387 aliquoties
423 1359 472 1390 ap.
500 1348 615 1378 Horat.
633 1349 655 1377 Ι.
676 1349 784 1378 Carm.
810 1347 860 1384 18,
876 1336 981 1387 9.'111‚
997 1344 1050 1382 26,
1075 1353 1123 1374 το.
1169 1343 1278 1379 Ονίἀ.,
1299 1342 1382 1372 utin
1400 1340 1481 1371 Fast-

171 1396 300 1427 Sithonas
323 1406 349 1428 et
373 1399 506 1440 Scythicos
532 1400 692 1440 triumphos.
738 1400 817 1429 Stat.
839 1397 943 1428 Theb.
974 1397 1026 1433 III,
1055 1395 1115 1433 287
1143 1394 1352 1434 Sithonia—sab
1371 1394 1482 1422 Arc‘io:

170 1448 258 1489 Ergo
275 1449 406 1483 Σιὲἑνιος.
449 1451 605 1480 Attamen
622 1450 742 1483 Σιθωνίη
758 1449 837 1492 χώρη
855 1460 902 1490 ap.
923 1447 1046 1478 Herod.
1061 1448 1133 1483 VH,
1148 1455 1207 1476 122
1224 1452 1255 1475 et
1273 1444 1380 1485 Steph.
1400 1443 1480 1483 Byz.

170 1498 216 1528 At
234 1497 342 1532 Σίθονες
359 1499 418 1530 esse
435 1499 570 1530 debuere
586 1501 792 1542 Lycophroni
812 1511 842 1530 v.
863 1509 919 1538 135
927 1508 954 1537 7,
979 1498 1066 1538 Ῥίζοεν
1087 1497 1229 1536 γιγάντων
1245 1496 1363 1526 ’Σιθόνων
1379 1507 1483 1526 κεκτη-

169 1551 263 1591 μέναις.
310 1555 381 1585 Hoc
398 1554 483 1584 enim
499 1562 638 1584 metrum
654 1553 801 1594 postulat,
825 1563 889 1583 non
908 1552 1041 1583 Σιὲώνων.
1093 1551 1189 1592 Qod
1204 1549 1343 1579 hiemem
1358 1548 1483 1588 aqzafizm

171 1613 341 1644 memorat,
363 1607 445 1636 forte
472 1616 586 1646 parum
611 1605 777 1635 commode
803 1604 850 1641 fit,
872 1604 926 1634 ubi
950 1604 987 1633 de
1004 1606 1067 1632 nive
1082 1601 1201 1642 agitur.
1249 1603 1298 1642 Jo.
1319 1599 1484 1631 Schrader.

170 1657 314 1688 tentabat
334 1659 471 1700 Iffaemis.
490 1658 594 1698 aqz.‘9fi;
615 1656 787 1697 ingeniose.
829 1657 916 1696 hyemi
931 1655 1075 1695 sithemmzs
1102 1654 1198 1693 aquosa)
1226 1651 1347 1682 Barthii
1374 1650 1483 1681 Codex

170 1717 230 1748 pro
253 1709 352 1750 hyeme.
399 1710 572 1739 Burmann.
606 1707 749 1738 tentabat
769 1708 913 1747 sdrcmm.

759 1761 926 1787 commoriens
941 1756 1068 1787 Zulich.
1114 1756 1229 1785 libraret
1243 1758 1270 1784 in
1285 1756 1354 1784 ulmo
1366 1752 1483 1793 fragm.

384 1812 589 1852 68.scrvemus
614 1809 737 1840 Barthii
753 1809 815 1840 sive
832 1808 911 1838 liber
928 1807 988 1838 five
1006 1806 1198 1842 emendatio,
1217 1806 1283 1846 jam
1300 1816 1318 1834 a
1334 1804 1483 1834 Florente

811 1860 861 1901 69.
884 1863 972 1889 vincet
996 1859 1117 1890 Medic.
1161 1860 1227 1887 vicit
1251 1859 1346 1887 Rom.
1373 1856 1482 1886 Pierii.

520 1923 569 1954 70.
598 1914 660 1943 Hoc
670 1915 722 1954 fizt
736 1915 789 1942 erit
804 1913 917 1955 instrum
934 1913 1016 1942 Ven.
1065 1911 1127 1940 Hoc
1144 1909 1241 1940 etiam
1258 1908 1356 1939 Goth.
1372 1908 1431 1939 sec.
1450 1915 1483 1939 et

169 1763 338 1791 commodes-is
353 1772 434 1791 unus
450 1759 574 1790 Nforeti
586 1768 617 1789 (Ἴ
631 1759 715 1789 Gud.

170 1810 294 1842 NIoret.

170 1861 351 1894 Christiano
374 1863 467 1894 facona.
519 1869 578 1904 opes
604 1864 720 1892 Moret.

159 1915 215 1954 fid
225 1928 270 1945 nos
286 1915 335 1945 ed.
347 1916 430 1945 Ven.

1004 1704 1052 1744 67.
1082 1705 1131 1734 Ne
1148 1705 1181 1746 st
1206 1703 1321 1744 fragm.
1348 1702 1483 1733 Moreti.

170 1976 252 1998 unus
267 1966 400 1998 Moreti.
443 1966 571 2009 vestrum,
587 1967 674 1995 Divae
690 1965 752 1996 duo
767 1964 819 1994 vel
834 1972 908 1995 tres.

170 2098 267 2122 mere
282 2084 396 2135 possit.
450 2086 512 2136 65.
545 2085 729 2134 Necfif.
749 2097 794 2121 ex

171 2136 331 2174 Theocr.
369 2135 460 2180 VII,
502 2149 715 2184 112—114‚
759 2144 795 2171 et

169 2187 317 2237 quidem
357 2187 553 2224 admodum
588 2185 792 2237 ingeniose:

170 2252 253 2276 curn
271 2239 325 2276 ibi
344 2239 450 2276 minae
483 2238 573 2276 Pani
590 2239 689 2275 fiant.
745 2238 794 2276 cf.

169 2289 306 2329 Horat.
327 2290 403 2328 Od.
424 2291 457 2334 I,
485 2303 531 2328 22
548 2300 641 2327 extr.
683 2294 796 2341 fizgo-

170 2342 263 2380 ribus
306 2344 432 2385 meditk,
485 2341 605 2379 media
661 2341 794 2382 hieme,

169 2395 318 2443 χείματι
349 2397 479 2445 μέσσῳ,
528 2392 727 2431 Thraciam
771 2391 796 2428 fi

169 2446 312 2491 adeam,
352 2447 453 2496 cujus
493 2458 580 2495 gens
632 2444 793 2482 Sithones.

171 2496 394 2535 Theocritus
455 2496 604 2534 Edonos
656 2496 794 2534 Ἤδωνὲς

167 2548 311 2586 dixerat
347 2549 440 2594 VII,
478 2562 561 2586 112.
600 2547 795 2596 subeamus,

170 2600 338 2639 duremus
349 2601 463 2653 frigus
479 2599 658 2638 Thraciae.
672 2599 793 2636 Burm.

171 2652 217 2689 de
233 2653 382 2690 cadente
399 2654 439 2690 in
469 2662 577 2703 caput
594 2664 724 2701 magna
739 2650 794 2687 ni-

170 2703 225 2741 vis
238 2704 275 2741 vi
288 2715 324 2743 et
340 2706 446 2757 copia
463 2703 677 2755 accipiebat.
729 2702 792 2740 68.

169 2755 361 2808 AEthiopum
375 2761 463 2807 vegs.
477 2769 543 2806 pro
562 2755 655 2792 inter
672 2753 793 2791 AEthi-

170 2819 269 2858 Opes,
313 2808 352 2846 in
386 2807 590 2858 AEthiopia.
659 2809 796 2854 ‘versare

170 2858 209 2896 h.
227 2860 251 2898 l.
271 2872 391 2909 agere,
416 2859 572 2911 pascere,
599 2871 644 2896 ex
673 2862 794 2901 πολεῖν,

171 2911 266 3000 undItJ
288 2913 439 2956 αἰπόλος,
465 2912 606 2950 οἰοπόλος
629 2919 699 2949 etc.
750 2910 794 2947 li-

262 2975 337 3002 OM.
361 2976 391 3002 1.

859 2081 918 2119 ber
941 2095 1040 2126 vero,
1057 2093 1134 2132 pars
1153 2078 1300 2116 corticis
1317 2077 1483 2120 interior,

858 2133 1009 2170 omnino
1033 2146 1097 2182 pro
1130 2131 1262 2168 cortice
1293 2140 1397 2179 atque
1427 2142 1481 2164 ar-

858 2185 958 2222 bore.
1041 2185 1103 2231 69.
1138 2184 1263 2220 Nexus
1302 2180 1482 2217 sententiae

857 2237 904 2273 est
942 2236 1061 2286 paullo
1096 2235 1243 2272 durior:
1282 2232 1391 2269 Nihil
1419 2232 1481 2276 est,

859 2289 957 2338 quod
1000 2287 1045 2324 ab
1078 2285 1209 2324 amoris
1241 2284 1337 2321 curis
1370 2283 1483 2320 solvat

861 2339 1036 2382 animum,
1062 2337 1179 2377 vincit
1210 2335 1272 2373 ille
1289 2335 1409 2373 omnia
1429 2347 1483 2370 re-

860 2391 1000 2435 media3
1030 2403 1117 2441 ergo
1137 2387 1228 2426 mihi
1247 2386 1482 2424 succumben-

859 2444 946 2480 dum
961 2443 1020 2480 est.

913 2507 974 2545 70.
1006 2495 1063 2531 De
1080 2492 1205 2542 sejam
1238 2494 1346 2541 pocta
1364 2487 1483 2538 loqui-

859 2554 932 2590 tur,
960 2545 1005 2582 ad
1025 2544 1146 2581 Musas
1171 2541 1378 2585 conversus;
1408 2541 1482 2576 haec

858 2597 893 2634 se
922 2597 1032 2634 lufiffe
1062 2593 1245 2646 pastoritio
1273 2592 1432 2629 carmine
1447 2605 1483 2627 v.

859 2662 902 2707 71
924 2665 933 2695 3
963 2648 1053 2698 petit
1072 2660 1154 2683 vero
1173 2645 1218 2681 ab
1236 2644 1294 2687 iis,
1322 2653 1375 2686 ut,
1403 2655 1484 2691 quae

858 2700 931 2750 lpse
950 2699 1099 2736 minima
1118 2698 1155 2734 in
1176 2695 1278 2732 Galli
1310 2694 1483 2731 honorem

859 2750 1000 2794 fecerit,
1040 2749 1124 2799 ipsae
1154 2747 1304 2788 faciant,
1346 2755 1384 2781 ut
1418 2757 1483 2794 pro

859 2802 1026 2840 maximis
1045 2801 1156 2837 Gallo
1181 2799 1262 2839 fint,
1296 2797 1331 2833 b.
1352 2809 1429 2832 eam
1449 2806 1484 2832 et

858 2853 1074 2905 dignitatem
1093 2851 1263 2893 habeant,
1281 2860 1387 2897 quam
1408 2859 1485 2882 car-

859 2906 957 2943 mina
976 2903 1103 2956 gravia
1132 2911 1202 2940 etc.
1258 2900 1301 2936 Fi
1313 2898 1396 2936 cella
1426 2910 1485 2933 ca-

911 2957 957 2994 M
1369 2948 1486 2987 lathus
