1821 3381
355 269 823 367 BUCOLICA,
882 307 1053 356 ECL.
1105 307 1216 356 VII.

1350 321 1438 371 135

125 446 354 512 Phyllidis
376 445 580 493 adventu
602 444 770 492 nostrae
793 460 959 491 nemus
981 460 1126 490 omne
1148 442 1322 490 virebit
1341 461 1353 490 :

120 540 345 605 juppiter
365 551 412 586 et
435 539 548 586 laeto
571 537 820 585 descendet
843 538 1077 601 plurimus
1100 537 1265 586 imbri.

1379 537 1443 587 60

657 646 908 678 CORYDON-

187 720 397 784 Populus
420 720 610 768 Alcidae
634 719 906 784 gratissima,
930 720 1039 767 vitis
1058 720 1247 779 Iaccho,

123 811 362 860 Formosae
386 824 570 874 myrtus
597 810 786 867 Veneri,
811 809 888 856 sua
911 810 1066 857 laurea
1090 809 1307 860 Phoebo:

120 901 298 964 Phyllis
317 914 445 953 amat
468 902 683 956 corulos;
721 901 825 947 illas
848 900 966 947 dum
990 897 1168 962 Phyllis
1188 902 1385 962 amabit,

119 995 223 1044 Nec
245 1009 426 1060 myrtus
444 998 605 1044 vincet
627 996 826 1051 corulOS‚
859 1009 945 1041 nec
967 994 1124 1040 laurea
1148 991 1338 1041 Phoebi.

657 1098 897 1136 TITYRUS.
966 1094 969 1098 '

121 1179 348 1228 Fraxinus
373 1182 420 1229 in
445 1180 569 1230 silvis
594 1179 929 1245 pulcherrima,
953 1179 1093 1242 pinus
1117 1177 1165 1224 in
1185 1176 1352 1235 hortis,
1375 1175 1402 1224 6
1411 1189 1433 1238 5

119 1269 327 1335 Populus
352 1273 400 1319 in
424 1273 596 1330 fluviis,
620 1258 746 1319 abies
770 1272 818 1318 in
844 1272 1089 1336 montibus
1107 1270 1241 1317 aitis:

117 1362 302 1426 Saepius
327 1375 374 1411 at
398 1364 432 1410 fi
459 1381 552 1422 me,
576 1364 758 1427 Lycida
782 1364 999 1422 formose,
1023 1363 1222 1412 revisas:
1249 1404 1253 1407 s

120 1452 348 1502 Fraxinus
369 1455 418 1503 in
442 1455 567 1503 filvis
593 1455 729 1503 cedat
752 1455 858 1513 tibi,
882 1457 1021 1520 pinus
1043 1456 1093 1503 in
1117 1454 1283 1502 hortis.

643 1560 934 1593 MELIBOEUS.

115 1636 241 1685 Haec
259 1637 473 1694 memini,
483 1648 529 1684 et
543 1637 724 1684 victum
743 1638 906 1685 frustra
920 1639 1205 1687 contendere
1215 1638 1435 1703 Thyrfin.

155 1800 209 1833 59.
234 1793 379 1822 adventum
406 1792 490 1822 Ven.

547 1791 663 1835 nqstrum
690 1805 781 1823 nemus
807 1792 902 1825 Leid.
929 1793 1119 1826 C.——60.
1143 1796 1268 1836 defiendit
1294 1795 1436 1838 quinque

111 1842 226 1874 Burm.
270 1843 357 1873 imbre
383 1842 516 1885 aIIquot.
594 1843 663 1881 64.
687 1839 757 1875 Nec'
774 1851 879 1886 myrtus
905 1848 996 1876 vincet
1024 1847 1150 1877 Veneris.

1195 1846 1244 1877 Sic
1265 1846 1436 1888 praefixum

111 1894 219 1925 verbis
235 1894 335 1925 Servii
350 1894 391 1925 ad
406 1893 439 1925 h.
457 1904 502 1933 v.‚
516 1895 604 1936 quod
619 1903 652 1926 et
666 1895 769 1938 ipsum
785 1895 880 1927 habet
896 1896 1243 1938 suavitatem.-—-—67.
1264 1911 1296 1928 ac
1312 1898 1433 1934 Medic.

113 1955 132 1975 2.
148 1956 191 1976 nl.
208 1956 255 1987 pr.

344 1944 397 1977 68.
418 1947 493 1975 cedat
507 1956 524 1976 e
542 1946 663 1978 Medic.
691 1953 724 1978 et
746 1946 816 1978 aliis
839 1947 951 1979 Heins.
970 1948 1121 1990 reposuit.
1164 1949 1332 1980 Laudabat
1347 1949 1435 1982 idem

113 2006 132 2026 e
147 1995 298 2038 Longob.
316 1995 450 2027 Pierius.
495 1996 605 2039 Vulgo
625 1997 767 2030 lenum:
789 2000 866 2029 cedet.

956 1998 1008 2041 69.
1033 2000 1104 2030 Haec
1127 2002 1257 2032 memini.-
1280 2003 1386 2033 wiffam
1409 2007 1436 2033 ά

105 2050 144 2092 f.
166 2048 333 2090 Oblongus
349 2047 458 2080 Pierii.
508 2049 636 2091 ‘Thyrfim
651 2050 766 2081 multi:
792 2058 824 2082 at
839 2061 870 2082 v.
886 2051 927 2081 ad
942 2050 1009 2083 Ecl.
1027 2052 1068 2090 11,
1086 2051 1138 2084 26.

110 2186 139 2203 “
168 2179 284 2217 nimio
298 2180 376 2217 aestu
391 2179 482 2218 vites
495 2189 530 2218 et
541 2181 629 2218 folia
643 2181 735 2219 ami-

110 2237 140 2254 “
169 2232 326 2269 serunt.'’
361 2232 464 2269 Serv.
529 2233 590 2271 60.
610 2234 737 2284 Juppi-

109 2295 176 2328 ter,
195 2283 239 2320 de
253 2287 348 2325 aete,
368 2293 408 2320 ut
426 2283 565 2334 Georg.
579 2284 632 2328 ΙΙ,
646 2287 736 2334 326,

114 2335 177 2371 ubi
204 2334 289 2371 vide
309 2334 410 2382 (hinc
429 2335 575 2375 διἰῑπετῆς
592 2349 636 2373 ex
655 2341 738 2374 a'ere

109 2385 272 2428 veniens,
289 2395 330 2422 ut
348 2386 393 2423 de
412 2387 551 2424 fluviis:
587 2388 740 2426 διϊπετεΐς

111 2436 210 2476 οἰωνοὶ
237 2437 378 2486 Hymn.
408 2437 447 2475 in
471 2438 567 2478 Ven.
591 2441 737 2489 4czk'riae

109 2489 282 2537 volucres)
297 2503 310 2525 .·
339 2501 383 2525 ex
414 2489 544 2526 veteris
577 2491 736 2541 philoso-

109 2541 206 2593 phiae
219 2539 416 2578 involucris
432 2540 620 2588 fabulofis3
639 2544 737 2593 quod

111 2604 147 2630 et
165 2591 282 2650 ipsum
299 2603 438 2636 vereor,
457 2602 496 2629 ut
515 2593 663 2643 pastoris
682 2594 738 2632 in-

111 2657 220 2696 genio
238 2643 553 2681 accommodatum
567 2645 623 2684 sit.

165 2696 188 2732 6
193 2697 330 2746 5—68.
350 2697 449 2745 pinus
476 2698 512 2731 in
542 2694 657 2740 honix,
682 2696 739 2748 pi-

113 2759 177 2784 nus
211 2746 336 2787 sativa,
373 2745 431 2782 seu
464 2746 672 2792 domestica,
701 2757 739 2786 et

110 2797 299 2841 hortenfis,
316 2796 457 2835 Ovidio
473 2798 556 2836 Art.
580 2799 652 2842 ΙΙΙ,
663 2801 737 2849 692

105 2856 205 2899 pinus
235 2849 326 2888 culta
355 2850 456 2887 πίτυς
477 2851 605 2899 ἥμερος,
632 2850 741 2888 arbor

113 2899 249 2952 semper
264 2900 396 2947 virens,
413 2909 449 2940 et
475 2901 601 2953 apibus
618 2912 738 2954 grata,

801 2181 905 2221 nobis
920 2183 1042 2228 Fibra,
1060 2183 1106 2221 de
1123 2197 1192 2234 qua
1206 2183 1312 2223 docta
1330 2185 1377 2223 ad
1389 2185 1430 2225 h.

801 2235 827 2272 1.
848 2234 1046 2285 disputatio
1059 2235 1216 2274 Heinfii.
1236 2236 1285 2275 cf.
1305 2237 1429 2274 Cerda

801 2286 849 2323 ad
877 2285 952 2325 Ge.
971 2287 1044 2330 IV,
1077 2301 1162 2325 112.
1216 2291 1278 2340 67.
1333 2290 1428 2327 Prae-

802 2338 918 2375 feram
933 2348 968 2375 te
984 2338 1126 2376 fraxino
1143 2348 1178 2376 et
1196 2338 1297 2389 pino.

856 2393 918 2441 69.
938 2389 1100 2441 Operose
1112 2391 1245 2428 docent
1256 2391 1327 2429 viri
1339 2391 1429 2431 doc*

803 2440 832 2480 ti
850 2455 912 2491 per
931 2452 1042 2479 totam
1068 2443 1247 2493 eclogam,
1276 2454 1430 2493 quanto-

801 2505 886 2544 pere
908 2493 946 2530 in
970 2493 1116 2543 singulis
1144 2494 1301 2532 versibus
1327 2495 1430 2546 supe·

802 2544 878 2581 rior
896 2544 1027 2594 Thyrsi
1045 2545 1086 2582 fit
1104 2545 1295 2592 Corydon,
1313 2545 1358 2584 iis
1376 2557 1431 2585 ta-

803 2607 885 2633 men
895 2595 967 2633 fere
984 2597 1217 2646 argumentis,
1226 2607 1279 2640 ut,
1288 2599 1432 2648 fipoeta

805 2647 964 2697 Thyrsin
975 2648 1147 2685 viciorem
1158 2650 1430 2698 pronuntiasset,

805 2699 919 2736 iidem
947 2698 1052 2748 hujus
1074 2699 1209 2748 judicii
1235 2701 1367 2738 cauffas
1393 2711 1430 2739 et

802 2749 1029 2801 probationes
1042 2750 1086 2788 ab
1097 2750 1224 2789 iisdem
1237 2751 1328 2789 locis
1341 2752 1432 2789 duc·

803 2801 877 2838 turi
897 2801 997 2838 fuiffe
1013 2801 1214 2840 videantur.
1268 2802 1356 2840 Hoc
1374 2803 1430 2841 fa-

801 2853 874 2890 cile
888 2852 1080 2903 perspicio,
1096 2853 1255 2903 Thyrsin
1270 2853 1338 2890 effe
1350 2867 1432 2905 per·

803 2913 951 2956 petuum
969 2903 1180 2956 Corydonis
1211 2904 1431 2943 obtrectato-

1328 2968 1404 3000 tem
1413 2972 1429 3005 ς
