1987 3361
540 322 566 389 [
630 337 797 372 crxm
865 322 891 387 ]

208 428 212 442 1

44 471 1348 502 Μ

239 601 390 649 ΤΙΒ.
454 598 794 648 CLAUDII
859 597 1175 645 DONATI

658 723 682 748 A

716 723 741 748 D

116 812 248 852 TIB.
304 809 841 850 CLAUDIANUM
894 809 1278 849 MAXIMUM

183 925 796 960 DONATIANUM
871 923 1193 955 FILIUM

663 1023 683 1044 Β

711 1022 729 1044 E

30 1097 90 1158 P.
162 1100 553 1156 VIRGILII
622 1099 1026 1153 MARONIS
1113 1099 1343 1154 VITA.

496 1334 785 1373 CAPUT
836 1334 909 1372 1.·

29 1407 180 1498 Pus.
210 1407 394 1458 Virgilius
423 1408 535 1446 Maro
568 1405 776 1458 parentibus
823 1403 979 1442 modicis
1018 1402 1106 1446 fuit,
1148 1410 1183 1439 et
1217 1399 1349 1452 prteci·
1375 1413 1389 1437 1

142 1479 213 1518 pue
254 1474 355 1516 patre
391 1466 564 1510 Marone,
607 1477 715 1516 quem
764 1463 915 1529 quidam
952 1461 1118 1513 opificem
1173 1461 1345 1511 figulum,

21 1527 139 1576 plures
172 1519 296 1576 Magii
326 1525 529 1576 cujusdam,
571 1523 738 1568 viatoris,
786 1520 898 1560 initio
933 1520 1213 1566 mercenarium,
1257 1531 1347 1557 mox

75 1644 217 1675 Doe‘tine
275 1643 372 1686 hujus
424 1643 648 1681 Grammatici‚

23 1683 111 1732 cujus
139 1698 257 1720 nomen
285 1695 352 1731 prae
382 1687 414 1720 se
460 1688 535 1725 sert,
564 1687 648 1719 fetus

20 1726 59 1764 stt
89 1732 158 1763 haec
187 1732 266 1769 vita,
291 1743 350 1763 nec
383 1740 436 1769 ne,
466 1731 648 1762 dubitatum

21 1777 66 1807 est
85 1787 103 1806 a
121 1775 198 1806 viris
223 1775 338 1813 doctis,
372 1786 445 1806 cum
476 1782 527 1806 tot
558 1775 648 1816 inep-

21 1820 74 1850 tiis
103 1818 158 1850 illa
187 1817 305 1849 referta
333 1817 380 1850 sit.
441 1819 649 1860 Qamquam

19 1870 128 1894 autem
164 1869 288 1893 mature
324 1861 398 1893 satis
425 1861 562 1903 ineptire
587 1872 649 1891 coe-

19 1916 95 1948 pere
123 1905 345 1941 Grammatici‚
369 1913 401 1936 et
422 1906 569 1935 Donatus
591 1904 643 1935 hic

19 1949 89 1991 post
119 1948 254 1988 AElium
280 1949 459 1986 Donatum,
480 1948 643 1989 Hierony·

19 1992 65 2023 'mi
87 1999 330 2034 praeceptorem,
360 1992 442 2023 vixit
462 2002 471 2023 τ
495 2001 561 2022 non
596 1999 645 2022 ta-

18 2045 93 2067 men
127 2035 196 2066 haec
236 2035 390 2072 narratio,
438 2045 508 2073 nee,
544 2034 646 2075 qualis

17 2079 72 2117 est,
104 2078 143 2110 ab
186 2078 317 2110 homine
361 2078 457 2110 docto
490 2077 646 2120 proficisci

16 2122 134 2164 potuit,
154 2132 213 2154 nec
236 2130 306 2153 tota
333 2122 372 2153 ab
407 2121 514 2163 aliquo
551 2121 645 2163 plane

16 2165 157 2197 indocto.
236 2165 394 2207 Equidem
436 2165 482 2196 ita
527 2163 644 2203 sentio,

17 2208 154 2240 fundum
184 2209 279 2250 hujus
321 2208 512 2240 narrationis
546 2208 643 2239 debe-

16 2251 43 2282 ri
71 2255 212 2290 Donato,
233 2263 308 2283 mox
331 2260 440 2283 tamen
461 2262 545 2289 eam,
567 2260 642 2283 cum

9 2294 124 2336 -paffim
168 2295 456 2334 transscriberetur,
488 2295 586 2326 modo
623 2306 642 2326 a

15 2338 244 2380 grammaticis,
280 2339 379 2370 modo
440 2350 459 2369 a
503 2338 643 2370 librariis

14 2382 190 2420 monachis,
219 2392 356 2423 quorum
397 2391 516 2414 novam
557 2379 642 2423 quis-

14 2435 75 2466 que
107 2425 388 2464 narratiunculam,
417 2437 514 2467 quam
540 2425 638 2457 fando

13 2476 189 2509 acceperat,
210 2469 382 2510 exemplari
397 2469 452 2501 suo
468 2469 639 2506 intexeret,

13 2511 58 2542 ita
83 2511 142 2542 effe
168 2511 404 2553 interpolatam,
433 2519 468 2543 ut
495 2523 579 2543 nunc
603 2513 637 2544 in

12 2554 70 2585 tali
102 2554 262 2596 farragine
284 2555 472 2597 plerumque
496 2555 558 2587 dici
584 2556 638 2588 vix

11 2597 114 2640 poffit,
136 2599 212 2640 quid
240 2599 360 2629 Donati
382 2598 445 2629 fide
474 2599 641 2640 prodatur,

12 2649 69 2672 nec
99 2652 150 2672 ne.
196 2642 278 2684 Qae
301 2653 349 2673 res
372 2641 424 2673 vel
447 2653 483 2673 ex
505 2653 542 2674 eo
568 2653 637 2674 ma-

12 2684 123 2716 nifesta
149 2684 197 2723 fit,
230 2685 316 2727 quod
346 2685 451 2717 nullus
474 2685 566 2717 facile
591 2687 636 2718 est

12 2728 124 2766 codex,
144 2728 177 2758 in
194 2737 258 2770 quo
278 2739 342 2759 non
357 2729 425 2759 vita
446 2729 516 2760 haec
538 2730 635 2760 modo

10 2770 134 2811 plenius
144 2773 239 2802 modo
257 2771 450 2803 eontra<ffius
463 2771 636 2814 perscripta

10 2812 145 2855 legatur.
202 2817 249 2846 Ex
278 2815 327 2847 his
355 2816 416 2846 viri
443 2815 542 2853 docti,
579 2816 635 2858 qui

10 2857 105 2898 primi
117 2857 292 2899 Virgilium
306 2859 445 2895 edidere,
466 2858 564 2889 talem
578 2869 635 2890 no-

10 2899 58 2931 bis
84 2902 248 2934 Donatum
274 2901 358 2934 hunc
381 2902 530 2936 videntur
557 2912 634 2934 cou-

713 1643 861 1682 cinnaffe,
897 1643 1026 1687 qualem
1059 1654 1144 1676 nunc
1177 1643 1344 1676 habemus.

711 1690 745 1718 A
771 1688 906 1719 Daniele
935 1688 1039 1719 multo
1066 1688 1266 1719 emendatior
1288 1687 1342 1719 ille

710 1728 773 1763 fuit
789 1731 927 1770 excusus,
948 1731 1051 1763 multa
1063 1732 1162 1762 etiam
1173 1730 1344 1762 emendata

710 1770 740 1817 J.
779 1775 812 1805 F.
845 1775 1004 1806 Gronovii
1034 1775 1194 1812 acumine,
1223 1773 1278 1816 qui
1308 1782 1344 1806 et

710 1818 793 1859 plus,
815 1828 911 1860 quam
938 1829 995 1860 par
1018 1825 1099 1855 erat,
1124 1828 1230 1860 operae
1251 1818 1283 1848 in
1300 1828 1340 1848 eo

711 1861 827 1903 posuit,
866 1870 901 1892 ut
926 1872 963 1893 ex
992 1861 1117 1893 dicendi
1154 1871 1272 1902 genere
1306 1868 1340 1892 et

708 1903 933 1936 consuetudine
963 1905 1041 1937 Ger.
1066 1903 1165 1936 Voffii
1193 1904 1234 1935 ad
1260 1903 1340 1935 Vel-

708 1947 807 1979 leium
827 1947 1019 1980 sententiam
1037 1949 1196 1985 firmaret,
1219 1958 1236 1978 a
1259 1949 1339 1978 Sue-

708 1992 799 2023 tonio
829 1988 1077 2023 fundamentum
1101 1991 1196 2033 hujus
1226 2001 1338 2022 narra·

709 2034 808 2066 tionis
830 2034 890 2066 ess'e
909 2036 1044 2077 petum,
1067 2035 1118 2067 cui
1144 2034 1259 2068 deinde
1282 2034 1338 2066 alii

711 2078 924 2110 Grammatici
949 2079 1004 2110 sua
1024 2085 1207 2110 commenta
1229 2077 1338 2119 super-

710 2120 881 2153 struereut.
920 2122 1045 2153 Scilicet
1061 2121 1230 2153 Suetonius
1239 2120 1338 2152 etiam

709 2165 841 2207 Virgilii
886 2165 985 2197 nostri
1028 2166 1141 2197 Vitam
1186 2164 1338 2206 scripfiffe

706 2208 914 2241 existimatur.
959 2209 1031 2241 Fuit
1046 2209 1144 2241 etiam
1165 2208 1237 2239 talis
1257 2208 1335 2240 Vita

707 2252 810 2283 Servii
836 2252 967 2284 nomine
983 2254 1158 2289 venditata,
1181 2251 1221 2282 ad
1237 2262 1335 2292 quam

704 2294 737 2326 in
755 2297 843 2327 Serv.
869 2297 1053 2328 Comment.
1072 2307 1119 2338 pr.
1138 2295 1176 2326 ad
1198 2294 1336 2336 Eclogas

705 2339 730 2381 ξ.
755 2348 797 2376 24
812 2347 1016 2380 provocatur,
1040 2350 1135 2381 quam
1148 2347 1334 2369 tamennon

704 2383 838 2413 eandem
862 2382 922 2414 effe
940 2391 1018 2425 puto
1032 2394 1105 2414 cum
1125 2382 1190 2419 illa,
1212 2392 1282 2422 quae
1299 2381 1333 2415 iu

703 2425 848 2457 Danielis
867 2426 1029 2463 Edidone,
1053 2434 1086 2457 et
1108 2426 1181 2458 hinc
1201 2424 1233 2456 in
1255 2424 1336 2463 aliis,

704 2469 835 2500 AEneidi
867 2469 935 2500 fere
967 2469 1108 2512 praefixa,
1139 2468 1195 2501 sub
1230 2469 1333 2499 Servii

703 2512 834 2544 nomine
872 2513 1108 2544 circumfertur.
1164 2512 1330 2543 Habemus

702 2555 811 2594 aliam,
833 2566 906 2598 quae
934 2557 1040 2588 Probo
1055 2556 1238 2596 tribuiturs
1268 2554 1332 2586 Sed

704 2598 791 2630 nulla
807 2599 862 2638 est,
883 2600 917 2631 in
941 2610 1004 2642 qua
1026 2610 1091 2631 non
1114 2597 1331 2640 interpolatri-

702 2652 772 2673 cem
786 2650 841 2674 aut
855 2643 1085 2675 mutilatricem
1101 2652 1232 2673 manum
1248 2641 1332 2673 foede

701 2685 894 2727 grassantem
910 2686 1068 2729 agnoscas.
1115 2686 1199 2728 Qae
1217 2684 1272 2715 alii
1289 2684 1329 2716 de

700 2729 824 2760 Donati
857 2741 954 2773 opere
981 2728 1167 2772 judicarint,
1198 2728 1271 2759 vide
1294 2728 1328 2760 in

699 2771 750 2809 iis,
771 2772 827 2814 qui
863 2782 884 2804 a
906 2774 1092 2805 Burmanno
1120 2772 1162 2803 ad
1196 2771 1329 2803 Antho-

700 2814 822 2858 logiam
843 2815 902 2848 lat.
932 2817 976 2848 T.
1002 2818 1026 2854 1,
1047 2827 1078 2858 p.
1110 2815 1172 2856 369
1196 2814 1329 2846 laudan-

700 2866 766 2889 tur·
819 2859 903 2891 Mihi
928 2860 1059 2902 quidem
1086 2859 1204 2890 sortem
1236 2868 1327 2898 mag-

699 2911 818 2977 nmium
842 2902 987 2936 virorum
1009 2912 1041 2936 et
1062 2901 1226 2934 fortunam
1248 2902 1329 2949 {aepe

782 2953 803 2978 2
1219 2953 1330 2975 ΠΠΓΔΪᾸ

1959 190 1962 218 μ·
1959 110 1965 168 -κ
1958 31 1966 99 -u-.<
1960 0 1965 17 ..-

1962 0 1987 424 zss—ass-Qvf--ffl

1960 669 1967 870 -—...-„,„-*

1965 763 1983 993 2⁴-;:·.>.2-........-
1974 713 1981 749 ,.-
1976 649 1987 700 ᾼ-ᾼᾼ
1962 599 1987 639 24
1971 500 1982 595 ...3
1963 476 1981 520 F.-
1975 456 1979 463 ,
