1987 3361
426 338 598 378 xxxn
808 297 1368 365 PRAEFATIO

425 479 544 514 rum
569 457 726 509 etiam
746 445 1153 504 emendatiorem
1180 438 1379 492 reddidi
1404 448 1454 488 et
1480 434 1628 488 novis
1651 451 1739 487 ac-

428 547 751 603 canonibus,
793 542 853 593 de
880 536 1070 610 quibus
1097 532 1209 605 post
1236 530 1426 590 dicam,
1454 527 1738 597 locupleta-

427 642 512 694 vi:
542 656 662 690 cum
691 631 843 685 semel
867 628 916 680 id
941 643 1090 697 agere
1110 618 1454 679 instituissem,
1484 629 1560 678 ut,
1583 627 1742 688 quot-

430 744 558 804 quot
576 725 788 800 quidem
810 719 1056 772 lectiones
1083 713 1335 766 variantes
1364 708 1552 761 alicubi
1569 723 1744 784 reper-

431 835 497 874 tae
518 819 690 874 effent,
729 815 780 866 in
808 812 906 863 hoc
932 808 1110 861 saltem
1142 809 1295 876 poeta
1320 802 1373 853 in
1402 817 1558 852 unam
1586 797 1741 850 editi·
1768 833 1774 836 »

439 1195 625 1240 cerent,
646 1174 1002 1246 sollennesque
1017 1169 1187 1243 lapsus
1213 1181 1262 1220 et
1277 1160 1663 1219 allucinationes
1685 1161 1753 1212 li-

439 1275 730 1327 brariorum
757 1269 848 1321 fibi
883 1265 1160 1319 familiares
1190 1260 1474 1314 redderent.
1556 1252 1753 1306 Curavi

444 1380 619 1418 tamen
641 1361 789 1414 simul
815 1358 936 1418 hoc,
961 1369 1017 1407 ut
1044 1353 1143 1406 hoc
1165 1350 1274 1423 ipso
1295 1348 1539 1419 exemplo
1560 1363 1756 1416 propo-

446 1457 541 1510 fito
567 1453 786 1506 omnino
807 1449 1007 1518 deutoto
1033 1444 1132 1496 hoc
1158 1461 1342 1515 genere
1378 1441 1516 1492 recle
1542 1437 1757 1488 statuere

447 1546 793 1602 affuescerent.
872 1542 1012 1593 Bene
1037 1538 1180 1588 enim
1209 1553 1273 1585 ex
1299 1533 1467 1605 prima
1500 1541 1648 1582 aetate
1677 1547 1758 1580 re-

449 1638 653 1697 cordor,
680 1651 840 1706 quam
861 1648 1046 1702 parum
1072 1625 1343 1697 explicitas
1369 1635 1417 1673 et
1432 1619 1591 1692 justas
1618 1619 1759 1671 notiae

450 1748 575 1783 ones
614 1727 676 1779 de
711 1725 936 1777 lectione
975 1719 1203 1771 variante
1242 1713 1579 1781 imbiberim:
1639 1728 1764 1763 cum

453 1841 559 1875 non
596 1817 758 1872 modo
795 1811 1099 1867 eruditionis
1136 1808 1357 1860 liberalis
1412 1805 1681 1857 summam·
1709 1803 1766 1854 in

456 1911 650 1972 critica,
675 1926 856 1961 verum
882 1904 1039 1956 etiam
1058 1901 1256 1952 critices
1284 1897 1543 1950 summam
1583 1895 1636 1946 in
1660 1894 1768 1945 lec-

458 2004 613 2058 tionis
649 1998 888 2055 variantis
914 1994 1240 2067 diligentiore
1275 1989 1443 2043 studio
1468 2001 1517 2039 et
1542 1988 1597 2039 in
1622 1986 1770 2039 elici-

458 2095 592 2149 enda
616 2094 788 2164 aliqua
816 2088 957 2141 felici
990 2084 1351 2138 emendatione
1383 2082 1466 2134 vel
1499 2079 1771 2151 conjeffm-

460 2207 536 2248 ra,
583 2181 833 2237 contineri
871 2179 1126 2232 audirem.
1206 2175 1377 2247 Atqui
1412 2173 1580 2244 major
1615 2170 1773 2243 hujus

462 2296 595 2331 curae
614 2293 728 2348 pars
750 2272 813 2325 ad
834 2270 1001 2323 solum
1020 2269 1272 2321 editorem
1298 2265 1510 2337 speetat,
1535 2263 1600 2316 ad
1622 2262 1778 2315 lecti-

464 2386 621 2422 onem
658 2377 707 2416 et
758 2360 1234 2432 interpretationem
1271 2375 1459 2428 parum
1495 2367 1583 2407 aut
1618 2352 1775 2416 nihil,

466 2479 563 2513 nec
588 2456 682 2510 nifi
707 2457 761 2508 in
784 2454 910 2506 locis
934 2452 1125 2512 dubiis,
1166 2448 1394 2501 obscuris
1424 2460 1474 2499 et
1501 2446 1777 2517 corruptis.

470 2551 671 2603 Verum
695 2560 746 2599 et
779 2543 885 2617 ipse
925 2543 1088 2595 editor
1112 2560 1179 2593 ex
1215 2539 1362 2592 omni
1399 2539 1488 2589 illa
1526 2535 1782 2607 farragine

471 2656 727 2712 perpauca
767 2636 942 2687 tollere
969 2631 1135 2705 potest
1154 2657 1171 2693 3
1213 2628 1461 2704 quorsum
1503 2627 1646 2679 enim
1685 2643 1785 2697 pro

473 2730 698 2784 leetione
721 2727 945 2779 variante
969 2723 1216 2776 sollennia
1240 2735 1289 2775 et
1314 2722 1379 2775 ad
1405 2719 1608 2773 sensum
1633 2717 1787 2770 obvia

476 2819 606 2876 vitia
640 2819 989 2880 librariorum,
1028 2834 1219 2870 errores
1256 2828 1306 2868 et
1346 2813 1574 2888 stupores
1616 2809 1790 2865 mani-

1653 2899 1788 2965 festi,
