1987 3361
490 337 552 374 vx
877 305 1430 365 PRAEFATIO

491 454 804 516 adolescens,
848 454 939 527 qui
970 453 1024 504 in
1060 449 1280 503 fimilem
1304 463 1527 498 errorem
1551 456 1637 496 aut
1661 442 1804 495 diffi-

493 551 737 604 cultatem
771 559 854 599 aut
895 545 947 595 in
990 541 1211 593 eundem
1242 539 1572 606 interpretem
1607 533 1805 585 incide-

492 644 578 703 rit,
607 641 775 693 statim
802 636 999 692 habeat,
1037 649 1142 702 quo
1170 647 1286 680 eum
1314 626 1596 696 redarguat.
1677 624 1802 674 Cae-

492 745 662 784 terum
695 746 808 778 eam
837 726 1004 794 legem
1037 733 1084 771 et
1116 718 1363 789 regulam,
1404 732 1520 786 quae
1561 711 1806 765 omnibus

491 815 852 889 interpretibus
897 808 1154 883 proposita
1199 805 1296 857 effe
1336 804 1505 863 debet,
1550 817 1606 855 ut
1650 801 1804 863 nihil,

495 912 635 986 quod
664 913 774 962 luce
802 908 973 977 aliqua
1001 902 1247 973 indigeat,
1290 917 1410 951 curn
1450 897 1512 950 ad
1546 895 1805 949 illustran-

494 1002 621 1054 dum
651 999 860 1051 difficile
888 995 965 1055 fit,
1009 993 1249 1043 omittant
1277 1009 1334 1040 ac
1360 1000 1681 1060 praetereant,
1723 987 1808 1038 ni*-

494 1094 589 1153 hil,
620 1091 758 1164 quod
788 1088 901 1140 satis
929 1086 1057 1138 lucis
1086 1084 1286 1144 habeat,
1315 1083 1493 1134 alienis
1520 1079 1806 1133 luminibus

495 1183 666 1236 affufis
706 1179 953 1233 offuscent
1000 1190 1048 1227 et
1093 1173 1383 1235 obscurent,
1430 1189 1700 1244 nunquam
1741 1187 1807 1222 ex

494 1275 658 1326 oculis
683 1270 873 1329 dimisi,
916 1282 1069 1338 atque
1097 1285 1154 1317 ea
1186 1265 1313 1316 adeo
1340 1263 1585 1315 industria
1611 1275 1660 1314 et
1686 1279 1806 1312 cau-

496 1364 635 1415 tione
677 1383 760 1414 me
806 1359 933 1412 illud
976 1357 1303 1428 assequutum
1330 1356 1426 1409 esse
1453 1354 1618 1426 spero,
1654 1366 1729 1412 ut,
1770 1351 1808 1404 fi

496 1472 603 1505 non
653 1471 816 1506 raram
871 1450 1185 1508 doctrinam,
1246 1447 1523 1519 exquifitas
1575 1444 1809 1497 observa-

495 1549 684 1603 tiones,
726 1541 919 1593 severas
960 1540 1014 1589 in
1058 1539 1181 1589 alios
1225 1537 1484 1588 stricturas
1526 1535 1806 1596 attulerim,

496 1652 545 1690 at
592 1634 742 1687 utiles
787 1644 963 1683 tamen
1008 1628 1406 1680 commentarios
1446 1627 1499 1678 in
1533 1624 1812 1697 po'e'tarum

495 1724 786 1797 principem
828 1718 1106 1772 condidisse
1134 1718 1295 1770 videri
1323 1717 1557 1777 debeam,
1598 1716 1653 1767 in
1692 1715 1812 1787 qui-

495 1817 592 1868 bus
632 1833 689 1866 ea
724 1811 985 1884 proposita
1025 1810 1139 1872 fint,
1190 1810 1375 1882 quibus
1404 1808 1512 1880 ejus
1534 1795 1692 1858 >lectio
1719 1806 1811 1857 ad-

490 1905 679 1980 juvari,
720 1902 1093 1962 commendari,
1135 1913 1203 1962 et,
1246 1899 1282 1951 fi
1321 1918 1424 1951 non
1453 1898 1598 1955 omni
1624 1894 1813 1966 moles-

498 1997 567 2048 tia
591 1994 823 2054 liberata,
865 2006 916 2044 at
963 2011 1084 2044 cum
1129 1993 1394 2063 voluptate
1429 2003 1602 2042 tamen
1639 1987 1814 2059 aliqua

499 2087 798 2158 conjuncta,
841 2085 1002 2137 videri
1039 2083 1209 2156 poffit.
1288 2085 1468 2155 Itaque
1494 2100 1588 2134 nec
1613 2082 1818 2134 doctri*

501 2198 625 2233 nam
653 2185 821 2251 po'etae
863 2177 1108 2230 illustrare
1151 2178 1378 2249 neglexi,
1421 2189 1487 2236 et,
1529 2175 1563 2227 fi
1605 2195 1708 2248 qua
1749 2175 1812 2227 ab

502 2290 564 2322 eo
589 2271 804 2332 erudite,
833 2270 933 2323 hoc
959 2271 1050 2332 est,
1082 2271 1181 2323 five
1209 2290 1273 2323 ex
1300 2270 1487 2323 fabulis
1514 2285 1563 2323 et
1590 2268 1813 2322 historiis

500 2361 721 2413 arceffita
747 2362 847 2414 five
890 2383 954 2416 ex
995 2364 1302 2415 Graecorum
1339 2368 1609 2434 poetarum
1636 2360 1813 2412 imita-

503 2455 642 2506 tione
669 2455 831 2526 pofita
855 2456 1027 2517 essent,
1066 2459 1154 2509 illa
1179 2459 1308 2520 loca,
1339 2455 1373 2507 fi
1400 2454 1688 2528 supersunt,
1717 2471 1813 2504 ex-

505 2548 674 2607 citavi,
715 2568 807 2600 nec
845 2563 1039 2613 tamen,
1082 2551 1171 2603 etfi
1195 2551 1295 2603 hoc
1319 2569 1458 2602 nunc
1485 2548 1688 2601 factum
1712 2543 1811 2597 effe

506 2640 737 2702 mallem,
780 2641 1036 2715 adscripsi,
1091 2664 1158 2696 ne
1201 2645 1365 2697 moles
1414 2639 1814 2695 commentario-

505 2746 622 2780 rum
657 2731 878 2785 modum
922 2735 1206 2788 excederet.
1287 2740 1410 2808 Qo
1449 2734 1632 2786 eodem
1671 2743 1816 2783 metu

504 2835 599 2868 nec
621 2822 860 2894 exempla
883 2842 1178 2880 coacervare
1202 2828 1257 2883 in
1291 2822 1518 2881 dictione
1546 2822 1814 2896 explican-

1752 2909 1816 2964 da
