1821 3381
291 304 398 355 DE
445 274 811 352 CARMINE
857 298 1274 348 Bucomco.
1377 317 1431 353 21

129 435 232 485 exul
262 434 353 481 Aut
388 433 566 480 Ararim
606 431 799 480 Parthus
836 431 947 476 bibet
983 437 1059 476 aut
1092 429 1320 475 Germania
1358 431 1440 477 ‘st'-

127 520 241 580 grim
258 543 277 571 ;
310 529 356 564 et
378 517 456 563 illa
477 535 487 563 :
525 516 588 561 At
611 531 681 562 nos
702 514 800 560 hinc
821 513 1101 570 aliisttienles
1124 513 1273 558 ibimus
1294 513 1439 574 Afros,

135 601 252 647 Pars
288 602 500 664 Scythiam
535 609 578 647 et
612 599 805 660 rapidum
844 597 980 643 Cretae
1014 599 1226 642 veniemus
1264 597 1439 643 Oaxem.

133 682 281 748 Qod
304 683 503 729 infames
534 696 690 727 mores
725 679 965 742 pastorum
1001 695 1097 725 uno
1133 679 1297 726 saltem
1330 680 1440 726 loco

132 767 350 829 expressit
375 767 500 828 (Ecl.
527 765 601 812 III
624 768 743 827 pr.),
767 765 857 810 hoc
889 776 987 810 erat
1008 764 1134 826 quod
1160 764 1238 810 vix
1260 763 1319 810 ab
1343 762 1441 827 ejus

132 852 399 899 urbanitate
441 851 820 913 expectabamus.
911 850 989 896 An
1036 865 1148 895 vero
1187 849 1238 894 in
1284 848 1440 894 verbis

132 933 330 996 agrestia
375 945 421 979 et
468 932 641 980 soloeca
691 933 912 995 sequutus
957 933 1028 990 fit,
1077 948 1169 978 non
1219 931 1441 993 equidem

133 1014 281 1061 aufim
323 1015 640 1078 pronuntiare.
722 1015 852 1061 Nam
893 1013 1072 1060 diversa
1111 1030 1180 1060 res
1219 1014 1282 1060 est
1304 1038 1316 1068 ;
1353 1015 1442 1061 effe

132 1095 248 1143 dura
273 1097 511 1154 nonnulla,
544 1110 651 1157 quae
679 1094 725 1140 in
751 1096 822 1141 his
847 1096 1024 1155 eclogis
1048 1109 1309 1151 occurrant,
1333 1113 1443 1159 quae

133 1191 292 1226 tamen
321 1191 543 1241 corrupta
566 1178 723 1241 potius
750 1188 796 1222 et
825 1176 1103 1238 interpolata
1128 1178 1315 1226 dixeris.
1364 1181 1444 1229 Ex

132 1274 229 1304 uno
276 1277 387 1306 vero
429 1259 527 1315 illo,
580 1260 709 1321 quod
767 1260 902 1322 cujum
936 1270 1067 1320 pecus
1107 1261 1442 1321 reprehensum

133 1341 265 1388 fuiffe
311 1341 666 1389 Grammaticus
703 1354 870 1397 narrat,
906 1338 986 1387 vix
1028 1340 1134 1387 satis
1169 1354 1274 1388 tuto
1308 1342 1444 1406 judi-

134 1425 265 1471 cium
302 1424 457 1471 facias.
529 1426 599 1472 Ut
630 1436 789 1471 tamen
828 1424 1057 1487 Virgilius
1099 1436 1279 1471 tantam
1315 1426 1444 1490 apud

133 1506 380 1568 populares
421 1507 523 1553 suos
561 1508 748 1554 laudem
782 1524 868 1570 per
891 1507 1113 1554 Bucolica
1137 1508 1444 1571 consequere-

134 1599 227 1644 tur,
264 1587 374 1633 fecit
408 1588 646 1651 imprimis
683 1588 748 1634 rei
786 1589 983 1644 novitaS‚
1018 1587 1224 1650 felixque
1256 1590 1305 1636 in
1341 1607 1443 1637 car-

136 1671 266 1716 mine
309 1669 481 1726 Siculo,
517 1671 643 1732 quod
684 1669 781 1732 ipsa
813 1670 1036 1717 sermonis
1071 1671 1275 1718 Romani
1311 1673 1445 1737 aspe-

135 1753 246 1799 ritas
299 1751 510 1815 respuere
552 1752 817 1808 videbatur,
874 1752 1194 1799 transferendo
1232 1756 1442 1802 audacia.

135 1832 367 1879 Nondum
403 1834 531 1879 enim
578 1834 731 1879 sermo
771 1833 1013 1880 Romanus
1058 1835 1114 1881 acl
1161 1835 1251 1882 hoc
1288 1853 1446 1883 rerum

135 1930 298 1976 genus,
333 1914 391 1960 ad
431 1915 673 1960 venustam
706 1916 825 1962 hanc
856 1915 1226 1979 simplicitatem,
1260 1919 1320 1964 ad
1356 1936 1446 1965 nu-

137 2014 378 2045 merorum
433 1996 555 2043 hanc
601 1997 872 2057 mollitiem,
905 2000 1142 2067 expolitus
1188 2014 1298 2058 erat,
1332 2018 1445 2049 cum

137 2081 278 2127 Nlaro
313 2081 497 2144 primus
540 2092 742 2127 tentaret
788 2097 977 2127 carmen
1017 2081 1290 2129 bucolicum
1331 2084 1448 2131 scri-

135 2165 261 2211 bere.
330 2166 447 2210 Sunt
475 2178 703 2227 praeterea
731 2166 880 2211 multa
905 2166 1067 2228 magni
1107 2165 1263 2227 poetae
1287 2167 1335 2211 in
1374 2167 1446 2212 his

135 2246 244 2309 ipfis
283 2247 573 2294 carminibus
606 2248 817 2310 vestigia,
853 2248 1074 2310 inprimis
1114 2249 1326 2295 dodirina
1364 2266 1448 2295 co-

135 2329 279 2393 piosa,
312 2332 535 2377 orationis
572 2333 777 2394 dignitas
828 2345 875 2378 et
917 2333 1154 2379 elaborata
1189 2334 1449 2396 limamque

136 2412 186 2457 in
229 2412 460 2474 plerisque
496 2414 741 2476 elegantia.
815 2415 983 2476 Eclogae
1021 2416 1218 2476 quidem
1260 2432 1448 2473 nomen,

136 2509 189 2541 ut
237 2495 414 2557 idyllii‚
465 2496 589 2543 haud
640 2498 784 2544 dubie
844 2498 1186 2544 Grammaticis
1230 2500 1444 2547 debetur.

139 2579 264 2625 Cum
290 2580 446 2642 primo
471 2579 607 2626 latius
631 2592 828 2642 pateret,
863 2595 908 2627 et
936 2582 993 2626 ad
1034 2582 1236 2643 quodvis
1272 2583 1448 2628 carmi-

138 2663 208 2708 nis
233 2663 325 2708 five
350 2663 506 2725 operis
534 2680 679 2726 genus
717 2665 989 2727 pertineret,
1022 2666 1148 2727 quod
1186 2681 1210 2710 e
1234 2664 1447 2727 pluribus

137 2744 373 2791 delectum
412 2745 534 2802 effet,
567 2759 649 2793 aut
692 2763 718 2793 e
766 2747 982 2809 pluribus
1026 2745 1236 2810 ejusdem
1281 2746 1450 2792 formae

137 2826 394 2883 constaret;
431 2839 483 2875 ut
507 2827 698 2877 Horatii
722 2830 969 2882 Sermones
1008 2828 1058 2878 in
1095 2828 1333 2876 nonnullis
1363 2841 1448 2871 co-

1259 2906 1449 2956 dicibus
