1821 3381
287 287 836 355 GEORGICON,
900 293 1051 342 ΜΒ.
1117 290 1216 342 111.
1289 308 1384 359 427

85 435 192 486 Nec
216 448 319 481 mos
340 431 559 479 bellantis
580 447 674 479 una
693 429 948 478 stabulare:
981 427 1060 476 sed
1081 427 1201 476 alter

84 526 246 574 Viffius
262 525 385 582 abit,
408 525 642 589 longeque
665 523 839 586 ignotis
864 520 1040 569 exsulat
1058 519 1153 566 oris
1167 543 1183 575 ;
1298 531 1356 568 22
1362 531 1387 585 5

86 619 248 670 Multa
269 633 463 683 gemens
487 617 802 681 ignominiam
824 615 1078 678 plagasque
1098 611 1287 677 superbi

42 710 46 714 ’
84 710 305 767 Vifi'toris,
328 721 450 768 turn,
473 725 591 773 quos
614 708 768 756 amifit
791 708 984 766 inultus,
1013 722 1197 754 amores

82 800 149 850 Et
171 799 348 848 stabula
369 797 640 861 adspectans
664 796 819 860 regnis
843 794 1028 843 exceffit
1050 795 1204 845 avitis.

82 897 215 961 Ergo
231 895 365 942 omni
382 909 494 942 cura
511 893 630 940 vires
654 902 855 948 exercet,
878 902 925 937 et
947 890 1071 937 inter

83 987 215 1035 Dura
232 985 360 1050 jacet
383 1001 562 1049 pernox
586 983 781 1030 instrato
801 982 905 1030 saxa
929 981 1091 1039 cubili,
1301 995 1326 1028 2
1330 995 1394 1044 30

82 1076 351 1127 Frondibus
373 1075 558 1124 hirsutis
583 1086 629 1122 et
651 1074 806 1121 carice
827 1075 984 1138 pastus
1007 1086 1142 1122 acuta
1159 1097 1174 1130 ;

82 1168 150 1218 Et
170 1180 320 1216 tentat
341 1166 449 1226 sese,
468 1178 610 1231 atque
629 1165 763 1213 irasci
784 1166 835 1211 in
859 1181 1036 1213 cornua
1057 1165 1198 1213 discit

82 1258 284 1307 Arboris
304 1257 506 1305 obnixus
529 1269 712 1314 trunco,
730 1255 987 1319 ventosque
1009 1256 1182 1303 laceffit

82 1376 102 1397 a
117 1365 261 1399 Parthas.
278 1367 375 1410 longus
390 1367 522 1410 Olympus
536 1376 595 1408 pro
609 1364 742 1407 vulgato
757 1377 874 1408 magnus
890 1364 1022 1408 Olympus
1034 1363 1103 1406 jam
1124 1363 1258 1395 Heinsio
1279 1363 1395 1406 proba-

83 1417 154 1449 tum
169 1418 288 1459 recepit
305 1419 415 1449 Burm.
432 1428 470 1449 ex
496 1428 561 1449 uno
581 1417 733 1448 Mediceo
749 1424 781 1447 et
808 1416 951 1447 Macrob.
967 1417 1029 1454 VI,
1043 1426 1064 1453 4
1086 1423 1177 1454 extr„
1191 1422 1227 1446 ut
1248 1414 1285 1446 fit
1300 1425 1395 1448 mont

82 1468 181 1510 longo
194 1468 273 1511 jugo
289 1478 466 1501 excurrens.
511 1469 637 1500 Verum
657 1467 690 1499 h.
706 1467 728 1499 l.
746 1468 879 1510 Olympus
895 1477 959 1498 non
975 1477 1076 1506 mons,
1098 1467 1152 1498 sed
1174 1466 1308 1505 caelum3
1330 1473 1390 1499 ut:

82 1517 107 1552 ²⁵5
127 1520 228 1552 clamor
253 1521 328 1553 caelo.
420 1528 493 1560 225.
522 1520 643 1553 excubat
670 1519 916 1553 Ven.--226.
931 1521 1076 1562 ignominia
1090 1519 1183 1550 Leid.
1199 1526 1230 1550 et
1254 1519 1393 1561 Menag·

82 1570 142 1602 sec.
231 1571 304 1605 228.
318 1573 429 1616 stabuli
452 1572 485 1603 in
513 1572 634 1604 Medic.
653 1583 671 1603 a
686 1582 728 1603 m.
752 1581 802 1614 pr.
823 1571 998 1612 Fogginius
1022 1578 1129 1602 tamen
1150 1580 1217 1601 non
1237 1569 1393 1611 expreffit.

80 1621 191 1661 excedi»
207 1622 333 1654 Zulich.
425 1631 499 1664 229.
523 1632 550 1654 et
574 1624 649 1658 intus
670 1625 752 1655 Ven.
842 1631 914 1662 230.
930 1624 1035 1665 pernix
1061 1621 1239 1653 constanter
1260 1621 1335 1652 libri
1359 1627 1393 1652 et

85 1673 312 1713 Grammatici,
331 1674 386 1716 qui
401 1685 419 1705 a
428 1675 590 1718 pernitendo
605 1674 740 1706 duffii-n
754 1673 813 1705 esse
823 1674 1047 1719 perseverantem
1062 1672 1268 1704 contendunt.
1293 1671 1393 1715 Qod

83 1725 107 1757 fi
123 1738 141 1758 a
155 1727 298 1769 Virgilio
311 1728 366 1766 est,
391 1739 474 1760 nove
500 1728 591 1760 dixit.
635 1729 790 1760 Nondum
811 1728 898 1759 enim
913 1727 1020 1759 locum
1042 1727 1120 1765 vidi,
1143 1726 1197 1758 ubi
1215 1728 1319 1770 pernix
1343 1726 1390 1758 ita

81 1778 206 1810 dietum
221 1778 316 1818 effet;
338 1780 392 1811 sed
413 1781 537 1822 semper
563 1780 608 1812 est
633 1780 725 1819 celer,
741 1790 822 1818 acer,
843 1779 998 1816 strenuus,
1020 1779 1118 1810 etiam
1133 1778 1167 1808 in
1186 1778 1267 1814 loco,
1292 1788 1390 1819 quem

83 1830 167 1865 male
181 1831 322 1877 laudant,
346 1833 462 1865 Horat.
488 1832 591 1873 Epod.
617 1833 658 1874 II,
677 1842 720 1871 42
736 1834 861 1865 Pet-uicis
883 1844 954 1863 uxor
976 1831 1097 1875 Appuli.
1142 1832 1255 1863 Pet-nox
1266 1831 1334 1872 jam
1349 1829 1389 1862 ab

81 1883 162 1914 Ald.
186 1883 236 1915 ed.
251 1883 306 1915 alt.
324 1891 357 1916 et
374 1891 446 1917 tert.
463 1884 598 1922 editum,
612 1885 695 1916 male
711 1885 829 1916 iterum
844 1884 994 1915 relietum
1017 1883 1056 1914 ab
1081 1883 1159 1921 aliis,
1176 1883 1231 1924 qui
1247 1882 1388 1925 primam

82 1935 236 1968 Aldinam
251 1936 436 1979 expreffere,
452 1936 562 1968 multis
577 1937 678 1968 doetis
693 1937 781 1974 viris,
804 1937 902 1968 etiam
918 1935 1088 1978 scaligero,
1110 1935 1254 1973 Heinsio,
1274 1934 1390 1978 proba-

81 1995 153 2019 tum
167 1989 329 2020 revocavit
350 1990 460 2020 Burm.
503 1989 551 2018 Ex
574 1987 672 2030 glossa
699 1988 795 2030 Regii
819 1995 850 2020 et
873 1988 1011 2019 Mentel.
1037 1998 1085 2030 pr.
1114 1986 1215 2018 Schol.
1241 1985 1389 2029 Juvenal.

81 2041 170 2079 Vm,
189 2049 239 2078 10,
255 2040 434 2082 Philargyr.
455 2040 504 2079 (in
520 2039 597 2071 edit.
617 2040 812 2070 Commelin.
831 2049 848 2070 e
863 2040 931 2071 cod.
956 2040 1055 2070 Palat.
1079 2037 1232 2081 expreffa)
1255 2038 1392 2081 suspicIO

84 2100 165 2130 erat,
178 2092 239 2123 hoc
252 2092 319 2134 jam
333 2093 412 2125 olim
427 2093 461 2124 in
473 2092 561 2123 libris
576 2092 682 2131 fuiffe3
709 2101 739 2123 et
756 2092 905 2124 exhibent
927 2092 999 2123 sane
1021 2099 1155 2134 uterque
1177 2091 1282 2123 Mcad.
1302 2092 1388 2123 Can-

87 2143 203 2186 tabrig.
236 2144 358 2175 Bodlei.
382 2151 415 2176 et
435 2143 516 2176 alter
532 2144 688 2176 Arundel.
779 2153 853 2183 232.
882 2144 952 2175 Hos
976 2143 1083 2175 versus
1102 2144 1221 2175 iterum
1246 2143 1392 2186 apposuit

84 2197 179 2239 po'e'ta
196 2199 269 2227 AEn.
281 2198 357 2236 XII,
373 2195 551 2234 104-106
643 2205 713 2235 233.
738 2197 848 2227 innixus
864 2194 968 2226 schol.
981 2195 1129 2238 Juvenal.
1147 2197 1222 2234 XII,
1237 2196 1290 2228 sed
1303 2205 1333 2229 et
1345 2193 1391 2228 ibi

86 2247 172 2281 voff.
183 2248 308 2281 obnixus.
352 2248 474 2285 adnixus
488 2248 574 2280 Toll.
621 2248 728 2280 obnixos
745 2247 830 2278 Gud.
873 2256 981 2279 truncos
991 2246 1072 2278 alter
1087 2249 1215 2290 Menag.

818 2345 891 2382 ²29
941 2332 1019 2384 sqq.
1072 2333 1391 2374 Praestantiffimum

766 2384 862 2421 huuc
882 2385 1017 2429 locum,
1037 2394 1076 2421 ut
1089 2385 1307 2434 jamdudum
1332 2388 1392 2425 vi-

766 2435 896 2472 derunt
912 2449 995 2472 curn
1008 2436 1142 2486 scalig.
1158 2437 1261 2474 Poe't.
1281 2451 1313 2475 c.
1342 2452 1390 2490 14

768 2486 996 2537 Interpretes,
1011 2487 1144 2525 imitati
1154 2488 1234 2524 sunt
1249 2488 1391 2528 Lucan.

83 2343 167 2372 cum
180 2330 384 2370 imitatione
396 2332 492 2370 hunc
507 2333 627 2370 locum
641 2345 704 2370 ex-

81 2382 253 2468 {ilrimeret
264 2383 384 2421 Theb.
396 2384 468 2429 IV,
479 2398 565 2434 399.
616 2397 703 2435 227.

83 2450 86 2452 ’
121 2434 250 2471 alerius
281 2433 445 2479 Flaccus,
474 2438 549 2485 jam
585 2435 707 2472 Cerda

74 2495 264 2530 monente,
291 2486 378 2523 hinc
395 2487 557 2537 accepit:
586 2496 706 2524 taurus

79 2536 195 2575 ,vifior
224 2537 458 2587 ubi—revfit
485 2540 530 2575 Et
552 2545 704 2589 patrium

78 2603 204 2631 nemus,
222 2600 254 2625 et
270 2588 351 2625 bello
366 2605 440 2640 quos
454 2588 541 2627 ultus
566 2604 702 2628 amores.

79 2638 126 2676 L.
139 2640 199 2684 ¹11,
231 2642 316 2691 548.
339 2653 426 2690 549.
460 2644 546 2679 228.
562 2641 704 2691 stabula

72 2691 285 2740 aufidium,
336 2691 540 2742 respiciens,
593 2701 704 2730 retor-

80 2753 192 2790 quens
208 2743 350 2787 oculos;
379 2752 418 2779 ut
431 2742 584 2780 facimus
593 2743 632 2780 in
648 2756 700 2786 re,

78 2804 187 2840 quam
210 2793 319 2831 inviti
346 2793 594 2844 relinquimus,
644 2810 703 2833 ex-

79 2844 163 2890 cfft
179 2845 284 2883 dofle
300 2854 436 2884 mutato
451 2856 625 2896 tempore,
638 2859 705 2898 pro

71 2896 237 2943 ,excedit-

766 2538 820 2581 ΙΙ,
857 2539 1055 2591 601-607
1093 2540 1261 2588 praeclaro
1293 2540 1392 2585 loco,

767 2589 899 2627 Statius
928 2590 1047 2628 Theb.
1083 2591 1136 2635 II,
1173 2604 1390 2641 323-—330‚

766 2640 875 2678 Silius
892 2640 974 2680 Ital.
995 2641 1108 2685 XVI,
1127 2655 1266 2691 4—10.
1299 2657 1387 2691 230.

763 2695 912 2742 nstrata,
935 2693 973 2731 h.
1001 2693 1028 2730 l.
1059 2707 1130 2731 non
1153 2695 1257 2730 strato
1274 2694 1389 2739 cubili,

765 2743 805 2781 in
847 2744 945 2782 nudo
988 2745 1076 2782 solo.
1143 2745 1238 2781 Mox
1272 2760 1388 2789 carex,

761 2794 866 2884 jum}
890 2809 1015 2885 ἒεῗέἷ.
1048 2796 1114 2884 ςΙῗΙ
1132 2795 1340 2885 ΜΖειῐῐίη.ξ.
1358 2798 1389 2835 l.

763 2856 874 2950 {iajci'
892 2860 942 2938 inc
962 2875 1083 2939 τῖνζηιια
1115 2862 1227 2952 Ξίψίῗ.
1288 2862 1387 2937 Cissi

1214 2949 1388 3000 sententia
