1987 3361
435 254 910 316 c‘oDICIBUS
968 270 1110 318 MSS.
1337 287 1425 321 m

113 396 232 454 turis
265 415 528 459 exornatus,
574 402 747 465 quibus
782 402 859 448 ille
894 403 1045 449 multo
1079 403 1223 451 etiarn
1258 408 1427 471 magis,

115 504 262 550 quam
296 486 526 549 scriptura
559 486 680 531 inter
713 485 836 531 viros
869 485 1030 531 dodtos
1065 486 1288 534 celebrari
1322 504 1427 534 coe-

114 570 206 631 pit.
275 568 517 631 Scriptura
538 568 718 615 deflexa
740 567 804 613 est
827 567 885 613 ad
922 567 1190 614 molliorem
1213 584 1427 630 pronun-

111 634 389 696 tiationem:
425 666 469 695 v.
502 666 544 695 c.
577 650 767 710 impostti‚
795 650 961 711 affigat,
995 664 1106 706 non,
1130 651 1306 711 inpostti,
1341 654 1424 698 ad.

112 733 236 795 lzgal.
305 732 415 793 Jam
439 748 547 794 quae
571 731 629 776 de
656 731 847 778 Codicis
880 743 1019 778 aetate
1043 748 1069 777 a
1102 732 1280 780 doffiff.
1308 736 1425 782 Bot-

111 814 228 860 tario
267 825 313 859 et
346 830 371 859 a
403 809 501 859 PP.
528 812 893 869 Benfflicstinssff
926 812 1160 875 disputata
1183 813 1305 872 sunt,
1342 816 1423 863 hie

110 896 306 958 quidem
341 908 550 959 repetere
583 913 675 942 non
710 896 967 959 possumus.
1045 897 1094 943 Si
1128 910 1287 946 tamen
1321 901 1431 951 hos,

108 994 353 1042 tamquam
376 978 821 1042 doetioresjudices,
845 980 1021 1037 audias,
1043 993 1089 1027 et
1113 982 1257 1040 Italis,
1281 986 1421 1047 quic-

107 1064 224 1128 quid
248 1079 451 1126 pravum
478 1063 637 1108 onmia
669 1062 727 1107 ad
763 1060 993 1125 majorem
1028 1065 1309 1114 vetustatem
1344 1084 1420 1116 re-

107 1147 308 1194 vocandi
355 1145 564 1192 studium
608 1145 909 1192 comminisci
958 1147 1104 1210 justit,
1146 1153 1384 1201 condones
1401 1175 1416 1204 z

106 1241 340 1293 quantum
362 1228 554 1290 quidem
585 1228 631 1273 in
667 1244 714 1273 re
749 1228 928 1274 incerta
960 1232 1270 1295 conjecstando
1303 1237 1419 1284 asse..

106 1312 190 1376 qui
213 1312 341 1368 licet,
365 1326 456 1357 non
482 1311 601 1356 ultra
625 1310 850 1357 saeculum
877 1311 919 1358 V
942 1312 1170 1377 assurgere
1187 1332 1238 1363 ea
1263 1320 1420 1367 vetus-

105 1405 175 1442 tas
211 1393 412 1440 videtur.
493 1393 638 1448 Nam,
677 1393 806 1455 quod
839 1396 1142 1457 praecipuum
1176 1400 1416 1462 opinionis

106 1476 166 1525 de
190 1477 342 1524 multo
371 1474 547 1538 majore
581 1476 860 1538 antiquitate
894 1477 1170 1540 praefidium
1199 1498 1224 1527 a
1257 1483 1417 1545 pietu-

105 1574 170 1605 rae
191 1557 394 1605 artificio
416 1573 468 1603 ac
493 1557 644 1603 nitore
662 1556 853 1619 petitur,
890 1558 938 1604 id
968 1574 1054 1605 nec
1079 1562 1231 1624 magis
1257 1575 1413 1612 tutum

105 1657 158 1688 ac
183 1641 378 1686 firmum
402 1639 481 1685 est.
541 1638 700 1685 Potuit
724 1641 853 1685 enim
877 1639 1045 1687 seriore
1068 1645 1284 1704 quamvis
1309 1662 1415 1695 aevo

105 1725 283 1769 bonum
308 1721 498 1783 aliquod
533 1721 779 1784 ingenium
802 1723 998 1768 meliora
1026 1722 1168 1786 sequi,
1202 1738 1263 1783 et,
1297 1729 1331 1773 fi
1355 1746 1414 1777 ex

103 1803 354 1852 vetustiore
386 1801 511 1847 libro
545 1803 619 1848 hae
654 1803 766 1865 ipsae
801 1803 999 1866 pieturae
1034 1806 1258 1868 expreffae
1293 1809 1414 1871 sunt,

101 1890 230 1953 quod
255 1899 379 1934 certe
402 1886 589 1950 majoris
610 1888 657 1934 in
673 1888 891 1945 vestibus,
916 1890 1072 1946 armiS,
1092 1903 1136 1936 et
1152 1892 1255 1939 aliis
1274 1895 1411 1942 rebus

101 1970 393 2033 antiquitatis
415 1969 609 2032 vestigia
627 1971 851 2016 nonnulla
868 1969 1074 2027 suadent,
1093 1973 1411 2035 antiquiorem

100 2072 154 2103 ac
173 2037 421 2101 meliorem
445 2053 676 2099 rationem
694 2053 975 2116 exprimere.
1012 2054 1115 2101 Nec
1135 2066 1292 2102 tamen
1312 2060 1415 2105 val-

99 2138 159 2185 de
182 2135 348 2183 vetusti
373 2135 517 2181 moris
542 2136 735 2198 vestigia
760 2136 807 2181 in
833 2136 903 2181 his
928 2137 1123 2199 pieturis
1149 2138 1412 2202 deprehen-

100 2219 198 2276 das,
222 2233 305 2263 nec
331 2216 495 2272 laudis,
529 2233 622 2279 qua
643 2218 847 2278 pieturas
882 2218 983 2264 illas
1020 2218 1236 2277 efferunt,
1262 2221 1410 2284 justas

96 2312 144 2347 et
166 2299 353 2345 idoneas
375 2296 548 2343 cauffas
571 2296 660 2343 effe
683 2298 855 2345 videas.
893 2298 996 2344 Nec
1024 2300 1150 2346 enim
1175 2300 1410 2350 subtilita-

97 2394 145 2429 te
162 2382 393 2428 linearum
416 2397 500 2428 nec
525 2379 787 2428 formarum
821 2382 1051 2445 elegantia
1086 2384 1180 2430 illae
1204 2385 1249 2432 se
1271 2403 1409 2434 com-

99 2464 354 2518 mendant;
390 2464 569 2510 ratione
603 2465 829 2527 partium,
865 2465 1139 2528 symmetria
1174 2481 1218 2515 et
1252 2471 1408 2518 multo

97 2545 248 2609 magis
270 2546 451 2608 optices
475 2546 579 2609 lege
599 2563 651 2593 ac
676 2547 782 2603 fide,
807 2560 1003 2609 peccant
1036 2563 1218 2595 omnes.
1268 2551 1409 2597 Inve-

95 2628 256 2686 niendi
271 2644 382 2674 vero
394 2640 439 2675 et
453 2629 701 2676 ordinandi
719 2629 975 2678 artificium
988 2631 1186 2678 omnino
1200 2632 1404 2685 nullum.

212 2761 237 2808 ἦ
255 2761 422 2801 Nouveau
440 2762 565 2803 ‘Traite'
577 2765 616 2803 de
633 2764 894 2817 D12>l0mcztiquffi
914 2765 965 2807 T.
984 2764 1057 2812 III,
1075 2779 1111 2818 p.
1132 2768 1194 2819 56.
1214 2780 1277 2823 57.

1316 2883 1409 2934 Sed
