1987 3361
413 251 1084 326 EDITIONIBUS
1206 295 1390 329 mmm

303 429 554 477 Editiones
577 428 715 492 hujus
739 427 897 475 saeculi
922 427 954 475 s.
980 445 1023 475 a.
1050 427 1183 476 sunt:

143 553 312 592 Manuale
336 554 726 607 Vergilianum—[Moci
749 553 855 590 Badii
867 552 1011 603 Astetfii
1028 557 1269 603 finiendarum
1287 555 1403 594 diluci-

91 613 224 650 datione
237 620 391 651 inornata
1075 612 1151 649 obl.
1171 615 1207 650 8.
1227 613 1252 650 s.
1272 615 1297 652 l.
1316 624 1351 651 et
1368 629 1403 654 a.

147 671 265 709 Totus
281 672 404 709 titulus
422 670 537 708 libelli
555 669 727 720 expressus
740 673 817 721 jam
835 669 874 707 in
891 670 1010 708 Catal.
1043 669 1084 708 B.
1104 670 1154 709 R.
1170 671 1280 709 Paris.
1301 673 1402 712 Poes.

93 742 131 766 n.
169 731 253 768 821.
311 730 478 768 Praefatus
502 729 646 767 Ludon.
680 729 923 780 Hohenwang
959 729 1218 781 Elchingenfis.
1246 732 1403 771 Charac-

22 804 25 808 ·
92 796 146 824 ter
161 782 358 826 lit¹terarum
376 790 421 825 est
437 787 674 838 neogothicus
691 798 725 824 et
743 788 916 838 ingratus.

146 847 255 885 Editio
273 846 472 885 Colinaeana
489 846 517 885 s.
546 860 580 884 a.
608 847 646 883 in
666 845 760 884 Bibl.
792 847 883 898 Reg.
904 846 1016 884 Paris.
1036 861 1072 885 n.
1095 849 1166 887 828
1185 859 1220 886 et
1237 850 1275 887 in
1290 851 1403 890 Bibli-

92 905 172 942 oth.
203 905 331 943 Smith.
354 919 437 957 pag.
460 905 531 948 DI,
560 918 667 955 quam
686 917 706 941 a
737 905 944 943 Maittairio
974 905 1012 942 in
1043 905 1140 944 Hist.
1169 908 1405 961 Typograph.

96 967 209 1006 Paris.
229 978 387 1005 notatam
415 981 488 1005 non
505 968 612 1005 video
625 982 636 1012 3
663 976 700 1004 at
727 967 765 1004 in
785 967 918 1006 Annal.
948 968 998 1005 T.
1020 967 1094 1013 III,
1120 983 1157 1020 p.
1179 975 1266 1020 318.
1283 971 1332 1011 T.
1351 972 1406 1016 II,

92 1041 132 1081 p.
151 1041 221 1076 401
245 1028 291 1065 de
308 1042 348 1066 ea
367 1028 460 1078 agit.

145 1087 256 1127 Editio
271 1089 378 1126 Henr,
397 1086 561 1138 Stephani
567 1092 681 1136 prima
680 1089 718 1135 s.
730 1101 765 1123 a.
784 1085 841 1122 sed
860 1086 905 1122 ad
927 1100 1020 1138 1577
1042 1087 1238 1127 referenda.

149 1147 190 1183 P.
213 1146 253 1184 V.
289 1147 343 1184 M.
379 1149 459 1185 Bac.
490 1157 520 1183 et
555 1147 714 1199 Georgica
734 1161 805 1182 cum
834 1148 1019 1184 Commento
1031 1148 1222 1198 familiari.
1261 1149 1406 1196 (Herm.

95 1205 325 1255 Torrentini)
346 1204 455 1243 Paris.
472 1205 634 1256 impreffa
647 1218 709 1255 per
729 1203 885 1241 Felicem
902 1205 1097 1256 Balligault
1267 1208 1292 1245 s.
1314 1221 1346 1246 a.
1366 1222 1402 1257 4.

147 1265 324 1304 Biblioth.
344 1266 483 1305 Bunau.
537 1265 587 1303 T.
608 1265 641 1309 Ι,
666 1276 750 1315 pag.
772 1277 859 1313 30²·
914 1263 1037 1302 Etiam
1056 1265 1093 1302 in
1113 1265 1286 1304 Biblioth.
1308 1268 1407 1305 Hul-

98 1323 190 1362 fiana
210 1334 245 1362 et
264 1325 343 1362 aliis
361 1325 502 1362 laudari
519 1324 654 1362 videas.
898 1326 900 1328 ’

148 1385 368 1434 Editionems.
401 1384 428 1420 l.
461 1395 492 1420 et
515 1400 551 1420 a.
571 1399 642 1421 cum
660 1382 745 1420 Aldz·
766 1382 920 1420 Munatii
943 1382 1086 1432 epistola,
1114 1382 1245 1422 Italico
1263 1385 1406 1423 charac-

98 1450 187 1487 tere,
214 1442 353 1480 viderat
371 1442 599 1480 Maittairius
618 1442 751 1479 Annal.
771 1441 935 1492 Typogr.
956 1441 1005 1478 T.
1020 1441 1071 1483 ΙΙ,
1088 1455 1172 1493 pag.
1197 1456 1282 1494 149,
1300 1458 1408 1495 quam

98 1513 120 1537 a
149 1501 270 1539 Barth.
309 1502 420 1547 Trot,
448 1500 677 1552 Lugdunenfi
703 1500 945 1550 typographO,
970 1500 1136 1538 excusam
1163 1502 1227 1540 effe
1249 1503 1410 1553 putabat.

102 1559 231 1597 Habui
255 1573 333 1600 eam
358 1560 508 1611 posthaec
538 1561 576 1597 in
594 1559 758 1596 manibus
784 1558 934 1608 vidique
953 1572 996 1596 ex
1016 1560 1104 1597 Ald.
1125 1573 1178 1611 pr.
1214 1562 1406 1612 express'am

101 1630 143 1655 ac
162 1618 348 1669 repetitam
362 1619 427 1656 effe
442 1631 506 1655 nec
523 1631 589 1669 pro
614 1618 738 1656 eadem
759 1616 960 1655 habendam
973 1633 984 1663 3
1011 1618 1062 1656 ita
1078 1633 1113 1657 v.
1150 1632 1184 1658 e.
1213 1634 1249 1671 p.
1278 1620 1313 1665 Ι,
1340 1621 1407 1659 lin.

102 1686 196 1715 extr.
223 1678 341 1715 Malus
359 1694 414 1728 ego
429 1687 628 1715 exaratum.

153 1736 318 1774 AEneidos
335 1736 416 1773 libri
434 1738 491 1774 VI
507 1736 578 1774 fine
597 1736 720 1781 titulo,
748 1750 785 1786 4.
813 1745 1057 1774 memorantur
1073 1736 1280 1774 Maittairio
1297 1737 1335 1775 in
1352 1737 1410 1776 In·

104 1793 189 1831 dice
206 1794 339 1832 Annal.
359 1808 394 1844 p.
417 1808 503 1845 331.

155 1852 267 1890 Culex
284 1867 354 1890 cum
371 1853 447 1890 aliis
465 1853 490 1892 s.
511 1867 545 1891 a.
568 1854 602 1890 8.
623 1854 708 1902 maj.

155 1913 291 1963 Georgii
304 1912 532 1950 Alexandrini
546 1911 725 1960 (Merulae)
746 1914 993 1951 Emendationes
1015 1917 1053 1950 in
1069 1912 1221 1951 Plinium
1238 1924 1267 1950 et
1300 1914 1412 1964 Virgi-

105 1971 211 2009 lium:
238 1970 401 2020 subje&ae
416 1972 491 2020 ejus
506 1971 544 2008 in
564 1970 716 2008 Librum
731 1972 777 2008 de
805 1971 963 2009 Homine
987 1971 1138 2010 Galeoti
1165 1973 1278 2025 Oper.
1312 1987 1348 2023 4.
1386 1973 1411 2010 s.

104 2042 137 2068 a.
156 2028 194 2066 in
213 2029 353 2067 Goelzii
370 2029 545 2068 Biblioth.
563 2029 689 2068 Dresd.
718 2031 768 2069 T.
787 2031 839 2075 ΙΙ,
865 2044 902 2081 p.
923 2044 1010 2082 207.

159 2280 204 2317 P.
224 2281 268 2318 V.
287 2281 343 2318 M.
363 2282 478 2332 Opera
493 2298 564 2320 cum
583 2282 759 2333 Erythraei
770 2285 884 2322 indice.
938 2283 1159 2321 Commelin.
1242 2285 1275 2320 8.
1304 2286 1414 2324 1601.

165 2342 224 2387 (ex
242 2340 405 2396 Venetis?
432 2342 561 2382 omiffis
582 2352 700 2384 tamen
727 2342 905 2392 Erythraei
933 2342 1049 2391 Obff.)
1104 2342 1164 2380 Est
1181 2342 1289 2380 etiam
1314 2344 1352 2382 h.
1382 2358 1415 2383 a.

111 2396 327 2436 Genevenfis
343 2413 376 2438 c.
396 2414 432 2438 n.
454 2401 572 2438 Paulli
587 2400 750 2439 Manutii
768 2412 803 2439 et
823 2401 894 2440 Ge.
914 2401 1082 2440 Fabricii.

160 2458 304 2507 Operum
316 2459 372 2507 Cl.
392 2460 432 2497 V.
449 2461 614 2498 Nicodemi
630 2461 661 2496 F
661 2459 946 2515 rischlini-—Pars
954 2461 1225 2513 paraphrcssica‚
1244 2478 1311 2513 qua
1331 2474 1415 2500 cont.

112 2519 157 2555 P.
198 2518 241 2554 V.
273 2518 330 2555 M.
363 2519 518 2556 Bucolica
540 2534 582 2556 ex
610 2520 731 2557 Plauto
756 2531 786 2556 et
815 2520 979 2564 Terentio,
1009 2521 1170 2571 Georgica
1202 2535 1246 2557 ex
1276 2522 1418 2567 Catone,

114 2577 280 2620 Varrone,
311 2577 497 2615 Columella
523 2589 555 2615 et
585 2578 710 2621 Plinio,
737 2579 894 2616 AEneidos
916 2577 999 2616 libri
1012 2580 1072 2616 duo
1082 2585 1206 2628 priores
1233 2595 1275 2616 ex
1301 2580 1418 2623 Livio,

111 2636 250 2684 Caesare
266 2646 297 2672 et
315 2636 470 2673 Cicerone
498 2647 567 2673 etc,
598 2635 672 2675 Frf.
702 2638 748 2674 ad
766 2637 823 2675 M.
843 2636 937 2688 typis
953 2646 990 2675 et
1014 2637 1122 2675 sumt.
1145 2637 1206 2686 Jo.
1226 2637 1363 2688 Spieffii
1381 2649 1417 2676 et

111 2694 283 2731 heredum
302 2693 413 2732 Rom.
434 2694 533 2731 Beati
1245 2698 1280 2734 8.
1305 2699 1416 2736 1602.

163 2752 266 2790 Idem
282 2752 425 2791 libellus
436 2755 511 2803 jam
534 2756 630 2805 1580
647 2755 837 2805 expreffuS,
865 2763 993 2804 praeter
1008 2754 1234 2807 paraphrafin
1250 2755 1289 2792 in
1311 2755 1379 2793 lib.
1402 2758 1418 2794 I

113 2820 149 2850 et
167 2811 204 2848 ΙΙ
223 2811 402 2859 AEneidis,
429 2826 507 2863 quae
524 2825 618 2850 nunc
636 2813 792 2866 primum
813 2815 966 2854 acceffit.

569 2904 589 2943 5
1232 2892 1277 2928 Ρ.
1300 2892 1343 2929 V.
1366 2891 1422 2933 M.
