1821 3381
369 322 462 367 244
558 305 611 353 P.
664 302 1045 354 VIRGILII
1114 302 1509 350 MARONIS

362 439 541 486 Pontus
564 451 609 485 et
633 437 832 484 ostriferi
859 436 1015 482 fauces
1035 447 1274 482 tentantur
1297 435 1476 497 Abydi.

362 529 510 576 Libra
533 529 610 575 die
634 528 880 588 somnique
901 541 1034 589 pares
1058 526 1141 572 ubi
1166 525 1328 571 fecerit
1352 526 1507 583 horas,

362 621 428 668 Et
452 619 665 665 medium
690 618 783 664 luci
809 628 951 679 atque
970 615 1263 680 umbrisjam
1287 617 1462 663 dividit
1482 616 1672 664 orbemss

364 712 609 765 Exercete,
642 708 748 765 viri,
783 720 966 762 tauros;
1003 706 1138 754 serite
1161 707 1335 753 hordea
1355 707 1536 770 campis
1582 720 1678 754 210

365 801 528 864 Usque
547 799 630 846 sub
647 811 912 845 extremum
928 797 1111 844 brumae
1128 795 1434 845 immetabilis
1451 796 1673 844 imbrem.-
1705 841 1711 845 ,

409 957 484 990 207.
507 951 635 995 rstrrserae
650 950 770 993 fragm.
786 952 904 982 Moret.
949 949 1119 981 Rariorem
1134 948 1273 980 formam
1289 946 1430 986 ὄ”Αβυδος
1446 948 1594 990 sequutus
1616 938 1678 978 ess‘e

365 1002 494 1034 videtur
509 1004 622 1044 poi-'tag
644 1002 747 1033 nescio
763 1013 825 1044 qua
841 1001 1044 1033 auetoritate.
1077 1003 1173 1042 forum
1194 1011 1254 1042 pro
1265 1003 1366 1042 fauces
1381 1000 1493 1031 vitiose
1505 1001 1586 1030 Ven.

366 1054 443 1086 208.
465 1057 516 1092 die,
540 1053 638 1095 vulgo
654 1053 790 1090 editum,
814 1052 935 1084 Medic.
959 1063 977 1082 a
1000 1061 1044 1082 m.
1068 1062 1116 1093 pr.
1138 1062 1210 1082 cum
1226 1051 1349 1082 caeteris
1362 1051 1453 1082 codd.
1468 1049 1620 1092 agnoscit,
1644 1054 1678 1078 et

366 1104 555 1141 Priscianus,
570 1105 727 1141 Donatus,
737 1103 870 1134 Probus.
914 1103 1037 1134 Contra
1050 1101 1209 1133 Charisius
1222 1105 1261 1132 dii
1274 1102 1427 1144 scriptum
1442 1100 1531 1132 fuiss'e
1546 1106 1679 1130 contem·

368 1155 435 1192 dit3
458 1155 574 1185 scilicet
588 1156 642 1184 dici
656 1154 821 1184 contradic
838 1153 935 1184 modo
951 1155 992 1182 die
1006 1153 1102 1183 modo
1117 1155 1157 1183 dii
1170 1153 1414 1195 pronuntiatum
1436 1153 1491 1184 est.
1536 1154 1584 1183 At
1600 1149 1679 1182 Gel—

368 1205 429 1237 lius
447 1206 487 1235 N.
504 1207 551 1235 A.
569 1207 630 1241 IX,
650 1215 688 1242 14
704 1204 742 1235 iis
767 1204 894 1235 credere
920 1204 950 1234 se
977 1203 1032 1242 ait,
1056 1204 1109 1244 qui
1125 1206 1178 1234 dies
1202 1205 1235 1235 in
1256 1204 1322 1246 ipso
1337 1204 1470 1246 Virgilii
1492 1202 1678 1245 apographo

368 1257 491 1288 lee'rum
506 1255 595 1287 fuiffe
611 1256 772 1286 traderent
787 1268 795 1293 3
818 1266 889 1286 cum
914 1255 1038 1296 antiqui
1065 1255 1178 1286 eodem
1206 1257 1302 1286 modo
1318 1256 1489 1286 seeundum
1505 1255 1609 1286 casum
1625 1265 1678 1286 ex-

370 1307 513 1339 tulerint.
538 1307 605 1338 vid.
623 1307 654 1337 h.
671 1306 690 1337 1.
712 1306 822 1337 Heius.
868 1308 904 1336 In
920 1307 1069 1337 Romano
1085 1317 1134 1347 ap.
1154 1305 1296 1337 Pierium
1311 1308 1363 1336 diei
1377 1306 1528 1348 scriptum
1544 1313 1622 1343 erat,
1643 1305 1678 1336 in

367 1358 500 1399 reliquis
518 1361 569 1388 die.
599 1360 711 1399 fecerat
740 1357 869 1388 Zulich.
923 1370 981 1387 cum
1007 1357 1057 1388 ed.
1081 1356 1217 1387 Mediol.
1310 1366 1383 1399 209.
1403 1360 1501 1388 dividit
1525 1357 1638 1388 Heins-
1661 1367 1680 1388 e

371 1409 577 1448 mclioribus;
597 1412 698 1440 dividet
714 1409 865 1440 intulerat
881 1409 1061 1451 Naugerius
1076 1408 1152 1440 Ald.
1168 1415 1245 1440 tert.

371 1548 516 1588 nobilis.
560 1563 595 1587 v.
632 1547 736 1586 Fulv.
771 1547 922 1585 Ursinus
957 1555 993 1584 et

371 1602 495 1639 Cerda
508 1618 518 1647 3
545 1600 654 1638 etiam
672 1601 787 1637 nostra
804 1609 928 1644 aetate3
956 1613 991 1637 v.

372 1653 479 1703 Guys
511 1654 668 1705 (Voyage
698 1652 861 1689 lateraire
889 1653 929 1689 de
956 1651 995 1689 ltz

373 1706 479 1742 Grece
516 1704 591 1742 TO.
618 1705 672 1749 ].[,
699 1717 735 1754 p.
765 1705 869 1752 238.)
936 1701 994 1739 EX

369 1755 546 1794 sideribus
582 1767 669 1793 vero
709 1755 856 1806 poetico
895 1766 996 1791 more

373 1806 558 1858 sigillatim
573 1808 712 1858 aliquot
729 1805 996 1857 septemtrion&-

373 1859 424 1896 lia
441 1869 638 1902 enumerat,
665 1871 819 1909 quorum
836 1870 920 1894 cum
937 1870 996 1893 or-

375 1920 416 1947 tu
441 1911 608 1961 procellae
634 1910 821 1960 ingruunt.
879 1909 996 1945 Caete-

376 1975 457 1999 rum
485 1962 622 1999 Plinius
648 1964 696 1998 ad
721 1961 758 1998 h.
788 1961 815 2000 l.
845 1959 999 2010 respexit

375 2013 461 2051 libr.
483 2013 638 2057 XVIII,
665 2013 747 2050 sefi.
782 2015 843 2064 56.

433 2068 524 2103 208.
575 2066 637 2102 Ab
667 2063 883 2114 aequinoffio
914 2075 997 2099 auc-

377 2117 531 2154 tumnali
547 2115 656 2167 usque
673 2117 717 2152 ad
735 2115 896 2152 brumam
915 2115 998 2151 hor-

377 2169 438 2205 dei
455 2169 627 2205 sationem
645 2167 710 2204 effe
727 2167 790 2204 ait.
837 2165 1000 2203 Pulchri-

376 2221 468 2257 tudo
485 2220 571 2263 loci,
589 2233 633 2256 ex
644 2219 759 2256 forma
770 2216 1000 2269 figni‚librae,

377 2273 505 2322 petita,
557 2271 680 2313 obvia,
736 2283 843 2320 quam
891 2267 999 2305 multi

378 2323 558 2361 imitando
602 2321 732 2372 assequi
775 2320 999 2363 studuerunt,

378 2375 548 2425 inprimis
575 2373 713 2410 Lucan.
741 2372 815 2416 IV,
844 2374 906 2423 58.
934 2383 996 2422 59.

379 2426 493 2468 Vffl,
513 2428 600 2477 467.
621 2428 710 2474 469.
764 2424 915 2460 Colum.
946 2424 997 2465 X,

379 2491 429 2527 42
465 2479 552 2515 Cum
577 2476 719 2527 paribus
747 2475 853 2512 Titan
891 2474 999 2511 orbem

378 2530 562 2567 libra-verit
590 2529 689 2566 horis.
743 2527 855 2564 Horae
879 2537 998 2563 autem

375 2594 490 2633 pares,
540 2580 625 2631 quia
654 2578 732 2616 dies
762 2590 834 2615 tam
864 2579 999 2614 cestivus

378 2646 486 2683 quam
517 2632 686 2668 hibernus
708 2628 901 2666 duodecim
932 2629 998 2667 lio-

380 2685 445 2727 ris,
474 2684 533 2720 sed
550 2681 722 2733 longioris
739 2681 865 2724 modo,
885 2680 997 2717 modo

379 2735 554 2773 brevioris
587 2733 708 2784 spatii,
737 2732 998 2774 absolvebatur,

379 2789 541 2837 adeoque
566 2787 678 2830 horae,
718 2782 772 2820 uti
801 2783 999 2820 etiamnum

380 2838 421 2875 in
449 2838 568 2882 Italia,
613 2850 678 2887 pro
708 2834 849 2872 dierum
877 2834 999 2884 spatiis

380 2899 480 2927 erant
526 2889 686 2941 impares.
763 2889 896 2937 somnus
932 2899 999 2936 pro

1053 1547 1171 1585 noete.
1223 1547 1348 1592 Libra,
1378 1543 1417 1585 h.
1449 1543 1502 1585 sol
1519 1547 1559 1584 in
1583 1547 1679 1585 libra

1055 1600 1183 1637 dividit
1205 1600 1326 1643 orbem,
1362 1599 1401 1638 h.
1434 1600 1575 1644 caelum,
1611 1616 1681 1637 me-

1057 1653 1148 1689 dium
1163 1650 1232 1688 luci
1251 1662 1349 1702 atque
1363 1650 1499 1695 umbris,
1526 1652 1565 1689 h.
1585 1651 1680 1688 inter

1058 1703 1157 1740 diem
1188 1712 1225 1739 et
1267 1704 1410 1740 noeiem
1452 1702 1606 1747 dividit,
1639 1703 1680 1739 in

1058 1748 1155 1791 linea
1211 1754 1453 1805 aequinoc'liali
1511 1753 1681 1792 constitu⁴

1059 1815 1132 1850 tus,
1159 1805 1247 1842 dum
1274 1819 1338 1842 nee
1364 1805 1482 1842 versus
1507 1805 1679 1843 areticum

1059 1870 1176 1908 neque
1228 1857 1275 1894 ad
1327 1857 1563 1894 antarfflcum
1615 1870 1681 1907 po-

1061 1910 1137 1946 lum
1188 1909 1366 1959 processit,
1424 1921 1539 1959 neque
1589 1909 1681 1946 adeo

1061 1961 1225 1997 alterutri
1265 1960 1359 2011 parti
1398 1960 1578 2011 longiores
1604 1959 1681 1997 dies

1063 2012 1253 2061 noeiesque
1279 2011 1412 2049 attulit.
1480 2011 1598 2048 bruma
1625 2018 1679 2048 in-

1061 2062 1265 2106 arr-afflabz'lo,
1304 2064 1408 2107 dura,
1460 2062 1597 2113 aspera,
1641 2073 1683 2101 ut

1063 2115 1148 2152 alias
1169 2117 1342 2158 indomita,
1379 2126 1457 2164 quoe
1480 2115 1541 2150 vix
1565 2113 1682 2159 vinci,

1062 2166 1238 2216 superari,
1263 2165 1408 2203 tolerari
1439 2165 1562 2215 potest.
1617 2165 1680 2203 Sic

1063 2218 1206 2262 melius,
1247 2231 1354 2267 quam
1373 2226 1412 2254 ut
1446 2216 1503 2258 fit,
1537 2216 1576 2253 in
1610 2230 1682 2266 qua

1062 2279 1209 2320 propter
1225 2269 1371 2319 frigoris
1401 2267 1557 2319 rigorem
1582 2268 1681 2306 nulla

1065 2333 1117 2358 res
1151 2321 1311 2363 trafiari,
1350 2319 1425 2369 agi,
1468 2320 1600 2370 potest3
1628 2319 1681 2357 ita

1063 2371 1221 2420 Justinus
1240 2371 1398 2414 XXIV,
1421 2384 1460 2419 4,
1486 2384 1512 2419 4
1528 2371 1680 2422 lamfri-

1056 2439 1139 2475 ἔθνε’
1161 2422 1393 2461 ι’πίνιῑὲῖαόἰῖἱα
1410 2421 1519 2460 dixit.
1570 2433 1681 2460 extre-

1063 2491 1149 2512 mum
1178 2475 1312 2512 imbrem
1341 2473 1420 2510 noli
1453 2486 1601 2524 urgere;
1643 2483 1680 2511 et

1063 2528 1110 2563 est
1127 2526 1363 2576 cogitandum
1380 2525 1426 2561 de
1442 2526 1530 2562 caelo
1549 2524 1679 2568 Italiae,

1064 2578 1104 2614 in
1119 2591 1191 2627 quo
1208 2577 1362 2614 hiemale
1386 2585 1525 2626 tempus
1547 2589 1681 2626 magna

1063 2627 1116 2665 sui
1132 2638 1232 2679 parte
1258 2627 1419 2678 pluvium
1437 2628 1497 2665 est.
1550 2627 1681 2664 Setun-

1064 2690 1122 2717 tur
1153 2690 1272 2717 autem
1302 2679 1436 2716 hordea
1464 2678 1682 2717 austumnali

1063 2740 1226 2782 tempore
1267 2731 1306 2767 in
1339 2729 1442 2767 terris
1474 2727 1682 2779 benigniori

1064 2783 1153 2820 caelo
1187 2781 1463 2831 subjacentibus·
1531 2780 1679 2819 Colum.

1065 2834 1118 2877 II,
1134 2847 1157 2884 9
1184 2845 1220 2871 et
1236 2834 1283 2871 al.
1301 2833 1420 2870 Varro
1439 2832 1473 2875 I,
1502 2846 1563 2883 34.
1582 2831 1679 2870 Plin.

1065 2885 1216 2931 XVIII,
1238 2898 1299 2929 10,
1318 2885 1351 2937 ᾗ.
1373 2898 1386 2922 1
1405 2899 1417 2930 ς
1455 2883 1541 2923 hinc
1570 2884 1682 2923 messui

1262 2948 1298 2988 ,ς
1613 2947 1680 2974 nec
