1821 3381
330 274 422 328 418
524 267 577 315 P.
631 262 1014 313 VIRGILII
1083 258 1481 311 MARONIS

397 397 503 446 Post
521 406 710 458 partum
733 407 846 438 cura
869 391 917 436 in
940 389 1113 436 vitulos
1136 388 1399 436 traducitur
1414 389 1598 446 omnis;

337 487 670 547 Continuoque
694 492 824 528 notas
851 490 897 524 et
920 479 1113 524 nomina
1131 479 1287 542 gentis
1305 479 1514 539 inurunt,

338 579 416 634 Et,
450 592 567 639 quos
584 585 665 620 aut
685 570 848 634 pecori
874 568 1042 614 malint
1066 567 1339 616 submittere
1359 569 1594 628 habendo,

339 673 436 718 Aut
459 668 549 715 aris
574 666 750 712 servare
773 661 944 716 sacrm,
978 672 1058 707 aut
1081 659 1292 706 scindere
1317 672 1494 708 terram
1568 662 1661 710 160

339 763 405 809 Et
429 775 657 822 campum
681 756 954 803 horrentem
979 752 1136 800 fraCtis
1156 753 1387 800 invertere
1409 753 1564 816 glebis
1578 776 1594 809 3

342 853 513 899 Cetera
529 847 784 912 pascuntur
800 842 965 890 viridis
989 852 1198 890 armenta
1219 858 1303 905 per
1325 842 1510 893 herbas.

289 997 291 999 ,
345 939 422 995 Tu
437 961 555 1009 quos
573 942 630 989 ad
645 938 854 988 studium
870 950 1010 1001 atque
1028 936 1164 984 usum
1180 937 1406 986 formabis
1423 937 1669 1002 agrestem,

345 1040 455 1102 jam
477 1035 649 1083 vitulos
674 1033 874 1086 hortare,
909 1029 1131 1092 viamque
1152 1027 1304 1076 infiste
1326 1028 1571 1085 domandi,

347 1131 480 1177 Dum
496 1126 655 1174 faciles
669 1119 1206 1186 animijuvenum,.dum
1221 1119 1412 1166 mobilis
1427 1129 1555 1166 aetas.
1576 1133 1591 1164 1
1603 1119 1661 1182 65

395 1257 468 1290 159·
489 1245 635 1277 Turbata
651 1241 755 1274 oratio
771 1240 805 1272 in
821 1237 953 1281 copula:
979 1235 1026 1268 Er
1036 1246 1101 1268 non
1117 1233 1214 1267 habet
1230 1234 1379 1273 alterum,
1391 1235 1477 1276 quod
1493 1235 1522 1266 ei
1538 1235 1668 1278 respons

349 1298 445 1338 deat3
468 1297 525 1330 nifi
536 1296 632 1329 tertio
643 1295 715 1327 loco
730 1299 780 1323 aut
797 1302 857 1335 pro
872 1297 897 1321 et
914 1289 1039 1321 duflum
1063 1287 1152 1319 velis.
1193 1286 1304 1319 Videri
1321 1287 1422 1328 potest
1436 1294 1463 1317 et
1479 1287 1667 1329 explicative

350 1352 491 1396 positum
506 1360 577 1392 pro,
598 1356 631 1379 et
646 1345 777 1389 quidem
805 1344 867 1374 hoc
885 1341 988 1373 facere
1004 1339 1106 1372 solent
1124 1339 1173 1376 iis,
1195 1346 1452 1380 quosqxaut—aut.
1498 1339 1551 1370 Est
1574 1338 1672 1369 tertia

350 1414 450 1446 eaque
461 1399 659 1445 praeferenda
673 1397 770 1435 ratio,
784 1402 821 1427 ut
836 1393 905 1437 post
918 1399 944 1423 et
969 1391 1096 1423 elicias:
1134 1390 1270 1432 defignant
1298 1397 1353 1419 aut
1377 1388 1479 1420 simile
1505 1389 1582 1430 quid
1607 1400 1668 1426 ex:
1713 1421 1715 1423 ,

352 1461 477 1492 inm-unt,-
523 1455 618 1484 Forte
634 1450 695 1482 fuit
712 1449 829 1488 Ecquos.
875 1445 909 1474 Si
924 1457 1001 1486 quos.
1046 1443 1116 1473 Aut
1133 1441 1334 1472 scribendum
1345 1454 1355 1470 :
1379 1442 1421 1471 Et
1430 1442 1554 1483 fiindere
1568 1448 1674 1471 terram

354 1508 395 1539 Ac
409 1514 532 1548 campum
544 1519 555 1540 ,·
590 1503 655 1534 hoe
679 1508 788 1532 tamen
815 1496 937 1529 insuavi
957 1496 1048 1527 sono,
1104 1495 1210 1524 malunt
1236 1493 1360 1524 Moret.
1387 1503 1440 1534 pr,
1466 1503 1548 1524 unus
1563 1493 1671 1524 Mead.

356 1561 437 1591 malit
451 1560 533 1589 Ven.
549 1562 581 1586 et
598 1553 678 1584 alter
689 1550 798 1582 Mead.
894 1546 965 1578 160.
972 1548 1070 1588 fizcros
1085 1554 1196 1575 omnes
1206 1543 1335 1575 vetusti.
1370 1544 1465 1584 sacris
1475 1542 1589 1585 vulgg.
1598 1543 1672 1574 edd.

357 1617 430 1641 ante
444 1606 552 1639 Heins.
568 1614 641 1635 cum
658 1599 819 1633 nonnullis
834 1597 927 1629 codd.
1019 1594 1092 1628 167,-
1110 1596 1260 1638 pcgfcantur
1274 1593 1362 1626 Voff.
1379 1604 1428 1635 pr.
1447 1594 1540 1624 Leid.
1556 1603 1604 1635 pr.
1616 1603 1677 1624 nec

356 1660 453 1694 male.
500 1658 665 1689 Caeterum
696 1651 874 1688 Martinus,
895 1658 993 1690 quem
1008 1647 1087 1678 olim
1109 1646 1216 1677 minus
1229 1645 1311 1677 bene
1327 1645 1476 1686 sequutus
1491 1655 1591 1683 eram,
1612 1654 1678 1675 no-

355 1722 435 1744 vum
454 1715 651 1753 praeceptum
666 1704 790 1736 orditur
806 1713 824 1732 a
839 1712 872 1731 V·
889 1699 952 1732 162
977 1701 1164 1740 Cetera—per
1185 1698 1281 1728 herbas
1295 1710 1306 1726 :
1334 1697 1468 1738 Tuquos.
1526 1696 1624 1739 QOd
1639 1693 1678 1726 fil:

358 1763 534 1796 admodum
564 1759 652 1790 dure.
744 1755 817 1794 163.
847 1754 884 1783 ad
895 1753 990 1795 studia
1016 1752 1196 1788 Romanus,
1234 1748 1374 1780 Gudian.
1411 1758 1471 1790 pro
1503 1757 1570 1778 var.
1603 1746 1678 1781 leet.

360 1813 507 1848 Parrhaf.
524 1823 543 1843 a
556 1821 602 1842 m.
620 1809 679 1841 sec.
715 1805 847 1848 servabis
864 1803 983 1846 fragm.
1003 1805 1123 1834 Moret.

418 1888 504 1926 ¹57·
542 1872 580 1908 A
615 1867 775 1921 gravidis
807 1875 842 1903 et
874 1863 990 1902 enixis
1054 1862 1139 1899 dem
1184 1872 1309 1899 omnes
1351 1858 1460 1896 vituli
1499 1858 1539 1896 in
1576 1871 1679 1896 com-1

361 1926 536 1968 matribus
553 1936 640 1961 cura
657 1920 702 1958 ad
721 1919 837 1970 pullos
848 1927 882 1954 et
894 1917 989 1954 vitu·
1057 1913 1157 1951 muni
1187 1925 1296 1963 grege
1330 1910 1538 1960 pascuntur.
1594 1915 1681 1959 163.

361 1981 417 2019 los
434 1977 658 2016 transfertur.
712 1970 927 2009 Orationem
951 1976 991 2003 ut
1057 1965 1201 2002 Transit
1231 1965 1278 2001 ad
1307 1962 1407 1999 aliud
1447 1971 1682 2012 praecepturn,

362 2030 510 2070 definite
545 2025 728 2064 instituat:
771 2031 912 2058 tantum
946 2019 993 2056 de
1057 2017 1158 2067 quod
1189 2029 1284 2054 nova
1324 2014 1480 2051 formula
1513 2013 1680 2051 orditur:

362 2082 486 2122 vitulis
509 2085 708 2118 memorat„
757 2075 841 2124 158.
869 2073 993 2108 Nomen

364 2134 481 2185 stirpis
501 2145 541 2168 ac
556 2134 685 2181 generis
696 2133 835 2164 inurunt
852 2134 927 2160 nota
941 2124 991 2168 (v.

365 2188 450 2226 AEn.
470 2183 543 2227 III,
563 2194 654 2231 444,
693 2189 728 2215 et
747 2177 792 2214 ad
817 2175 991 2224 Calpurn.

367 2239 423 2283 V,
452 2239 513 2285 84)
543 2234 600 2270 seu
620 2232 734 2281 signo,
763 2240 834 2278 quo
863 2226 902 2263 id
931 2225 993 2261 de-

366 2299 525 2330 notetur,
559 2296 589 2322 et
619 2283 769 2320 inurunt
791 2280 860 2316 hoe
885 2276 995 2314 etiam

368 2343 429 2386 iis,
443 2355 530 2391 quos.
590 2350 601 2374 1
614 2348 672 2385 59.
677 2332 873 2382 submittere
889 2328 926 2365 in
943 2329 996 2365 lo-

369 2407 453 2431 cum
481 2402 621 2430 eorum,
647 2397 736 2436 quos
767 2383 812 2419 ad
841 2381 998 2418 feturam

370 2454 513 2494 torpere
530 2439 668 2477 vident.
697 2434 775 2472 vid.
795 2433 840 2470 ad
865 2447 899 2469 V.
937 2444 998 2482 73.

369 2495 541 2535 habendo.-
569 2498 689 2532 ornat,
715 2485 815 2536 quod
839 2484 1001 2526 habetur,

370 2548 491 2586 alitur.
510 2559 546 2582 v.
566 2541 705 2590 Georg.
725 2538 760 2582 I,-
781 2550 816 2584 3.
847 2534 908 2571 Ad
924 2534 1002 2572 sen-

374 2597 523 2637 tentiam
556 2607 592 2632 v.
612 2592 731 2629 Varro
751 2589 799 2626 R.
822 2588 868 2624 R.
890 2586 942 2628 H,
962 2598 1000 2636 7,

379 2664 391 2689 1
404 2664 437 2702 ς.
475 2654 546 2687 aris
547 2649 697 2695 scr-vare
713 2639 896 2678 decentius
911 2647 1001 2680 erat,

373 2714 482 2753 quam
496 2698 594 2736 lanio
607 2695 759 2734 tradere.
819 2704 831 2728 1
841 2690 902 2727 61.
914 2704 1003 2745 canf-

368 2766 450 2805 pum
468 2752 664 2790 horrentem,
691 2743 800 2796 spinis
823 2751 858 2779 et
881 2739 1002 2777 herbis

375 2803 588 2845 ohduffim,
646 2797 835 2836 incultum.
868 2844 877 2850 Ι
916 2792 1001 2848 163.

378 2859 505 2896 Cetera
540 2861 708 2895 armenta,
751 2845 881 2899 reliqui
920 2855 1002 2895 qui-

1058 2072 1114 2106 ‘su
1127 2083 1200 2119 quos
1212 2081 1226 2103 .·
1255 2076 1294 2104 ut
1309 2075 1345 2103 et
1358 2065 1447 2102 alibi
1461 2064 1561 2103 fecit.
1591 2064 1684 2102 Prae-

1058 2119 1149 2170 cipit
1179 2129 1313 2163 autem,
1340 2131 1419 2161 eos,
1445 2130 1534 2166 quos
1550 2116 1595 2153 ad
1615 2116 1685 2153 stu-

1058 2172 1160 2209 dium
1175 2172 1322 2221 agreste,
1336 2169 1375 2205 h.
1395 2181 1482 2219 opus
1499 2167 1686 2212 rusticum,

1058 2223 1213 2260 educare
1230 2234 1351 2272 paras,
1368 2221 1444 2270 jam
1471 2219 1604 2257 vitulos
1622 2220 1686 2256 ad-

1058 2275 1237 2311 suefacere
1254 2272 1383 2310 labori.
1412 2270 1608 2308 Rationem
1620 2271 1688 2307 do-

1061 2324 1185 2364 mandi
1218 2324 1325 2362 boves
1354 2332 1374 2360 a
1391 2322 1556 2360 Varrone
1581 2321 1690 2373 petiit

1063 2378 1108 2414 de
1121 2377 1168 2414 R.
1186 2376 1233 2413 R.
1250 2375 1283 2419 I,
1300 2388 1363 2413 20.
1390 2374 1438 2412 cf.
1456 2374 1603 2411 Colum.
1616 2374 1689 2420 VI,

1067 2442 1102 2466 2.
1119 2428 1254 2465 Pallad.
1267 2427 1340 2471 IV,
1363 2438 1422 2464 12.
1471 2429 1554 2474 164.
1575 2432 1691 2463 viam·

1064 2496 1125 2532 que
1139 2482 1243 2530 irgfiste
1260 2479 1427 2522 domandi,
1453 2488 1566 2514 artem
1582 2487 1618 2514 et
1635 2490 1692 2514 ra·

1064 2532 1200 2568 tionem
1234 2530 1435 2580 ingredere,
1470 2541 1592 2566 curam
1623 2528 1693 2566 sus-

1065 2583 1145 2633 cipe
1162 2581 1351 2625 domandi,
1378 2581 1417 2618 h.
1450 2593 1482 2617 e.
1508 2581 1585 2629 jam
1612 2590 1693 2617 tum

1067 2646 1205 2672 mature
1237 2634 1360 2670 domm
1445 2631 1490 2669 16
1495 2646 1529 2683 ς.
1565 2631 1694 2683 faciles

1066 2690 1185 2730 animi,
1213 2685 1355 2728 molles,
1378 2683 1529 2721 dociles.
1583 2696 1616 2720 v.
1645 2683 1695 2720 ad

1067 2738 1210 2775 Tibull.
1229 2737 1263 2780 I,
1287 2750 1321 2779 1,
1341 2750 1403 2784 40.
1457 2732 1583 2772 mobilis
1592 2745 1696 2778 aetas,

1068 2789 1109 2826 in
1127 2802 1197 2838 qua
1214 2800 1341 2838 corpus
1358 2785 1506 2830 mobile,
1523 2786 1696 2831 εὐκίνητον,

1068 2841 1204 2886 flexile,
1229 2839 1340 2891 agile,
1365 2847 1545 2890 vegetum.

1311 2892 1324 2909 ⁵
1500 2889 1586 2929 166.
1607 2889 1696 2940 167.v

1818 2886 1821 2957 ι

1814 2965 1820 3098 l

1813 3126 1821 3247 l

1816 3273 1821 3292 fl
