1821 3381
323 367 1061 427 GEoRGICON,L113.
1116 371 1155 420 1.
1310 389 1399 439 259

147 503 310 550 Multa
331 504 448 550 adeo
471 503 628 567 gelida
652 503 822 550 melius
847 502 892 549 se
916 503 1052 550 no<ste
1076 503 1264 562 dedere,

78 595 179 643 Aut
201 612 351 659 quum
374 595 468 642 sole
490 611 615 642 novo
639 606 780 641 terras
805 595 982 642 inrorat
1006 596 1151 644 Eous.

76 687 232 736 Νοέὶε
254 688 377 735 leves
404 688 572 734 melius
597 687 800 749 stipulae,
836 689 971 735 nodke
994 690 1123 736 arida
1143 702 1279 752 prata

10 816 13 820 .
74 774 383 832 Tondentur;
409 778 566 824 nocstes
591 777 742 823 lentus
765 792 858 822 non
882 776 1047 822 deficit
1071 776 1259 824 humor.
1300 795 1393 844 290

69 866 137 914 Et
150 868 348 931 quidam
371 868 493 915 seros
518 867 703 914 hiberni
727 867 786 913 ad
811 867 1004 914 luminis
1024 867 1155 931 ignes

69 956 347 1023 Pervigilem,
383 960 601 1021 ferroque
625 958 748 1005 faces
773 957 972 1021 inspicat
995 970 1161 1005 acuto:

111 1091 187 1131 287.
210 1095 305 1124 melius
315 1095 410 1136 gelida
426 1092 501 1131 alii3
524 1092 630 1123 mInus
651 1091 829 1129 conciune3
852 1091 904 1123 sed
920 1091 1047 1133 praestat
1063 1091 1160 1131 forte,
1182 1104 1222 1124 ne
1247 1101 1384 1137 utroque

65 1144 157 1175 versu
183 1144 321 1176 alterum
351 1144 588 1176 hemistichium
618 1145 724 1181 melior,
761 1144 857 1173 melius
885 1143 1016 1173 initium
1047 1143 1175 1175 habeat.
1221 1147 1277 1187 suh
1311 1152 1385 1178 nmffe

65 1195 188 1227 Zulich.
282 1196 354 1228 288.
378 1196 430 1227 Vel
441 1209 499 1226 cum
515 1197 682 1226 Romanus
708 1202 738 1225 et
761 1194 844 1236 apud
870 1194 1013 1225 Pierium
1029 1196 1188 1234 nonnulli,
1209 1197 1289 1228 item
1305 1209 1387 1231 unus

63 1249 172 1280 Mead.
218 1251 324 1291 irrigat
339 1260 421 1280 unus
444 1246 896 1289 Arundel.——-289.stipulae
923 1247 1018 1276 melius
1042 1247 1095 1284 aL,
1115 1258 1181 1278 non
1204 1248 1296 1279 belle.

64 1308 141 1340 290.
165 1302 248 1330 mavis
264 1300 416 1341 potiores,
439 1309 512 1330 cum
529 1297 779 1329 Grammaticis:
805 1297 1034 1328 confsPierius
1051 1308 1123 1329 cum
1148 1299 1300 1331 Heinsio:
1327 1300 1384 1341 qui

61 1350 123 1382 hoc
149 1351 352 1393 reposuerat:
375 1352 419 1382 ita
444 1351 526 1381 erit:
551 1353 635 1380 nodis
650 1350 755 1379 humor.
801 1349 921 1379 Iterum
948 1350 1124 1380 retracstum
1147 1355 1235 1381 noHes
1257 1362 1275 1382 a
1303 1351 1384 1382 Bur-

61 1412 180 1433 manno
195 1412 203 1432 ι
229 1409 261 1432 et
277 1402 403 1444 praestat
419 1401 646 1432 auetoritatem
662 1401 775 1438 Rom„
796 1407 839 1437 et,
863 1400 917 1440 qui
932 1410 970 1430 eo
986 1400 1144 1439 alludunt,
1158 1405 1231 1433 noHe
1246 1403 1379 1443 Longo-

61 1452 150 1485 bard.
166 1454 289 1485 Medic.
315 1461 347 1485 et
368 1454 431 1484 duo
457 1453 562 1484 Codd.
581 1463 631 1494 ap.
658 1453 745 1482 Serv.
765 1452 805 1483 ad
821 1453 898 1482 AEn.
929 1453 986 1489 1V,
1002 1463 1032 1492 7.
1077 1453 1201 1484 humidus
1228 1456 1311 1484 nobi‘is
1331 1467 1382 1484 non

58 1505 200 1536 Tollian.
244 1507 331 1546 defuit
347 1505 429 1535 Ven.

520 1513 594 1546 291.
620 1505 658 1534 ad
679 1504 821 1534 deletum
837 1503 870 1534 in
888 1504 1044 1535 Rottend.
1060 1504 1118 1535 sec·

1212 1513 1286 1547 292.
1307 1506 1382 1536 Pcr-

56 1558 180 1599 vigilant
194 1556 311 1599 fragm,
332 1557 457 1587 Moret.
502 1557 627 1598 exspirat
642 1556 742 1593 Ven.,
764 1554 989 1586 aberrationes.

54 1680 121 1720 gas
155 1667 333 1704 advocare
372 1680 444 1704 non
478 1668 655 1717 poss'umus
674 1684 684 1713 ;

54 1730 95 1757 ut
124 1723 326 1771 necfugam
344 1719 390 1756 de
414 1719 528 1756 exilio
547 1720 684 1757 intelli-

51 1783 137 1823 gere
163 1784 246 1818 pum
284 1770 425 1813 Servio,
453 1783 536 1808 cum
576 1772 614 1808 in
645 1784 682 1808 re

50 1822 180 1861 rustica
195 1821 386 1860 versemur.
439 1820 560 1860 Vanas
578 1823 682 1872 hujus

50 1874 194 1925 generis
228 1906 239 1912 .,
247 1872 497 1923 judicationes
561 1876 679 1924 plures

49 1926 191 1964 videbis
219 1924 265 1963 in*
283 1924 471 1969 Carmine,
507 1925 677 1963 Maximo

49 1978 161 2028 vulgo
180 1977 336 2024 tributo,
364 1976 409 2013 de
429 1976 676 2017 Eleffionibus

47 2042 82 2067 v.
103 2041 177 2079 3²0
199 2027 270 2079 sq„
295 2041 331 2065 et
361 2028 406 2065 de
433 2027 574 2066 furibus
600 2029 672 2081 567

45 2080 115 2131 sq„
142 2081 237 2131 apud
269 2079 413 2118 Fabric.
446 2079 488 2128 Βὀ
519 2081 590 2125 Gr,
621 2082 671 2119 T.

48 2131 159 2176 VIII,
186 2145 222 2182 p.
242 2144 331 2182 432.
351 2133 440 2181 446.

97 2184 316 2235 287—-296,
337 2182 545 2223 Suntetiam
564 2184 671 2229 ηοξὶᾳ

44 2237 101 2274 vel
117 2236 256 2273 summo
270 2248 373 2273 mane
389 2235 563 2271 nonnulla
576 2244 669 2272 trac-

43 2288 165 2326 tanda.
221 2287 361 2333 Darese
379 2286 444 2323 alii
466 2286 604 2325 dicitur
622 2287 668 2334 is,

42 2339 107 2390 qui
125 2338 171 2375 ad
197 2340 272 2388 ejus
300 2339 518 2376 voluntatem
549 2337 583 2374 se
610 2351 668 2379 aeq

40 2391 266 2434 commodat,
282 2388 520 2441 gratificatur,
537 2403 668 2427 conce-

41 2443 112 2481 dit.
168 2443 235 2480 Res
261 2443 408 2488 dantfi’,
438 2450 477 2478 ut
509 2441 582 2478 sese
608 2441 666 2478 of.-

36 2493 172 2538 ferunt,
199 2502 405 2530 occurrunt.
459 2493 519 2530 Sic
548 2502 584 2530 et
611 2493 666 2530 lo-

38 2559 115 2591 cus,
142 2544 295 2587 occafio,
322 2554 475 2594 tempus,
515 2543 549 2580 se
579 2545 666 2583 dare

39 2596 190 2635 dicitur.
242 2596 364 2644 Datse
380 2606 415 2632 et
430 2596 537 2640 illud,
565 2597 665 2646 quod

39 2648 234 2699 impulsum
255 2647 407 2684 inclinat
425 2647 475 2692 se,
491 2647 662 2692 fleffitur,

37 2700 147 2738 cedit.
202 2700 328 2750 Itaque
346 2708 381 2736 et
399 2699 435 2737 h.
466 2699 491 2736 l.
512 2699 665 2748 multase

37 2748 220 2795 dederunt„
251 2751 288 2790 h.
320 2750 406 2787 dare
442 2750 569 2795 solent,
603 2763 660 2789 ce-

36 2803 134 2847 dere,
153 2802 279 2854 perfici
309 2811 344 2840 et
366 2801 491 2853 peragi
508 2802 660 2852 poffunt.

35 2853 130 2893 B'efle
147 2854 307 2892 Servius:
337 2853 451 2892 melius
477 2857 577 2903 nstro
603 2853 662 2890 ob-

22 2907 62 2953 st
82 2917 206 2944 uantur
233 2905 352 2944 labori.
380 2904 429 2943 cf.
462 2904 584 2942 Burm.
613 2904 660 2942 ad

37 2921 161 2997 quatii
176 2958 319 3010 Cyneg.
345 2971 382 2996 ν.
414 2970 498 3008 143.
569 2958 658 2996 288.

755 1668 839 1705 Eous
868 1671 943 1708 ἦῶος
970 1667 1047 1705 scil.
1080 1670 1180 1719 ἆςῆξ,
1207 1683 1273 1720 pro
1304 1669 1381 1709 Lu-

752 1719 881 1763 cifero,
909 1729 1016 1770 atque
1043 1719 1134 1758 adeo
1169 1735 1236 1772 pro
1262 1732 1380 1760 matu-

751 1770 831 1807 tino
864 1782 1036 1822 tempore.
1077 1780 1081 1783 '
1106 1779 1229 1810 irrorat
1256 1784 1378 1820 terras,

750 1835 857 1871 quam
875 1822 1043 1874 pulchre!
1073 1823 1158 1873 quia
1185 1825 1279 1862 aeris
1311 1826 1376 1863 hu-

750 1887 830 1910 mor
860 1884 896 1911 et
924 1874 963 1911 in
996 1874 1113 1912 herbis
1140 1888 1197 1912 ros
1217 1886 1293 1914 tum
1310 1877 1376 1915 sub

747 1924 886 1963 sensum
921 1925 1033 1964 venit.
1102 1927 1208 1964 Solem
1252 1944 1376 1968 novum

747 1976 876 2014 dicunt
894 1979 1010 2028 poe'tae
1029 1991 1093 2027 pro
1118 1979 1269 2016 oriente.

799 2031 887 2079 289.
916 2030 974 2066 De
990 2029 1090 2067 foeno
1111 2029 1203 2067 Plin.
1220 2031 1374 2077 XVIII,

746 2080 810 2131 67,
839 2081 856 2131 ᾧ
884 2096 910 2131 4
936 2082 1086 2133 QIdam
1108 2083 1217 2130 pridie
1241 2089 1371 2133 νξξιιηί,

743 2132 804 2169 ubi
815 2136 899 2181 sunt
919 2137 1031 2184 mgna.
1089 2133 1246 2171 Nedibus
1277 2150 1311 2171 ro
1325 2140 1371 2172 ci-

741 2184 790 2220 dis
795 2188 912 2233 secari
923 2184 1049 2227 melius,
1077 2184 1165 2234 quia
1180 2185 1228 2222 sc.
1250 2187 1370 2225 nostes

741 2235 822 2272 sunt
841 2236 1009 2275 humidae.
1042 2235 1098 2272 De
1116 2236 1198 2273 faba
1216 2236 1367 2276 Colum.

739 2286 793 2331 II,
816 2301 877 2332 10,
899 2301 958 2325 11.
1011 2287 1110 2338 Ergo
1130 2287 1268 2337 stipulae
1295 2302 1368 2327 non

739 2338 785 2375 ad
826 2339 1088 2376 frumentorum
1123 2340 1277 2384 messem,
1305 2339 1365 2377 sed

738 2389 784 2435 ad
801 2390 1001 2441 legumina,
1023 2400 1131 2440 prata
1147 2390 1194 2427 ad
1220 2391 1366 2429 foenise-

739 2441 838 2479 cium
857 2450 962 2485 erunt
981 2441 1177 2479 referenda.
1224 2442 1365 2485 Verum

739 2493 893 2538 Voffius,
921 2494 972 2539 rei
1004 2492 1140 2531 rusticae
1155 2494 1284 2544 peritia
1309 2494 1364 2531 in-

736 2544 915 2589 struflior,
932 2546 1041 2582 docet
1067 2547 1177 2582 etiam
1203 2545 1362 2595 stipulas,

737 2597 838 2634 meffe
846 2596 993 2648 frugum
1005 2596 1081 2646 jam
1095 2596 1201 2641 faf'ta,
1211 2597 1361 2635 resecari

736 2658 775 2694 ut
791 2647 917 2699 pabuli
931 2649 1014 2685 loco
1031 2648 1112 2686 sint.

789 2712 875 2751 2922
903 2699 1032 2752 Eclog.
1052 2698 1145 2743 VH,
1173 2711 1221 2750 29
1254 2714 1363 2737 novas

734 2754 874 2790 incidere
880 2755 995 2801 faces.
1022 2750 1072 2788 cf.
1091 2751 1186 2788 Plin.
1206 2750 1360 2795 XVIII,

734 2806 796 2852 63.
839 2802 990 2840 Colum.
1021 2801 1093 2845 XI,
1127 2815 1166 2846 2,
1194 2815 1258 2853 90.
1309 2809 1360 2839 in-

719 2859 855 2905 spicare
888 2853 1027 2891 novasse
1058 2853 1204 2891 videtur
1236 2853 1361 2904 poeta,

733 2915 773 2943 ut
803 2906 846 2943 fit
863 2903 903 2941 in
919 2904 1027 2956 spicae
1053 2904 1224 2949 formam,
1251 2905 1360 2942 adeo-

732 2956 859 3009 quein
876 2966 1017 2995 acutam
1044 2955 1246 3007 cuspidem,
1274 2968 1362 2993 con-

785 3007 821 3046 R
848 3021 870 3046 2
1224 3006 1361 3048 cidere.
