1987 3361
467 342 642 379 ccxiii
805 317 1457 372 ARGUMENTA:

466 459 662 507 Pet‘tore
680 458 858 504 secreto
881 455 1086 502 violatur
1113 454 1304 501 vulnere
1329 452 1427 508 teli,

466 543 642 590 AEneas
665 539 815 587 causs'a
837 538 918 586 est.
988 537 1065 584 Illi
1089 536 1288 597 juturna
1311 531 1505 596 neganti
1721 543 1788 595 70

468 624 640 672 Adfuit
663 621 902 684 obsequio,
937 635 1087 682 quum
1115 633 1239 664 mors
1265 617 1484 662 finiverat
1506 614 1642 661 iram.

469 706 561 754 Sed
585 705 663 753 sua
686 703 782 750 fata
805 702 964 749 virum
987 711 1227 748 traxerunt
1249 712 1461 761 quaerere
1487 707 1712 745 mortem.

1081 851 1232 904 XIII.

499 951 553 1002 In
577 949 797 1001 AEneidem
822 947 1080 1008 Bsonostisha
1107 944 1293 999 Bafilii;
1330 943 1454 990 male
1483 941 1612 1006 apud
1635 939 1753 990 alios

855 1035 1038 1083 Ovidii.
1062 1034 1167 1081 ibid.
1199 1034 1282 1096 Ep.
1311 1047 1416 1096 190.

471 1128 660 1178 Primus
674 1127 831 1184 habet,
848 1126 1081 1188 Libycam
1100 1125 1284 1172 veniant
1301 1137 1353 1172 ut
1371 1123 1520 1172 Tro'e's
1539 1124 1587 1172 in
1603 1123 1790 1170 urbem.

472 1210 659 1258 Edocet
683 1209 925 1257 excidium
951 1206 1128 1271 Trojae,
1163 1207 1442 1270 clademque
1466 1205 1714 1254 secundus.

472 1294 663 1341 Tertius
686 1310 713 1340 a
739 1290 886 1356 Troja
908 1292 1065 1338 vestes
1087 1290 1215 1338 canit
1241 1307 1431 1353 aequore
1456 1290 1685 1337 Teucros.

473 1375 682 1439 Qartus
707 1375 825 1422 item
850 1374 1034 1421 miserae
1056 1373 1152 1420 duo
1175 1373 1367 1420 vulnera
1386 1383 1541 1418 narrat
1563 1369 1726 1417 Elisae.

475 1456 704 1502 Manibus
719 1455 778 1502 ad
794 1455 1035 1500 tumulum
1049 1454 1218 1514 quinto
1232 1453 1530 1499 celebrantur
1542 1452 1755 1498 honores.
1764 1461 1789 1514 5

474 1538 679 1586 AEneam
703 1549 936 1585 memorat
960 1534 1189 1582 visentem
1215 1533 1414 1580 Tartara
1431 1535 1601 1581 sextus,

476 1623 533 1670 In
554 1623 766 1684 Phrygas
792 1620 982 1666 Italiam
1005 1618 1134 1665 bello
1149 1616 1254 1682 jam
1279 1616 1507 1681 septimus
1528 1628 1698 1664 armat.

477 1706 575 1753 Dat
598 1703 736 1751 fimul
760 1701 927 1748 AEncae
945 1701 1094 1747 socios
1117 1701 1309 1748 octavus
1333 1712 1379 1746 et
1402 1716 1549 1746 arma.

476 1787 692 1836 Daunius
718 1796 959 1848 expugnat
983 1800 1108 1830 nono
1134 1799 1255 1830 nova
1278 1782 1460 1829 moenia
1482 1779 1661 1845 Trojae.

477 1869 692 1933 Exponit
714 1868 928 1916 decimus
950 1867 1218 1914 Tuscorum
1242 1866 1290 1912 in
1314 1865 1475 1911 littore
1496 1867 1695 1927 pugnas.
1735 1876 1797 1911 10

479 1950 758 1998 Undecimo
781 1949 946 1996 Rutuli
972 1948 1244 2011 superantur
1269 1958 1423 1994 morte
1449 1945 1684 1992 Camillae.

480 2034 698 2084 Ultimus
723 2032 930 2096 imponit
955 2031 1082 2078 bello
1105 2029 1257 2077 Turni
1281 2045 1395 2076 nece
1418 2029 1582 2076 finem.

1073 2166 1220 2219 XIV.

481 2259 779 2308 Tetrasticha
795 2259 842 2305 in
853 2256 1014 2305 omnia
1030 2254 1412 2319 VirgiliiOpera.
1449 2253 1567 2302 ibid.
1586 2253 1680 2317 Ep.
1707 2269 1793 2318 193

549 2343 764 2405 primum
784 2340 966 2402 integra
987 2338 1113 2384 edita
1130 2361 1142 2391 ;
1162 2354 1272 2384 cum
1292 2350 1429 2385 antea
1452 2353 1546 2384 non
1567 2335 1652 2384 nifi
1676 2352 1798 2401 qua·-

550 2436 658 2471 tuor
675 2422 821 2486 primi
840 2421 997 2468 versus
1022 2420 1289 2483 legerentur
1305 2419 1537 2483 inscripti.

603 2538 658 2584 In
692 2536 890 2582 Bucolica
926 2536 1218 2595 Fragmentum
1254 2547 1306 2578 ex
1340 2534 1514 2595 quodam
1548 2528 1699 2578 Pob'ta.

484 2619 682 2683 Tityrus
705 2617 873 2683 agresti
896 2614 1163 2663 modulatus
1188 2629 1379 2661 carmen
1402 2627 1548 2659 avena
1557 2635 1572 2667 ς

544 2781 566 2820 7
585 2776 621 2806 et
642 2771 660 2806 8
682 2769 801 2820 inepte
816 2767 945 2819 adjeffl
963 2765 1027 2804 effe
1054 2764 1238 2802 videntur.
1293 2762 1462 2815 Spefiant
1479 2761 1507 2802 f.
1540 2759 1588 2799 ad
1605 2757 1693 2798 AEn.
1727 2757 1798 2798 lib.

491 2827 532 2868 Π
548 2839 583 2869 et
601 2829 672 2869 ΙΙΙ.
688 2843 724 2869 v.
742 2829 878 2869 Donat.
896 2829 932 2867 V
936 2828 978 2867 it.
999 2825 1107 2880 Virg.
1129 2825 1161 2878 ᾗ.
1180 2826 1245 2866 60.

1516 2875 1798 2930 Formosum
