1987 3361
350 262 1035 349 EDITIONIBUS.
1210 310 1373 342 mxv

58 452 172 492 1471.
225 433 462 475 Praemittitur
479 432 569 469 Vita
590 429 744 481 Virgilii
771 443 856 468 curn
883 428 1038 467 verfibus
1067 436 1153 473 etc„
1180 429 1275 466 utin
1297 430 1372 467 Ve-

54 511 137 539 neta
162 510 254 550 ¹472
275 497 407 534 fabium
427 491 727 531 memorabamus.

106 560 287 598 Venetam
308 557 413 607 hujus
431 553 514 592 anni
533 566 595 603 per
615 551 846 594 Leonardum
867 550 1031 587 Achaten
1051 562 1083 588 a.
1110 564 1204 603 1473
1226 549 1304 588 vicl.
1324 549 1371 588 ad

48 633 87 663 ²·
104 634 219 720 iza}
235 678 292 717 M.
314 675 483 720 Bucolica,
506 674 683 725 Georgica,
708 672 840 715 AEneis,
860 670 1005 710 Brixiae.
1061 672 1248 723 Prestytero
1273 672 1374 710 Petro

55 741 92 783 V
88 741 153 781 illa
158 740 299 793 jubente
315 739 365 775 die
381 737 536 788 vzgcfimo
543 739 651 785 primo
669 732 798 783 Aprilis
1201 732 1228 769 f.
1257 745 1324 782 147
1332 745 1370 782 3,

106 800 289 839 Memorat
304 809 383 835 eam
403 794 531 839 Denis,
547 793 603 830 vir
625 792 763 831 dofiiss.
790 791 829 829 in
849 790 1030 842 Supplem.
1050 791 1234 830 Maittair.
1249 792 1321 830 To.
1337 792 1371 838 I,

51 875 90 915 p,
113 874 171 911 3²·
226 857 385 895 Eandem
417 855 551 892 Comes
581 853 628 891 de
656 851 849 897 Reviczki,
877 865 961 890 cum
994 861 1193 892 memorata
1210 852 1372 905 superius

54 917 221 962 Romana
238 919 276 957 in
293 916 556 957 bibliothecam
576 911 805 965 Spenceriam
834 912 972 953 intulit.

679 1024 692 1048 1
779 1037 789 1048 .

105 1096 150 1135 P.
175 1096 216 1134 V.
235 1094 292 1137 M,
323 1093 437 1143 Opera
465 1093 564 1140 (cum
595 1024 914 1141 Μερῐῑεῗΐυρρῐυ
940 1086 1063 1139 (ἷοΡει,
1091 1086 1242 1126 Moreto
1259 1096 1296 1126 et
1321 1088 1371 1129 al.

51 1155 223 1208 Opusc.),
252 1153 456 1192 Mediolani
470 1163 533 1202 per
555 1151 742 1201 thlzppum
759 1150 798 1186 de
815 1149 1008 1199 Lavagm'a
1207 1149 1236 1188 f.
1260 1163 1371 1201 1474.

104 1216 196 1253 Eam
227 1221 426 1252 memorant
458 1211 642 1248 Orlandus
673 1224 712 1261 p.
746 1220 828 1247 102.
874 1207 1063 1246 Maittaire
1091 1209 1141 1247 T.
1161 1209 1194 1253 I,
1222 1223 1258 1260 p.
1280 1223 1369 1261 335.

51 1277 98 1316 de
129 1278 220 1314 Bure
248 1289 284 1312 n.
315 1275 427 1313 2666.
491 1274 637 1309 Boninus
667 1269 880 1313 Membrilius
907 1281 984 1305 eam
1022 1279 1219 1309 curaverat.
1274 1269 1370 1307 Fon-

50 1337 168 1377 tanini
195 1338 279 1387 Hfi.
309 1334 377 1372 litt.
405 1332 547 1384 Aquilei.
569 1346 605 1382 p.
625 1345 689 1381 40,
718 1329 781 1380 qui
818 1327 926 1366 Cirin
963 1328 1077 1366 abeffe
1105 1340 1238 1366 monet.
1293 1329 1370 1368 Va-

51 1399 182 1438 riantes
210 1394 379 1433 leffiones
409 1405 454 1429 ex
482 1405 523 1430 ea
547 1400 731 1441 excerptas
759 1388 911 1440 praefixit
938 1388 1094 1426 editioni
1124 1388 1245 1427 Lond.
1271 1402 1366 1441 1713

51 1460 247 1499 Maittaire‚
266 1455 351 1492 hinc
380 1466 430 1491 eae
461 1451 637 1497 transsatae
653 1450 733 1488 sunt
751 1448 789 1487 in
807 1457 1016 1501 apparatum
1036 1462 1057 1486 a
1077 1449 1284 1488 Burmanno
1303 1448 1369 1492 sub

51 1518 200 1560 nomine
217 1517 308 1558 Edit,
327 1513 468 1557 Mediol,

658 1616 770 1656 ¹475·y

104 1690 150 1729 P.
171 1689 214 1726 V.
231 1686 286 1731 M,
302 1686 432 1736 Opera,
449 1682 684 1732 Venetiisper
701 1683 778 1720 Nic.
799 1681 926 1733 Jerglbn
1206 1680 1232 1722 f,
1257 1694 1323 1732 147
1331 1695 1367 1734 5„

103 1749 288 1786 Memorat
312 1758 389 1783 eam
415 1742 570 1780 Orlandi
589 1756 624 1793 p.
646 1743 720 1791 428
739 1751 774 1778 et
798 1743 857 1784 18,
888 1739 1015 1778 Maitt.
1035 1740 1086 1782 T,
1104 1739 1137 1784 I,
1164 1753 1200 1790 p.
1225 1755 1313 1790 349,
1331 1753 1368 1779 et

41 1822 94 1849 lex
112 1807 238 1845 eodem
258 1805 350 1842 forte
369 1804 414 1840 de
441 1803 534 1839 Bure
552 1814 589 1839 n.
609 1800 723 1851 2667.
776 1799 821 1836 In
849 1800 918 1836 hac
950 1799 1040 1837 edit.
1069 1798 1178 1835 Cirin
1208 1799 1366 1850 primum

50 1866 220 1922 prodiisse
240 1863 460 1901 Fontaninus
481 1862 564 1909 Hgst.
584 1859 651 1896 litt.
671 1858 817 1910 Aquilei.
846 1872 882 1909 p.
904 1872 955 1908 40
983 1867 1158 1896 memorat
1177 1874 1188 1903 ;
1218 1872 1290 1896 non
1310 1859 1366 1896 vi-

49 1930 151 1965 derat
169 1925 257 1962 adeo
278 1924 480 1962 Romanam
510 1920 687 1963 alteram3
713 1929 748 1955 et
774 1918 968 1972 ignorabat
1000 1918 1039 1956 in
1069 1918 1137 1955 hae
1162 1917 1272 1955 Cirin
1286 1920 1364 1970 jam

50 1988 116 2025 effe
132 1986 329 2036 vulgatam.

103 2048 146 2084 P.
168 2047 212 2083 V.
231 2044 287 2081 M.
307 2045 422 2092 Opera
438 2055 510 2078 cum
538 2040 792 2078 Commentariis
815 2039 948 2079 Servii.
1003 2036 1172 2076 Venetfis
1193 2048 1259 2088 per
1275 2038 1362 2087 Jac.

49 2105 200 2144 Rubeum
218 2103 386 2141 Gallicum
1206 2098 1233 2135 f.
1256 2112 1321 2149 147
1331 2113 1366 2150 ς,

100 2164 226 2203 Maitt.
260 2164 371 2201 Tom.
403 2161 437 2205 I,
465 2175 501 2212 p.
533 2173 620 2211 349,
652 2160 727 2211 post
758 2158 961 2195 Orlandum
983 2171 1018 2208 p.
1041 2169 1101 2206 27.
1157 2155 1227 2193 Pro
1247 2158 1364 2207 prima

49 2224 162 2264 Servii
179 2222 339 2261 editione
353 2221 441 2259 falso
460 2221 566 2265 oiim,
580 2219 688 2256 etiam
702 2232 721 2255 a
737 2218 921 2262 Fabricio,
940 2217 1148 2254 habebatur.
1169 2215 1231 2253 Cfi
1255 2221 1364 2267 1480.

102 2283 160 2321 De
185 2284 244 2333 Jo.
276 2282 404 2320 Rubeo
433 2284 497 2332 (de’
530 2281 637 2329 Rcffi‘)
666 2279 741 2317 vid.
771 2279 1015 2329 Supplement.
1069 2278 1094 2314 d
1126 2277 1293 2328 l’Hstoire
1326 2279 1366 2316 de

45 2344 281 2394 I'Imprimerie
293 2345 331 2380 de
351 2344 490 2394 Prosper
506 2340 707 2378 Marchand
727 2353 834 2390 1775.
856 2354 890 2387 4.
911 2352 946 2389 p.
971 2339 1054 2388 185'.

103 2402 289 2441 Maittaire
319 2401 456 2439 ibidem
486 2401 610 2438 eodem
631 2413 738 2442 anno,
766 2399 954 2436 Mellislszni
971 2397 1076 2439 forte,
1097 2395 1265 2433 excusum
1287 2397 1364 2434 Ser-

47 2459 156 2500 ‹w'um‘vv
166 2472 347 2498 memorat.
402 2460 449 2496 Et
469 2460 601 2496 sanein
621 2458 795 2501 Biblioffi,
824 2456 953 2494 Smith.
974 2471 1009 2507 p.
1030 2455 1364 2492 CCCCXXXIX

51 2520 170 2557 Servii
195 2518 321 2556 Editio
356 2517 558 2554 nitidiffima
588 2516 774 2553 Mffdiolani
806 2528 897 2565 1475
918 2515 995 2564 stne
1027 2521 1151 2551 nomine
1179 2517 1367 2564 impreffiris

50 2578 115 2616 fol.
138 2578 360 2622 recensetum
389 2576 474 2614 item
494 2576 532 2613 in
548 2575 724 2613 Biblioth.
762 2573 902 2611 Harlei.
925 2587 960 2623 p.
987 2587 1069 2624 177.
1124 2571 1272 2609 Excitat
1285 2585 1364 2610 eam

49 2636 235 2673 nonnullis
253 2635 356 2680 locis,
382 2645 423 2672 ut
442 2635 486 2671 ad
507 2635 648 2684 Georg.
667 2634 738 2676 ΙΙΙ,
766 2633 854 2684 256,
884 2632 1076 2670 Martinus,
1132 2630 1287 2668 Dirimit
1318 2631 1363 2667 li-

48 2705 120 2733 tem
153 2694 211 2732 Ill.
240 2694 373 2731 Comes
405 2694 451 2731 de
481 2693 687 2742 Revkzky,
714 2691 776 2743 qui
807 2705 885 2728 earn
917 2691 954 2728 in
994 2691 1052 2727 sua
1079 2704 1170 2741 penu
1209 2689 1364 2735 habuit3

49 2753 286 2804 subscriptum
304 2754 350 2791 est
370 2752 407 2790 in
435 2753 524 2790 fine:
545 2768 630 2790 anno
647 2768 669 2788 a
687 2750 799 2789 natali
816 2750 1005 2803 Chrestiano
1028 2750 1174 2787 MCCC
1178 2749 1208 2784 C
1211 2748 1353 2785 LXXV
1352 2777 1364 2788 .

50 2811 212 2849 Kalendis
229 2811 476 2856 Decembribus,
497 2813 593 2848 Divo
612 2810 769 2853 Galcacio
786 2810 909 2847 Maria
927 2810 950 2846 S
943 2812 1056 2860 fortia
1070 2810 1101 2844 V
1100 2813 1268 2850 icecomite,
1286 2807 1366 2844 Me-

47 2868 175 2912 diolani
188 2870 283 2910 Duce
298 2877 409 2923 quinto
411 2872 552 2920 florente
569 2869 626 2909 hoc
643 2879 716 2921 opus
733 2884 795 2908 non
812 2867 1024 2921 indiligenter
1037 2870 1079 2920 cst
1094 2874 1194 2920 impre
1220 2882 1285 2903 um.

203 2944 230 2975 z
1207 2922 1367 2965 Antonii
