1821 3381
361 316 421 365 50

518 299 570 346 Ρ.
629 293 1011 345 VIRGILII
1082 289 1488 338 MARONIS

356 431 625 482 Narciffurn
649 444 694 477 et
721 430 884 475 florem
903 425 1066 491 jungit
1087 424 1206 470 bene
1229 422 1400 468 olentis
1423 421 1584 468 anethi
1605 443 1620 476 ς

357 521 505 577 Tum,
528 520 647 567 casia
670 532 810 581 atque
833 518 935 564 aliis
960 518 1172 562 intexens
1199 512 1417 559 suavibus
1441 513 1617 570 herbis,

359 610 533 657 Mollia
556 609 727 655 luteola
751 607 909 670 pingit
933 604 1145 651 vaccinia
1174 602 1345 648 caltha.

1612 614 1673 664 50

359 699 464 763 lpse
487 715 575 762 ego
598 714 714 745 cana
738 698 893 760 legam
922 708 1082 742 tenera
1104 693 1328 756 lanugine
1349 691 1489 749 mala,

402 831 457 869 48.
482 833 646 874 hsnejmrgit
668 830 784 872 fragm.
804 830 928 860 Nloret.

1020 836 1072 868 49.
1098 827 1167 856 Cum
1182 826 1252 869 csfia
1267 827 1350 857 Ven.
1366 832 1397 856 et
1414 823 1559 856 Parrhas.
1596 823 1676 854 ‘Tunc

357 883 608 922 multi.---50.
632 883 759 924 Ping1.¹ia
775 883 796 912 l.
812 880 938 912 Nonius
954 878 1131 911 Marcellus
1145 878 1179 908 in
1195 878 1307 908 caltula.

355 1005 420 1034 trae
453 995 556 1032 vi'olae
589 994 702 1037 flavae,
733 993 829 1045 gelbe
859 991 984 1037 Violcn,

358 1047 436 1084 vid.
458 1045 611 1083 Martin.
633 1046 677 1082 ad
698 1045 733 1082 h.
752 1046 776 1082 1.
797 1045 888 1081 inter
905 1057 984 1080 ver-

356 1112 421 1137 nos
436 1097 538 1135 flores
553 1097 796 1140 numerandae3
812 1098 946 1133 λευκόίὀν
959 1094 984 1132 s.

358 1150 477 1187 albam
507 1149 658 1191 violam,
685 1147 773 1185 flore
799 1149 868 1184 sive
904 1147 985 1183 albo

356 1202 427 1239 five
444 1201 536 1238 flavo
557 1200 625 1237 five
643 1212 836 1250 purpureo,
855 1208 986 1235 vocant

357 1263 504 1290 veteres,
558 1251 696 1288 Pallens
716 1263 799 1287 vero
825 1263 892 1301 pro
923 1250 985 1286 Ha-

355 1318 426 1349 vo;
455 1304 479 1341 si
500 1316 651 1353 corpora
681 1301 870 1339 hominum
899 1301 986 1338 cali-

357 1354 461 1393 diore
494 1355 532 1391 in
562 1356 670 1405 plaga
702 1353 904 1390 viventium
935 1366 986 1390 re-

358 1417 474 1458 putes,
493 1420 585 1457 quae,
611 1419 695 1443 cum
727 1406 874 1455 pallent,
905 1404 985 1441 sub-

355 1458 562 1496 flavescunt.
617 1458 804 1507 Papa-vera
832 1455 911 1493 sunt
940 1469 985 1493 ex

355 1523 484 1561 genere
502 1509 660 1553 filvestri,
678 1509 764 1544 flore
778 1507 874 1551 rufo,
888 1508 986 1556 quod

355 1564 396 1599 in
424 1560 519 1598 arvis
551 1574 634 1597 curn
662 1560 800 1596 hordeo
830 1558 987 1597 maxime

356 1613 524 1650 nascitur.
563 1612 659 1649 Plin.
689 1610 801 1653 XIX,
832 1623 868 1660 9.
908 1610 985 1648 vid.

356 1663 512 1702 Martin.
542 1663 579 1702 h.
607 1664 632 1701 l.
657 1672 692 1699 et
711 1663 757 1699 ad
777 1662 850 1700 Ge.
872 1662 903 1706 I,
922 1663 984 1712 78.

357 1718 530 1766 Narcgffics
557 1728 602 1752 ex
632 1728 676 1751 eo
707 1713 831 1763 utique
856 1727 986 1764 genere

358 1770 425 1812 est,
453 1768 552 1817 quod
580 1779 645 1803 nos
675 1766 725 1803 ita
754 1767 984 1815 appellamus.

357 1834 394 1857 v.
414 1819 524 1857 eund.
544 1818 590 1855 ad
616 1818 688 1855 Ge.
717 1817 791 1859 IV,
824 1831 906 1854 122.
935 1818 984 1855 cf.

358 1871 521 1908 Theocr.
543 1869 617 1912 XI,
640 1883 699 1920 57.
733 1868 919 1907 Schreber.
940 1870 986 1906 ad

360 1923 395 1968 I,
421 1936 488 1971 133
508 1935 591 1958 cum
623 1920 772 1957 Linnaeo
793 1921 984 1965 consentit,

356 1974 422 2025 qui
445 1975 555 2011 Nares
579 1989 632 2009 um
659 1976 816 2022 poblicum
853 1973 984 2010 edidit.

358 2027 452 2076 Quae
483 2035 601 2062 autem
628 2023 746 2071 Julius
771 2023 920 2061 Sabinus
948 2024 986 2062 h.

361 2080 386 2115 l.
408 2074 522 2114 'habet
553 2077 599 2112 de
632 2075 812 2119 Narcisso,
840 2075 986 2112 coronis

360 2129 562 2178 Erinnyum
579 2126 765 2172 destinato,
778 2127 889 2176 petita
906 2127 987 2164 sunt

359 2194 405 2219 ex
425 2180 549 2218 Schol.
577 2179 747 2227 Sophocl.
777 2178 871 2216 Oed.
900 2179 985 2216 Col.

360 2237 449 2272 681.
503 2230 670 2268 Am‘shum
697 2231 851 2267 nostrum
884 2230 987 2274 ‘silla

359 2283 387 2323 s.
416 2283 525 2327 Dille,
541 2281 618 2325 dill,
635 2293 726 2323 anet,
743 2282 809 2318 esse
829 2291 986 2330 putatur,

359 2335 461 2387 quod
479 2345 513 2370 et
533 2333 572 2370 in
596 2332 720 2370 nostris
749 2333 875 2370 hortus
905 2333 988 2370 vifi-

359 2397 434 2431 tur,
461 2387 548 2424 flore
583 2385 688 2422 flavo.
743 2385 858 2424 ἄνηθον
877 2385 986 2422 etiarn

362 2437 583 2475 Theocritus
601 2449 684 2472 curn
703 2436 788 2473 rosis
819 2446 855 2473 et
881 2436 989 2473 violis

356 2489 481 2541 jungit
500 2488 593 2532 VII,
611 2490 678 2535 63:
702 2487 858 2525 Dubites
870 2498 987 2525 tamen

361 2542 408 2579 de
432 2540 505 2579 alio
530 2540 612 2576 loco
637 2539 746 2588 Idyll.
775 2539 870 2584 XV,
903 2553 988 2590 119.

360 2594 460 2631 Cum
482 2591 607 2629 malvis
635 2600 670 2627 et
699 2590 783 2641 apio
806 2590 930 2641 jungit
950 2595 989 2630 τό

363 2647 396 2682 τ’
414 2644 552 2682 εὐθαλὲς
578 2644 651 2680 ἕλον
674 2642 788 2682 ἄνηθον
816 2643 990 2680 Moschus

362 2697 471 2746 Idyll.
500 2695 572 2739 ΙΙΙ,
596 2709 680 2733 101.
749 2707 812 2744 49.
833 2695 940 2744 Casta
969 2708 990 2731 a

363 2748 487 2786 Plinio
505 2747 599 2783 inter
615 2746 740 2783 herbas
753 2759 794 2783 ac
812 2746 916 2783 flores
934 2759 988 2783 re-

361 2800 525 2838 censetur
555 2796 777 2840 coronarios‚
819 2807 856 2833 et
896 2797 990 2835 inter

362 2866 438 2895 eos,
466 2863 554 2901 quos
574 2849 670 2886 circa
695 2848 849 2885 alvearia
878 2849 990 2886 serere

357 2903 478 2956 jubet.
506 2901 633 2953 Vulgo
658 2899 880 2940 lavendulam
910 2900 991 2939 nos-

1051 999 1141 1028 tram
1161 991 1226 1027 effe
1240 997 1380 1041 putant.
1398 987 1475 1026 vid.
1498 988 1617 1027 Cerda
1629 987 1676 1025 ad

1052 1043 1126 1079 Ge.
1164 1042 1236 1086 IV,
1276 1055 1339 1091 30,
1372 1054 1408 1091 p.
1445 1042 1533 1089 480.
1605 1039 1676 1077 Sed

1052 1093 1251 1136 Martinus,
1277 1092 1493 1143 comparatis
1518 1092 1613 1129 inter
1641 1090 1676 1128 se

1055 1145 1190 1187 Plinio,
1220 1143 1439 1182 Dioscoride
1481 1157 1522 1180 ac
1550 1143 1677 1179 Theo-

1049 1198 1204 1248 phrasto,
1247 1197 1369 1240 docet,
1415 1196 1551 1245 Castam
1583 1194 1677 1231 hanc

1049 1249 1115 1285 effe
1133 1264 1265 1286 cneoron
1283 1247 1512 1291 Graecorum,
1531 1246 1558 1284 s.
1584 1245 1677 1297 Tlgy·

1050 1301 1195 1338 melaeun
1228 1299 1291 1338 lini
1311 1300 1413 1352 folio,
1458 1314 1533 1350 quae
1560 1314 1678 1349 grana

1050 1355 1161 1390 cm'dia
1180 1352 1260 1389 fert.
1285 1366 1320 1389 v.
1354 1350 1507 1388 Martin.
1536 1352 1581 1387 ad
1602 1350 1676 1387 Ge.

1051 1403 1104 1448 II,
1128 1417 1215 1452 2135
1283 1416 1341 1453 50.
1364 1408 1476 1453 pingit
1506 1407 1680 1446 vaccinia,

1053 1455 1166 1491 variat
1201 1454 1330 1495 caltha,
1374 1464 1555 1502 tamquam
1591 1453 1679 1491 flore

1052 1506 1180 1543 diversi
1206 1505 1355 1549 coloris,
1392 1511 1539 1543 intexens
1571 1504 1681 1541 herbis

1054 1571 1089 1594 n.
1109 1557 1222 1594 violas
1240 1567 1275 1594 et
1297 1556 1445 1606 reliqua.
1472 1555 1570 1593 conf.
1592 1556 1677 1595 AEn.

1055 1609 1147 1653 VII,
1167 1613 1256 1658 488.
1311 1608 1441 1646 Calcha
1459 1609 1570 1658 vulgo
1598 1607 1679 1644 nos-

1055 1671 1108 1697 tra
1128 1660 1354 1712 Ringelblum,
1375 1659 1679 1710 marggold,s5ucy‚

1053 1713 1182 1749 habetu
1190 1727 1216 1749 r.
1224 1727 1241 1748 v
1249 1711 1301 1750 id.
1317 1711 1451 1754 Cerda,
1462 1724 1679 1761 quamquam

1052 1763 1099 1801 de
1129 1778 1172 1802 eo
1199 1764 1316 1800 adhue
1345 1762 1488 1800 dubitat
1519 1762 1679 1800 Martin.

1053 1817 1098 1853 ad
1133 1817 1170 1853 h.
1197 1816 1221 1854 l.
1257 1815 1315 1851 De
1345 1811 1505 1852 vacciniis
1529 1814 1604 1852 vid.
1632 1813 1680 1851 ad

1054 1881 1089 1905 v.
1114 1872 1171 1905 18.
1225 1867 1351 1911 mollia,
1379 1876 1513 1910 tenera,
1535 1867 1580 1903 'ut
1599 1865 1680 1904 Ecl.

1054 1919 1106 1964 V,
1127 1921 1189 1968 38.
1219 1919 1290 1963 VI,
1312 1931 1375 1969 53,
1402 1927 1437 1955 ct
1466 1927 1504 1955 ut
1521 1918 1681 1955 nostrum

1041 1974 1113 2021 san
1134 1976 1160 2008 ἲ.
1541 1975 1545 1980 ”

1108 2036 1169 2073 51.
1203 2032 1478 2060 cana—tenera
1524 2020 1683 2073 lanugine

1054 2074 1159 2112 mala.
1181 2076 1358 2111 Xvodovva.
1374 2073 1587 2123 Intelllgunt
1601 2073 1682 2110 vnl-

1054 2139 1103 2176 go
1133 2127 1226 2163 mala
1260 2124 1432 2175 cydonia,
1462 2124 1485 2161 s.
1514 2134 1682 2168 cotonea,

1055 2177 1160 2214 nobie,
1176 2179 1328 2227 inttem
1348 2188 1426 2226 quae
1443 2189 1531 2213 cana
1554 2176 1635 2213 lana
1653 2177 1681 2214 s.

1052 2228 1227 2279 lanugine
1256 2228 1392 2266 obduci
1424 2226 1504 2264 satis
1533 2229 1683 2266 constat.

1056 2279 1180 2331 Qum
1200 2291 1319 2317 tamen
1346 2292 1386 2316 ea
1413 2280 1531 2329 palato
1558 2281 1684 2330 puellae

1055 2345 1180 2382 parum
1196 2341 1296 2382 grata
1314 2330 1415 2368 fuiffe
1425 2331 1540 2368 videri
1556 2332 1683 2381 poffint
1719 2336 1730 2341 ⁴

1061 2384 1212 2434 (oblitus
1230 2392 1304 2420 erat
1320 2383 1378 2419 vir
1393 2381 1624 2427 dociissimus,
1642 2384 1681 2421 h.

1055 2437 1081 2473 l.
1101 2436 1145 2472 de
1164 2449 1200 2472 re
1213 2434 1402 2472 coronaria
1415 2434 1517 2484 agi),
1531 2434 1683 2484 conjicit

1055 2486 1239 2524 Martinus
1281 2485 1471 2537 significari
1514 2499 1535 2522 a
1577 2488 1684 2536 poe'ta

1049 2544 1228 2589 praecocia‚
1275 2537 1302 2576 s.
1345 2538 1460 2574 nostra
1497 2539 1682 2588 Apricefi‘n.

1056 2590 1127 2627 Sed
1150 2591 1296 2641 vulgata
1320 2589 1568 2638 interpretatio
1593 2602 1683 2626 con-

1056 2641 1190 2679 firmari
1218 2641 1327 2679 etiarn
1345 2640 1454 2691 potest
1471 2653 1515 2677 ex
1541 2640 1684 2678 Alcimi

1057 2694 1125 2744 Epi
1130 2703 1328 2744 grammate
1343 2692 1544 2743 Antholog.
1560 2692 1682 2730 Burm.

1057 2745 1107 2783 T.
1137 2746 1170 2789 I,
1198 2759 1234 2782 n.
1265 2758 1355 2788 211,
1384 2745 1484 2793 quod
1514 2757 1558 2780 ex
1589 2743 1627 2782 h.
1654 2745 1681 2782 l.

1056 2797 1269 2847 expreffum,
1297 2795 1360 2833 ubi
1385 2795 1459 2832 haec
1485 2795 1577 2833 mala
1604 2795 1683 2832 red-

1057 2848 1190 2885 duntur
1207 2847 1386 2885 velleribus
1401 2847 1528 2895 hirficta
1551 2848 1685 2896 cydonia

1226 2898 1401 2951 Calpurn.
1429 2898 1511 2943 Ecl.
1537 2898 1592 2942 ΙΙ,
1618 2911 1684 2948 90.

1570 2961 1616 3000 91
1647 2960 1686 2988 ut

1055 2906 1159 2939 canis.
