1821 3381
331 355 876 416 G-EoRmcoN,
921 354 1076 405 ΜΒ.
1119 353 1191 403 11.
1319 368 1417 421 345

109 498 300 556 Terrra,
336 510 492 560 neque
525 495 576 543 in
600 508 807 541 vacuum
835 503 1062 556 poterunt
1095 489 1143 540 se
1173 489 1426 542 extendere

305 588 447 636 rami.

174 680 385 731 Forsitan
409 690 472 736 et,
496 673 741 725 scrobibus
758 687 867 737 quae
884 671 975 720 fint
999 672 1201 737 fastigia,
1220 689 1424 739 quaeras.

106 773 279 824 Aufim
301 772 376 818 vel
391 768 523 818 tenui
547 765 695 814 vitem
710 765 1015 813 committere
1036 762 1194 816 sulco:

109 864 271 913 Altior
290 879 345 912 ac
368 863 561 928 penitus
582 872 724 909 terrae
740 860 968 925 defigitur
988 860 1123 908 arbos
1134 884 1149 917 ;
1332 876 1430 930 290

109 995 265 1038 scriptura
292 995 488 1038 meledium,
509 995 595 1038 quod
613 993 702 1026 Voss.
724 994 834 1032 habet,
855 996 946 1026 inane.
1004 994 1208 1028 Burmannus
1229 1006 1247 1029 e
1273 997 1431 1033 Britanno

112 1049 354 1088 codicehlaudat
375 1049 473 1090 prcff.
497 1049 612 1082 inanis‚·
637 1046 772 1077 Martin.
798 1045 920 1077 nullam
947 1045 1162 1079 variationem
1193 1049 1330 1081 notavit.
1375 1050 1432 1082 Est.

109 1098 192 1130 illud
207 1099 306 1130 etiam
322 1109 339 1129 e
368 1098 556 1139 conjectura
582 1097 669 1129 docti
696 1097 840 1128 Britanni
865 1096 1063 1139 propositum
1091 1098 1178 1130 Obss'.
1197 1099 1285 1131 misc.
1307 1100 1383 1132 Vol.
1406 1103 1433 1140 1,

111 1149 156 1181 T.
173 1151 185 1180 1
201 1160 251 1192 pr.
270 1149 361 1180 facile
378 1148 537 1180 firmanda
559 1159 597 1180 ex
611 1148 690 1178 AEn.
708 1149 734 1185 1,
755 1147 818 1187 463
836 1150 957 1178 animum
967 1150 1082 1190 piHura
1092 1151 1185 1192 pafiit
1198 1152 1285 1182 inani.
1329 1152 1430 1194 Equi-

115 1199 205 1238 dem,
224 1200 247 1232 fi
272 1200 325 1231 vel
350 1199 474 1231 codices
502 1200 564 1230 hoc
591 1198 745 1230 haberent
775 1198 926 1240 potiores,
946 1199 1084 1231 alterum
1108 1200 1162 1233 vel
1191 1201 1285 1233 unius
1314 1203 1433 1236 codicis

110 1251 304 1283 auetoritate
319 1259 439 1289 tuerer,
459 1257 626 1291 tamquam
640 1248 823 1290 exquifitius
835 1257 866 1280 et
880 1250 1014 1291 poeticae
1035 1250 1152 1282 rationi
1175 1252 1431 1286 convenientias.

109 1303 264 1345 Epitheta
286 1303 331 1335 ita
345 1303 522 1345 permutari
544 1302 584 1333 ad
609 1302 768 1344 majorem
794 1301 952 1333 orationis
972 1303 1173 1335 venustatem
1195 1304 1266 1346 quis
1285 1316 1348 1337 non
1374 1306 1435 1337 ob-

110 1356 275 1389 servavit?
293 1358 401 1386 animus
425 1358 515 1386 inanis
545 1354 590 1386 est
615 1355 694 1396 ejus,
716 1355 771 1396 qui
794 1355 964 1397 prospedtu
987 1355 1073 1388 inani
1094 1358 1251 1399 pascitur;
1274 1366 1309 1390 ut
1324 1362 1435 1392 animui-

112 1421 205 1440 vanus
220 1409 300 1451 ejus,
322 1409 377 1450 qui
393 1418 475 1440 vana
493 1408 648 1450 sequitur.
694 1408 881 1440 Transferri
906 1409 1025 1441 scilicet
1044 1410 1121 1442 talia
1145 1411 1178 1442 in
1202 1413 1347 1444 nostrum
1368 1414 1433 1446 ser-

114 1470 251 1493 monem
267 1468 443 1502 nequeunt.
490 1461 577 1491 Nam
592 1471 694 1492 vanus
715 1469 745 1493 et
760 1461 889 1503 jejunus
904 1462 1030 1494 animus
1041 1462 1078 1495 h.
1095 1463 1118 1495 l.
1133 1465 1271 1508 intelligi
1286 1477 1322 1498 ac
1340 1467 1434 1501 reddi

113 1521 180 1544 non
207 1512 353 1543 debebat.
400 1512 436 1542 In
463 1511 556 1543 Misc.
583 1511 669 1543 obff.
689 1513 749 1550 IV,
771 1523 845 1554 pag.
874 1522 939 1553 344
957 1514 1019 1544 Vir
1044 1515 1158 1546 doetus
1179 1519 1302 1547 animum
1325 1519 1435 1549 inanem

113 1565 344 1608 interpretatur
359 1575 509 1602 vacuum,
530 1565 679 1602 otiosum,
702 1576 740 1597 ex
756 1567 880 1607 Georg.
896 1567 952 1604 111,
969 1575 1007 1606 33
1031 1574 1063 1598 at
1080 1578 1206 1607 vereor,
1228 1576 1264 1600 ut
1280 1569 1340 1601 hoc
1361 1570 1432 1602 fieri

114 1618 220 1662 poflit.
313 1617 386 1657 287.
400 1619 435 1659 fi
451 1629 469 1648 a
485 1619 582 1648 Rom.
600 1618 706 1656 abest3
729 1626 762 1650 et
788 1619 872 1650 hunc
894 1618 1047 1661 loquendi
1077 1621 1211 1653 modum
1230 1632 1338 1656 amare
1360 1627 1434 1656 Ma-

115 1682 243 1709 ronem,
267 1679 358 1703 notat
374 1670 485 1702 Heins.
501 1671 542 1702 ad
557 1672 633 1702 AEn.
649 1672 690 1709 11,
706 1680 781 1710 207.
834 1685 880 1703 nec
903 1672 991 1704 idem
1005 1673 1104 1706 Rom.
1195 1675 1269 1717 289.
1291 1678 1340 1707 'vel
1352 1678 1437 1710 Remi

115 1723 168 1757 ed.
185 1725 268 1754 Ven.
296 1723 335 1754 cf.
366 1723 477 1753 Burm.
521 1729 564 1752 ter
588 1725 662 1753 tenus·
687 1733 769 1754 unus
799 1723 1077 1765 Mead.-—--290.
1103 1726 1201 1756 Altius
1232 1726 1342 1769 vulgo.
1384 1729 1434 1761 At

116 1776 246 1807 Altiore
264 1774 380 1805 Medic.
400 1772 570 1812 Heinsiu53
593 1775 707 1804 eodem
734 1774 834 1811 sensu,
855 1774 910 1806 sed
925 1775 1127 1816 exquifitiore
1141 1776 1218 1815 usu;
1240 1778 1295 1820 qui
1313 1780 1435 1811 Marti-

116 1836 196 1866 num
212 1825 244 1856 h.
260 1825 281 1856 l.
299 1824 452 1866 fugiebat.
501 1825 551 1856 Sic
567 1832 599 1855 et
615 1824 761 1856 nonnulli
785 1826 871 1867 apud
895 1825 1048 1857 Pierium.
1095 1828 1193 1858 Altior
1216 1836 1249 1859 at
1264 1830 1346 1872 conj.
1364 1834 1437 1874 Jac.

117 1877 251 1919 Bryant.
307 1877 386 1907 arbos
411 1875 522 1920 scripti
545 1876 737 1910 constanter.
791 1877 915 1920 defiditur
941 1877 1028 1909 Voss'.
1051 1887 1102 1921 pr.
1157 1879 1302 1923 defingitur
1331 1883 1434 1918 Goth.

120 1929 183 1965 sec·

117 2040 249 2083 caussa,
275 2051 383 2090 quam
412 2040 554 2078 animus
579 2051 625 2077 ex
660 2052 745 2091 pro-

119 2091 240 2142 speftu
251 2091 386 2142 capiat,
400 2099 530 2130 animus
544 2095 668 2135 inanis,
682 2104 747 2142 pro

121 2143 245 2185 animo
262 2143 352 2193 ejus,
380 2143 444 2192 qui
460 2143 601 2181 inanem
619 2144 746 2200 volup:

809 2039 965 2078 fundum
999 2041 1149 2091 agendi,
1176 2044 1361 2096 quaeritur.
1393 2058 1435 2088 v,

811 2093 959 2129 Colum.
978 2092 1053 2138 111,
1084 2108 1144 2146 15,
1174 2109 1210 2134 2.
1238 2096 1311 2143 IV,
1344 2111 1359 2136 1
1379 2112 1436 2149 pr.

811 2143 857 2180 de
875 2143 968 2181 Arb.
987 2158 1026 2194 4,
1046 2157 1082 2193 3.
1104 2145 1276 2197 Geopon.
1297 2149 1349 2196 V,
1374 2162 1436 2197 12,

120 2204 232 2232 tatem
263 2207 282 2231 e
315 2195 503 2245 prospetstu
534 2195 654 2245 capit3
682 2207 746 2244 qui

120 2245 250 2298 probat
293 2258 384 2290 rem,
411 2259 490 2296 quae
520 2256 660 2284 tantum
698 2245 745 2282 ad

121 2298 343 2348 voluptatem
376 2297 480 2342 facit,
506 2298 643 2336 nullam
676 2297 747 2334 uti-

124 2349 265 2388 litatem
310 2348 434 2393 habet,
477 2363 557 2400 quae
599 2348 747 2399 patrifa-

122 2400 243 2438 milias
259 2401 438 2451 proposita
449 2401 514 2438 effe
531 2401 629 2438 solet.
660 2404 748 2450 287.

123 2451 287 2490 Videant
332 2451 585 2497 adolescentes,
629 2461 686 2488 ut·
710 2455 749 2490 in

123 2502 225 2546 tenui
257 2503 418 2541 oratione
448 2516 568 2542 tamen
595 2503 751 2554 po'eticae

126 2554 269 2594 indoles
308 2554 496 2593 elucescat.
576 2554 675 2592 Nam
711 2554 751 2591 in

126 2605 234 2658 prosa
258 2604 395 2643 fuisset:
425 2607 484 2644 sed
504 2616 543 2644 ut
571 2617 664 2643 terra
689 2605 751 2643 det

125 2667 197 2703 etc.
249 2663 341 2694 vires
375 2657 471 2695 dabit
503 2673 632 2709 aequas,
668 2670 751 2707 pro,

126 2721 230 2759 aeque
279 2707 520 2759 suppeditabit
567 2709 754 2754 alimenta,

126 2759 275 2811 succum
285 2775 297 2804 ;
344 2760 488 2797 tandem
531 2760 674 2804 addito,
717 2767 754 2799 in

127 2826 288 2856 vacuum,
307 2810 345 2848 in
363 2816 497 2850 acrem.

182 2865 272 2907 288.
308 2861 441 2902 Sintne
457 2862 600 2903 scrobes
617 2863 656 2903 in
672 2876 756 2916 pro-

817 2208 875 2246 19.
890 2198 1071 2246 fqsttggium
1096 2211 1162 2248 pro
1191 2200 1440 2250 profunditate

812 2258 885 2284 ere
911 2247 1042 2284 rustica
1066 2249 1235 2298 petitum,
1262 2267 1296 2292 v.
1332 2254 1438 2292 Indi-

811 2311 892 2336 cem
923 2299 1014 2337 AA.
1044 2299 1091 2336 de
1120 2300 1205 2341 RR.
1240 2303 1438 2345 Rationem

811 2350 921 2387 habet
937 2362 1031 2395 earn,
1057 2364 1128 2402 qua
1158 2355 1339 2404 profunda
1361 2359 1440 2398 alta

815 2401 1002 2441 dicuntur.
1087 2406 1173 2455 289.
1211 2408 1328 2456 sulcus
1395 2422 1437 2447 ro

814 2452 952 2493 scrobe.
1004 2453 1213 2494 Mensuram
1230 2458 1341 2510 ipsam
1377 2475 1442 2512 up-

815 2503 980 2555 peditant
999 2505 1092 2545 Plin.
1117 2506 1251 2554 XVII,
1284 2513 1344 2556 16,
1374 2525 1440 2559 22,

814 2556 844 2594 s.
883 2569 947 2608 35,
975 2570 1011 2608 7.
1040 2557 1246 2598 Columella
1281 2562 1357 2607 ΙΙΙ,
1392 2576 1437 2614 13

814 2616 851 2646 et
873 2622 887 2646 1
922 2635 933 2646 .
987 2609 1097 2646 Adde
1114 2611 1283 2663 Xenoph.
1304 2614 1442 2656 OEcon.

816 2671 852 2697 c.
912 2658 985 2698 IX.
1040 2659 1100 2698 Est
1134 2674 1254 2702 autem
1288 2665 1375 2703 vitis
1402 2670 1442 2706 ἐκ

817 2715 880 2749 τῶν
904 2714 1201 2765 ἓπιπολκιορῥίζων.
1232 2729 1267 2754 V.
1314 2717 1441 2755 Theo-

812 2762 946 2814 phrast.
965 2764 1012 2801 de
1032 2765 1150 2804 Cauff.
1174 2766 1287 2805 Plant.
1306 2767 1380 2812 III,
1401 2784 1439 2828 5.

870 2827 958 2866 290.
999 2816 1053 2853 At
1086 2817 1229 2855 arbores
1260 2818 1366 2857 altius
1399 2835 1440 2860 m

814 2873 946 2905 terram
979 2876 1016 2907 et
1044 2868 1187 2920 penitus
1218 2869 1443 2923 defiguntur.

1362 2935 1436 2977 29¹
