1821 3381
130 1181 237 1236 {pirna
287 1192 363 1232 ἐκιιέν
370 1189 486 1260 seire
509 1193 678 1238 nemzfftoe'»
711 1209 860 1238 offla-e
880 1205 1024 1239 datram
1037 1196 1242 1243 „Zgspgjfaf
1261 1200 1324 1262 §g
1340 1203 1456 1248 [2745

277 1381 339 1442 P.
391 1381 802 1442 VIRGILII
852 1333 1293 1451 MARONIS

168 1540 247 1615 G
314 1541 378 1614 E
446 1539 525 1614 O
594 1541 664 1614 R
730 1541 807 1617 G
871 1544 903 1616 Ι
974 1543 1041 1618 C
1112 1545 1191 1621 O
1259 1551 1414 1640 Νὴ

383 1679 700 1732 LIBER
785 1679 1205 1738 PRIMUS.

217 1803 311 1844 AD
363 1805 804 1845 e.01LN1UM
858 1808 1370 1856 MAECENATEM.

380 2053 1199 2109 ARGUMENTUM.

142 2150 407 2225 GEORGICA,
429 2177 488 2215 seu
510 2178 556 2216 de
584 2195 617 2215 re
648 2183 764 2229 rustica
794 2191 984 2233 praecepta,
1015 2186 1224 2234 arationem,
1260 2192 1446 2242 arborum,

138 2248 303 2300 inprimis
321 2249 452 2287 vitium
469 2261 506 2288 et
522 2250 696 2296 olearum,
719 2252 912 2297 culturam,
931 2255 1126 2304 pastionem
1144 2270 1180 2296 et
1207 2262 1445 2310 mellificium,

139 2330 160 2355 e
190 2317 436 2354 Romanorum
470 2317 620 2355 notione
646 2320 836 2370 complexa
864 2319 957 2360 sunt.
1012 2323 1191 2365 Ordinem
1209 2328 1447 2372 dicendorum

137 2385 242 2423 ducit
267 2388 439 2436 Propofitio
468 2399 503 2425 et
531 2401 761 2439 argumentum
790 2391 909 2442 operis
935 2407 969 2431 v.
995 2408 1103 2447 1—5‘.
1158 2398 1250 2437 Inde
1277 2403 1449 2443 Invocatio

138 2454 326 2491 numinum
359 2456 546 2505 agrestium
578 2470 663 2494 cum
687 2458 765 2508 ipso
793 2460 935 2499 Caesare
963 2462 1241 2516 Augusto—42.
1272 2469 1384 2509 Nunc
1403 2473 1448 2510 de

128 2528 243 2572 prim'a
270 2524 386 2574 operis
426 2525 546 2563 rustici
573 2538 687 2576 parte,
731 2542 810 2577 quae
839 2530 886 2566 est
913 2531 959 2568 de
995 2534 1182 2572 Aratione:
1211 2537 1330 2587 primo
1365 2539 1446 2590 qui-

135 2588 218 2627 dem
256 2595 387 2643 quando
415 2593 477 2630 illa
516 2594 726 2645 incipienda
757 2597 914 2649 s1t—49.
945 2601 1042 2638 Ante
1069 2603 1192 2641 omnia
1227 2607 1305 2644 caeli
1320 2608 1448 2660 filique

190 2711 207 2727 ⁴‘
234 2712 389 2752 Georgicon.
452 2715 516 2745 Alii
549 2716 759 2758 Georgicorum.-
825 2731 903 2762 quos
916 2721 1010 2764 supra
1029 2723 1113 2755 inter
1136 2725 1338 2768 Argumenta
1360 2732 1447 2763 vide-

135 2751 187 2783 sed
219 2755 331 2785 Graeca
356 2756 388 2786 in
415 2757 464 2787 his
484 2759 587 2790 titulis
611 2769 759 2802 regnant.
823 2763 871 2795 bis
901 2765 964 2796 No.
997 2766 1064 2796 XV
1103 2770 1295 2812 Qidfaciat
1326 2776 1447 2816 laetass.

134 2795 197 2826 vid.
227 2797 338 2829 Heius.
395 2801 427 2830 ln
455 2801 565 2833 multis
594 2803 697 2835 Codd.
725 2813 758 2837 et
824 2809 886 2838 Eos
901 2808 934 2838 in
951 2809 1106 2841 Rottend.
1126 2819 1157 2842 et
1174 2814 1310 2857 Menag.
1352 2818 1448 2849 Ovidi·

136 2838 206 2869 edd.
236 2849 299 2871 ant.
329 2843 571 2883 praemittuntur
594 2856 653 2888 pro
682 2847 756 2879 libri
824 2852 946 2890 Nafhni‚
972 2852 1004 2882 in
1031 2854 1138 2902 priscis
1163 2856 1234 2887 edd.
1262 2860 1445 2893 Modestino

135 2881 230 2921 primi
256 2894 446 2926 argumento
478 2897 614 2930 quatuor
639 2890 757 2928 versus,
822 2893 918 2926 tribui
931 2902 1054 2926 notav1t
1071 2897 1179 2928 Burm.

1325 2995 1448 3020 natura
