1987 3361
513 293 540 325 c
854 274 971 323 DE
1037 237 1474 320 Ἰ»1111011111

512 414 574 442 aut
589 405 900 456 interpolarentur.
956 404 1019 442 Ad
1047 401 1258 441 Mediceum
1276 399 1441 438 codicem
1457 396 1661 436 emendavit
1678 394 1822 447 pozitan‘l

513 463 702 502 cenninus
729 465 932 502 Florentiae.
984 462 1142 500 Codices
1162 460 1360 497 vaticanos
1378 456 1561 494 adhibitos
1589 456 1655 493 effe
1681 455 1721 492 in'
1739 452 1823 490 Me-

512 524 711 561 diolancnfi
742 524 887 562 Zarotti
923 536 1016 574 1472
1050 523 1193 558 testatur
1221 517 1447 568 subscriptio.
1503 515 1542 552 Si
1572 525 1692 552 tamen
1715 512 1827 550 altera

514 583 795 622 Mediolanensis
819 597 913 634 ¹474
930 584 1015 620 inde
1037 582 1109 619 fuit
1125 579 1296 630 expreffa,
1321 577 1513 615 leftionem
1530 574 1603 624 ejus
1621 580 1827 622 excerptam

514 644 684 681 habemus
700 643 735 679 iu
757 643 791 679 V
796 656 845 679 ar.
867 643 967 680 Leti.
986 649 1166 692 apparatu.
1223 638 1260 675 P.
1288 636 1480 674 Malleolus
1498 633 1554 670 bis
1572 633 1618 670 ad
1636 630 1828 669 emendan-

514 704 604 739 dum
635 702 826 738 Maronem
851 703 1036 738 accesserat
1074 702 1168 749 1478
1199 707 1233 733 et
1271 698 1380 746 1498.
1437 693 1525 731 Non
1557 691 1688 730 tamin
1703 693 1829 740 poeta,

515 774 623 811 quam
641 760 680 796 in
705 760 830 797 Servio
848 759 1084 797 emaculando
1103 769 1248 807 operam
1266 755 1488 792 collocaram
1506 751 1681 802 plerique,
1707 749 1747 786 in
1774 746 1831 783 his

517 820 578 869 jo.
608 819 851 870 Calphurnius
868 819 907 856 in
923 819 1012 856 edit.
1045 818 1194 855 Vicent.
1233 827 1341 865 1479.
1396 813 1542 850 Prorsus
1561 810 1647 848 inde
1666 822 1686 846 a
1703 806 1833 845 critica

515 892 625 929 opera
642 879 820 916 deflexum
839 879 882 916 ad
904 876 1162 929 interpretandi
1189 874 1358 912 studium.
1404 871 1538 913 ‚Primo
1565 869 1672 906 video
1699 863 1844 904 Domi-'

516 939 610 977 tium
629 939 868 976 Calderinum
887 938 1059 975 enarrafl'e
1075 934 1258 987 Opuscula
1283 937 1392 983 1483.
1448 930 1590 968 Prodiit
1612 930 1707 979 1486
1726 926 1834 963 Pom-

516 997 621 1049 ponii
647 998 774 1035 Sabini
807 997 1097 1035 Commentarius
1125 1008 1144 1032 e
1173 993 1297 1030 Servio
1317 1001 1353 1029 et
1371 990 1491 1027 Probo
1506 989 1740 1040 protiflimum
1757 985 1835 1023 col-

520 1059 643 1095 lectus.
698 1057 788 1094 Inde
825 1056 962 1094 Donati
997 1064 1181 1106 excerpta,
1207 1062 1243 1089 et
1278 1049 1436 1088 Landini
1478 1049 1686 1085 Comment.
1724 1048 1834 1094 1485.

525 1121 636 1168 1487.
672 1118 783 1166 1439.
839 1116 930 1152 Ant.
967 1113 1185 1151 Mancinclli
1231 1123 1341 1161 1490.
1396 1108 1521 1146 Paullo
1565 1108 1641 1157 post
1675 1104 1837 1156 quinque

521 1175 787 1213 Commentarii
811 1175 964 1225 junctim
985 1174 1090 1225 prodi
1109 1184 1271 1223 coepere3
1300 1171 1407 1220 inque
1425 1169 1493 1206 1100
1512 1167 1586 1205 fere
1610 1164 1765 1203 substitit
1783 1162 1836 1201 vi-

522 1248 644 1273 rorum
663 1237 850 1272 doe-”torum
865 1235 1034 1272 studium.

577 1294 785 1332 Dicendum
802 1307 898 1331 nunc
924 1294 972 1330 est
989 1293 1034 1329 de
1050 1290 1180 1329 Aldinis
1197 1289 1402 1332 ea'isianibus,
1429 1300 1515 1339 quas
1534 1287 1572 1325 in
1590 1284 1707 1337 prima
1729 1281 1838 1321 editi-

522 1354 621 1392 tione
652 1354 814 1390 nondum
844 1353 890 1389 ad
908 1365 1033 1388 manus
1059 1350 1248 1387 habebam.
1303 1351 1423 1386 Prima
1445 1347 1573 1385 Aldina
1614 1358 1705 1396 1501
1743 1355 1842 1381 mera

523 1415 571 1451 est
591 1412 784 1464 superioris
813 1412 966 1461 alicujus
982 1409 1152 1447 editionis
1175 1407 1366 1459 repetiti03
1394 1407 1456 1445 etsi
1473 1406 1513 1444 in
1531 1403 1741 1456 praefatione
1757 1415 1841 1453 pro-

525 1473 685 1511 mittitur
716 1471 897 1523 Virgilius
919 1469 1142 1512 emendatus,
1169 1478 1276 1517 atque
1292 1466 1399 1504 etiam
1427 1466 1473 1503 ad
1499 1465 1634 1502 calcem
1651 1462 1842 1513 orthogra-

524 1534 621 1585 phiae
637 1533 705 1570 suae
721 1532 963 1569 defensionem
982 1542 1065 1566 011111
1084 1527 1244 1578 quinque
1264 1527 1428 1564 locorum
1456 1523 1678 1563 correctione
1696 1520 1844 1571 subjicit

528 1594 647 1632 Aldus
679 1591 820 1642 (exigui
850 1589 1012 1641 profecto
1040 1586 1216 1625 momenti
1249 1587 1312 1623 illa
1344 1585 1544 1624 correctio:
1574 1585 1732 1621 Lavinia
1760 1586 1843 1632 pro,

528 1653 740 1702 Lavinaque
759 1650 844 1688 AEn.
864 1651 896 1693 Ι,
925 1662 961 1686 2.
1015 1647 1088 1692 VI,
1117 1660 1136 1696 3
1143 1660 1162 1695 3
1177 1652 1326 1697 protinus
1342 1651 1451 1684 omnia
1468 1657 1552 1695 pro,
1579 1654 1738 1680 omnem.
1768 1641 1842 1686 VI,

529 1718 608 1764 464
625 1719 730 1764 aquai
744 1725 825 1762 pro,
852 1722 952 1760 aquoe
979 1708 1043 1746 vis.
1098 1706 1210 1750 VIII,
1239 1719 1312 1756 402
1336 1708 1435 1756 ponst
1451 1704 1566 1741 elearo
1583 1715 1663 1753 pro,
1689 1702 1846 1752 potestur

527 1774 676 1812 electro.
702 1771 778 1814 IX,
806 1783 828 1820 9
843 1776 926 1820 petit
944 1768 1120 1810 Evandri,
1148 1779 1213 1817 pro
1231 1765 1361 1816 petivit
1378 1764 1443 1812 E.)
1463 1777 1473 1800 ;
1501 1763 1622 1801 Altera
1635 1763 1682 1799 est
1697 1760 1847 1811 repetita

531 1849 577 1873 ex
591 1834 722 1885 priore.
776 1830 941 1869 Succeffit
959 1834 1059 1866 tertia
1071 1841 1115 1864 ex
1134 1831 1184 1865 A.
1206 1825 1384 1877 Naugerii
1401 1823 1666 1869 emendatione,
1680 1823 1848 1873 praeclara

531 1906 568 1933 et
587 1895 682 1931 inter
709 1889 1003 1943 praestantiffimas>
1025 1887 1131 1924 facile
1155 1885 1293 1923 editio:
1323 1898 1431 1935 quam
1448 1883 1512 1935 qui
1528 1883 1662 1921 facium
1680 1882 1722 1919 fit
1739 1892 1778 1920 ut
1796 1882 1848 1919 se-

532 1962 682 2005 quentes
694 1951 848 1990 editores
861 1962 934 1986 non
952 1948 1194 1997 sequerentur,
1211 1945 1272 1982 sed
1289 1944 1499 1996 plerumque
1515 1943 1561 1980 ad
1577 1942 1714 1995 priores
1738 1941 1849 1979 Aldi-

534 2027 598 2052 nas
615 2013 787 2056 redirent,
813 2023 886 2046 non
912 2008 1083 2057 affequor.
1139 2006 1311 2055 Pleraque
1334 2003 1447 2045 enim,
1474 2003 1519 2040 ab
1540 2003 1693 2040 Heinsio
1710 2016 1731 2040 e
1747 2001 1851 2039 meli-

535 2073 660 2113 oribus
677 2071 787 2110 codd.
807 2067 1014 2110 constituta‚
1041 2066 1213 2116 leguntur
1236 2067 1311 2114 jam
1331 2065 1369 2101 in
1395 2064 1483 2100 Ald.
1503 2063 1621 2100 tertia.
1676 2063 1851 2100 Habuere

537 2144 658 2172 tamen
674 2145 754 2169 eam
772 2130 810 2167 in
835 2127 999 2165 manibus
1024 2125 1094 2162 viri
1112 2124 1225 2168 doffi,
1255 2125 1378 2162 saltem
1400 2123 1554 2168 Pierius,
1582 2123 1645 2173 qui
1662 2122 1850 2160 nihilomi-

538 2207 605 2232 nus
622 2190 755 2243 priores
773 2188 942 2239 sequitur.
999 2184 1171 2221 Heinsius
1189 2194 1224 2222 et
1254 2185 1376 2221 Burms
1405 2183 1554 2220 laudant
1573 2182 1662 2221 Ald.
1696 2192 1732 2219 et
1748 2183 1852 2233 Junt-

539 2253 580 2291 in
600 2252 693 2288 Var.
727 2250 845 2292 Le&.‚
871 2245 932 2284 sed
963 2244 1094 2295 spectat
1125 2244 1194 2281 hoc
1223 2244 1268 2280 ad
1298 2243 1448 2293 priores.
1504 2242 1692 2293 Repetiere
1705 2242 1852 2292 quidem

539 2312 738 2351 editionem
768 2307 910 2346 tertiam
941 2304 1087 2341 Aldinae
1112 2317 1220 2355 1527.
1259 2316 1369 2355 1540.
1403 2315 1515 2354 1545,
1542 2315 1608 2339 nec
1636 2311 1753 2338 tamen
1771 2300 1855 2339 satis

540 2371 715 2415 fideliter3
731 2369 771 2405 in
790 2366 912 2405 multis
930 2365 976 2401 ad
993 2363 1148 2414 priorem
1165 2363 1314 2400 rediere.
1368 2363 1510 2400 Paullus
1524 2371 1640 2398 autem
1661 2362 1856 2408 Manutius,

541 2431 608 2483 qui
638 2426 933 2466 adnotationibus
961 2423 1008 2459 ad
1036 2421 1234 2472 marginem
1255 2421 1423 2472 appofitis
1443 2420 1610 2458 instruxit
1637 2420 1856 2471 Virgilium,

546 2492 595 2529 ad
627 2490 730 2527 suum
754 2485 936 2537 judicium
964 2495 1009 2520 ex
1041 2482 1124 2519 aliis
1144 2482 1227 2519 edd.
1248 2482 1359 2518 multa
1374 2480 1413 2517 in
1431 2490 1530 2517 textu
1549 2480 1698 2517 novavit
1712 2480 1751 2517 in
1768 2479 1855 2518 edd.

549 2562 662 2602 1555.
699 2549 808 2598 1553.
850 2544 959 2595 1560.
1015 2541 1077 2579 Ad
1096 2543 1139 2579 P.
1170 2541 1287 2578 Bembi
1314 2551 1346 2577 et
1361 2541 1408 2577 A.
1429 2541 1599 2591 Nngerii
1613 2540 1852 2588 exemplarium

544 2610 654 2648 fidem
679 2604 967 2644 emendationem
996 2601 1125 2639 faciam
1154 2599 1349 2650 praeferunt
1376 2599 1445 2635 alia
1468 2600 1646 2649 exempla,
1674 2599 1857 2637 Venetum

551 2682 664 2721 1525,
691 2666 882 2716 Juntinum
917 2676 1035 2714 15523
1063 2661 1196 2697 fluxere
1227 2661 1316 2696 adeo
1346 2660 1407 2696 illa
1431 2673 1475 2696 ex
1507 2660 1596 2697 Ald.
1626 2668 1707 2697 tert.
1762 2659 1860 2697 Aliae

547 2728 741 2782 praeferunt
772 2725 923 2762 eandem
955 2721 1200 2773 proseliionem
1239 2728 1380 2756 tanturn
1419 2719 1458 2756 in
1491 2720 1637 2764 Culice,
1665 2729 1704 2756 ut
1736 2719 1860 2770 Lugd.

554 2800 666 2840 1537.
688 2785 794 2823 Paris.
816 2786 928 2836 1538.
979 2779 1106 2819 Multo
1124 2788 1245 2818 tamen
1262 2778 1379 2828 major
1396 2792 1563 2818 numerus
1580 2779 1627 2817 est
1639 2791 1764 2817 eorum
1781 2776 1861 2814 edi-

1684 2870 1686 2873 ,
1722 2845 1865 2884 torum,
