1821 3381
348 335 447 386 340
552 316 607 366 P.
663 312 1038 365 VIRGILII
1103 304 1500 360 MARONIS

351 452 559 500 Difficile
583 450 674 497 est:
709 449 863 511 piceae
886 457 1071 493 tantum
1095 445 1288 508 taxique
1309 454 1532 491 nocentes
1569 453 1662 506 257

349 543 619 597 Interdum,
652 551 732 585 aut
756 537 910 584 ederae
932 537 1148 601 pandunt
1171 536 1367 600 vestigia
1387 536 1556 600 nigrae.

417 635 512 682 His
530 630 881 687 animadverfis,
906 641 1079 676 terram
1097 628 1251 676 multo
1265 639 1374 675 ante
1396 639 1644 675 memento

350 727 704 787 Excoquere‚et
722 736 922 785 magnos
939 719 1184 767 scrobibus
1200 719 1451 767 concidere
1473 719 1668 777 montis,

352 816 480 863 Ante
503 813 738 877 supinatas
761 811 976 874 aquiloni
998 809 1239 858 ostendere
1262 808 1440 873 glebas,
1571 809 1660 857 261

351 908 515 973 Qam
536 908 700 954 laetum
725 903 924 951 infodias
949 903 1061 949 vitis
1080 918 1227 966 genus
1242 925 1254 957 ;
1290 912 1491 965 optuma
1511 902 1644 966 putri

396 1051 436 1082 ‘25
444 1050 473 1082 7«
495 1047 604 1073 tantum
615 1042 699 1083 picea
721 1041 840 1070 Mox-et.
859 1037 916 1069 sec.
1008 1035 1082 1077 258.
1106 1037 1174 1068 haut
1195 1035 1339 1074 Medic.;
1364 1035 1396 1066 in
1413 1035 1526 1067 eodem
1540 1037 1668 1078 pandant

350 1094 466 1137 primae
491 1093 562 1124 duae
588 1092 704 1123 litterae
727 1090 760 1120 in
780 1089 877 1120 litura
896 1100 914 1119 a
941 1099 986 1119 m.
1008 1096 1235 1129 rec.-—259.
1262 1088 1322 1117 His
1338 1090 1418 1117 etiam
1433 1088 1552 1129 adversts
1568 1089 1668 1128 Vens,

353 1154 388 1177 ar.
413 1145 477 1176 vid.
503 1144 563 1175 inf.
592 1144 713 1184 Georg.
741 1142 796 1180 III,
823 1149 896 1180 123.
989 1138 1062 1172 260.
1087 1141 1254 1170 circumdare
1277 1145 1376 1169 montes
1408 1140 1585 1170 Romanus.
1640 1146 1666 1169 et

353 1197 478 1229 omittit
506 1194 629 1226 Medic.
657 1193 768 1232 Pierii,
798 1192 886 1235 quod
909 1191 1055 1234 placebat
1082 1190 1238 1228 Martiae,
1260 1190 1315 1231 qui
1340 1198 1372 1221 et
1402 1190 1542 1221 malebat
1559 1193 1667 1233 magnis

344 1249 494 1292 scrobibus.
540 1245 699 1278 Orniss‘um
724 1253 750 1276 ct
775 1245 808 1277 in
834 1244 910 1276 edit.
941 1241 1120 1284 Cuningh„
1140 1243 1226 1284 quod
1251 1242 1336 1273 idem
1353 1242 1494 1273 malebat
1514 1243 1604 1274 Cort.
1625 1242 1666 1274 ad

354 1302 441 1334 Plin.
457 1301 518 1331 Vll
535 1309 607 1341 epp.
633 1308 664 1335 4.
711 1297 837 1329 Scilicet
853 1295 928 1338 quia
948 1294 1068 1336 alioqui
1084 1294 1119 1325 in
1135 1294 1232 1325 tertio
1249 1293 1398 1325 membro
1418 1293 1529 1336 copula
1546 1294 1666 1326 defide-

352 1360 464 1385 ratur:
504 1352 580 1382 Ante
599 1350 807 1392 fiepinataffiue.
853 1349 922 1389 Jac.
952 1346 1074 1387 Bryant
1105 1353 1218 1377 acute:
1257 1346 1350 1386 Atque
1367 1347 1517 1387 fiaepinatas
1546 1348 1669 1387 aquiloni

357 1403 530 1440 emendat3
552 1402 640 1443 quod
656 1400 805 1442 equidem
820 1398 1001 1442 praeferam.
1045 1398 1130 1429 Cum
1146 1397 1185 1428 de
1199 1396 1333 1428 collibus
1343 1404 1468 1439 agatur,
1481 1410 1589 1439 magnos
1600 1407 1667 1428 non
1714 1425 1716 1427 ,

351 1456 433 1488 bene
462 1452 636 1485 memorari
666 1458 792 1482 montes
827 1449 919 1481 facile
945 1448 1069 1481 sentias.
1128 1449 1237 1479 Placet
1264 1447 1370 1489 itaque
1394 1448 1480 1489 quod
1503 1449 1670 1480 Martinus

351 1507 510 1541 malebat:
535 1500 949 1546 magszisfirobibus.-—261
958 1524 968 1532 .
989 1503 1127 1531 extendere
1142 1502 1261 1531 Moret.
1275 1500 1366 1537 alter:
1381 1499 1476 1531 male.
1494 1500 1562 1532 vid.
1587 1501 1669 1533 Not,

354 1557 519 1590 ——262.
543 1559 615 1587 lenm
599 1570 642 1586 um
672 1554 800 1586 Zulich.
825 1560 858 1584 et
885 1553 980 1584 Leid.
1007 1552 1088 1583 alter
1113 1563 1186 1583 cum
1213 1551 1314 1583 Goth.
1343 1552 1415 1590 sec„
1436 1560 1590 1595 perpetua
1612 1565 1668 1586 va-

351 1609 502 1646 riatione,
524 1606 671 1649 inprimis
695 1606 728 1637 in
754 1605 830 1636 vite.
855 1614 887 1635 v.
908 1603 976 1635 Ecl.
1001 1604 1056 1642 111,
1079 1603 1134 1643 38.
1191 1605 1254 1634 laetu
1239 1616 1282 1634 um
1310 1603 1363 1634 hic
1389 1613 1515 1634 verum.
1560 1606 1668 1638 Multa

355 1661 444 1694 enim
461 1660 651 1703 praecipiunt
667 1659 762 1701 hujus
776 1657 906 1689 sationis
921 1655 1066 1687 au<9cores
1083 1656 1121 1687 de
1137 1655 1286 1699 eligendo
1305 1654 1523 1714 fecundissimo
1545 1663 1577 1687 et
1592 1668 1669 1700 pro-

353 1712 512 1746 batiss1mo
528 1711 662 1754 stirpis„
644 1721 774 1742 ver-iere
795 1708 864 1740 vid.
883 1707 1015 1739 Colum.
1034 1708 1090 1745 111,
1113 1705 1143 1738 6

340 1812 511 1862 fielerafa
528 1822 633 1851 terra.
651 1811 745 1858 VII,
775 1815 906 1864 146sc.
925 1819 976 1850 in-

341 1868 450 1915 sania
469 1864 558 1902 belli.
576 1865 662 1903 add.
693 1865 747 1910 ΙΙ,
774 1878 863 1914 231.
885 1864 977 1908 XII,

353 1929 443 1967 949.
498 1915 619 1954 Subest
638 1916 718 1953 sane
735 1917 839 1954 notio
866 1926 980 1953 reatus

353 1981 400 2006 ex
423 1966 565 2012 scelere,
591 1969 689 2006 caede
712 1978 748 2005 et
774 1967 820 2006 fic
846 1979 978 2019 porro:

1029 1810 1372 1864 faeiendisftrobibus
1380 1828 1392 1857 ‚·
1406 1811 1466 1849 sed
1474 1823 1581 1862 quam
1590 1811 1671 1861 pul·

1044 1865 1131 1902 chre
1155 1875 1192 1901 et
1215 1872 1340 1900 ornate
1359 1864 1429 1900 hoc
1449 1873 1670 1914 praeceptum

1044 1915 1160 1953 tribus
1194 1914 1251 1952 his
1283 1915 1438 1952 versibus
1468 1927 1487 1951 2
1493 1916 1666 1966 59—261

1045 1966 1243 2019 proposuit!
1263 1966 1437 2003 Arbitror
1455 1977 1574 2003 autem
1587 1976 1671 2003 ante

352 2032 493 2063 verum,
529 2019 595 2057 ubi
635 2021 681 2057 de
723 2021 832 2070 po'eta
872 2029 908 2057 et
938 2020 983 2057 de

350 2069 513 2121 epitheto
553 2071 742 2121 quaeritur,
776 2072 815 2108 in
854 2081 914 2120 et)
918 2085 978 2108 rno

354 2136 426 2160 non
447 2123 535 2159 licet
557 2123 704 2167 haerere,
732 2122 782 2160 ita
807 2132 845 2159 ut
863 2123 905 2159 fit
924 2123 978 2159 so-

354 2176 447 2218 lum,
475 2174 573 2224 quod
603 2184 741 2212 enecat.
795 2174 893 2212 ‘faxi
917 2183 978 2211 aut

353 2235 492 2263 certum
531 2239 643 2275 genus
685 2225 980 2284 intelligendum,

353 2286 415 2314 aut
433 2276 504 2313 alio
522 2277 587 2313 sub
612 2279 700 2314 c‘elo
728 2280 843 2325 maois
871 2278 980 2314 noxia

352 2329 427 2377 ejus
446 2337 573 2365 natura
589 2329 654 2366 effe
679 2329 782 2366 solet.
836 2328 894 2366 De
922 2342 978 2373 ea,

354 2379 443 2416 item
483 2380 528 2415 de
561 2380 684 2418 heder-a
722 2387 836 2432 nigm,
865 2382 979 2419 multa

353 2435 436 2471 loca
453 2432 604 2481 congeff
606 2442 620 2468 t
637 2431 771 2469 Cerda.
797 2432 847 2470 cf.
875 2433 978 2469 Mar-

352 2483 421 2522 tin.
469 2484 625 2532 pandunt
646 2486 803 2537 vestigia,
841 2484 978 2522 indicia

351 2533 512 2587 praebent
528 2533 687 2585 frigoris.

409 2587 625 2636 259—262.
656 2586 802 2624 Transit
835 2586 882 2625 ad
920 2591 980 2625 ‘vi-

353 2652 493 2678 nearum
505 2640 684 2686 sationem,
710 2639 755 2676 de
773 2638 902 2688 quibus
921 2652 981 2676 co-

354 2688 454 2740 piose
470 2688 547 2738 agit
564 2688 611 2725 ad
630 2702 665 2725 v.
686 2703 775 2741 419,
793 2691 854 2727 etsi
870 2692 982 2728 multa

353 2740 564 2789 interposita
596 2739 693 2785 sunt,
729 2755 808 2791 quae
847 2742 983 2780 vitibus

355 2791 564 2831 communia
581 2791 662 2829 sunt
680 2805 764 2829 cum
783 2792 862 2829 aliis
879 2794 985 2830 arbo-

356 2844 478 2882 ribus:
506 2842 606 2880 conf.
639 2841 736 2881 Plin.
782 2843 914 2889 XVII,
955 2844 981 2883 s.

364 2910 423 2947 14.
455 2895 516 2941 16,
544 2903 579 2932 et
603 2895 761 2946 primum
781 2895 928 2948 quidem
945 2898 984 2935 de

1047 2019 1170 2057 oculos
1203 2018 1362 2056 habuisse
1400 2022 1547 2068 poetam
1591 2017 1670 2054 Xe-

1043 2070 1155 2121 noph
1168 2069 1308 2108 Oecon.
1328 2083 1361 2107 c.
1378 2069 1491 2113 XVI,
1513 2083 1551 2106 11
1575 2068 1594 2105 s
1589 2082 1670 2119 q.,q

1043 2133 1078 2159 et
1107 2122 1295 2173 Theophr.
1323 2121 1369 2158 de
1403 2121 1522 2158 Causs.
1552 2084 1670 2158 Plant:

1044 2173 1117 2217 III,
1154 2187 1192 2232 5⁶.
1245 2173 1303 2210 De
1349 2172 1481 2209 vitium
1527 2173 1671 2209 cultura

1046 2225 1210 2275 inprimis
1227 2239 1246 2260 x
1251 2224 1374 2261 idendi
1389 2224 1585 2261 Columell.
1602 2223 1670 2262 lib.

1046 2278 1116 2315 III.
1172 2276 1345 2327 Geopon.
1371 2275 1439 2312 lib.
1469 2274 1519 2313 V.
1575 2273 1671 2313 Plin‚

1045 2328 1178 2371 XVII,
1207 2342 1253 2378 35·
1299 2328 1352 2378 sq.
1432 2325 1669 2364 serendarum

1043 2389 1162 2418 autem
1192 2379 1321 2417 vitium
1344 2389 1413 2416 tres
1441 2379 1522 2415 sunt
1545 2377 1669 2415 modi:

1043 2442 1105 2468 aut
1119 2432 1156 2470 in
1175 2431 1348 2482 pastinato
1371 2430 1506 2481 (agro
1495 2443 1535 2467 m
1552 2439 1672 2467 totum

1044 2483 1146 2526 foffo,
1173 2496 1246 2534 quo
1268 2494 1353 2520 mox
1373 2485 1589 2520 ferramento
1612 2480 1671 2518 bi-

1043 2535 1166 2579 furco,
1202 2533 1376 2585 pastinum
1419 2532 1569 2577 dicitur,
1606 2532 1671 2569 de-

1042 2586 1171 2636 figitur
1201 2585 1376 2634 surculus)
1410 2594 1472 2623 aut
1504 2584 1544 2621 in
1572 2584 1672 2622 sulco

1047 2647 1109 2674 aut
1128 2637 1165 2675 in
1180 2638 1327 2676 scrobe:
1351 2636 1444 2675 Plin.
1463 2636 1488 2674 l.
1507 2636 1534 2673 l.
1549 2649 1611 2687 35,
1632 2648 1671 2686 7.

1047 2688 1198 2729 Colum⁴
1212 2689 1285 2733 ΙΙΙ,
1317 2703 1377 2738 13,
1407 2702 1439 2727 1.
1460 2687 1596 2724 Pallad.
1615 2687 1670 2731 II,

1050 2753 1096 2778 10
1114 2753 1169 2791 pr.
1223 2742 1409 2792 Excoquere
1435 2743 1585 2782 πέπτειν,
1609 2755 1671 2777 πε-

1045 2794 1182 2836 ποιίῌειν
1209 2805 1402 2836 macerare,
1430 2793 1590 2840 adeoque
1606 2803 1670 2827 ex-

1046 2844 1276 2894 coquendum
1304 2845 1403 2888 dare,
1430 2852 1471 2879 ut
1495 2842 1670 2878 Burman-

1047 2908 1115 2933 nus
1148 2895 1238 2933 bene
1281 2904 1417 2940 monet,
1446 2894 1531 2938 sole,
1569 2893 1669 2950 gelu,

1499 2944 1666 2998 pruinis·
