1821 3381
321 292 795 371 BUCOLICA,
860 309 1041 359 ECL.
1097 309 1209 358 v11.

1331 325 1416 373 131

644 446 883 495 THYRSIS.

101 543 269 591 Sinum
284 541 431 599 laetis,
448 553 495 589 et
510 541 614 589 haec
634 551 682 586 te
701 537 815 594 liba,
839 535 1023 599 Priape,
1045 547 1161 598 quot
1179 534 1312 582 annis

99 633 383 698 Exspectare
404 631 471 680 sat
493 632 585 679 est:
618 630 771 678 custos
795 645 842 676 es
863 628 1088 692 pauperis
1110 628 1252 677 horti,

98 724 148 772 N
150 742 241 773 unc
256 737 302 772 te
318 739 636 772 marmoreum
652 737 740 784 pro
753 732 967 784 tempore
982 720 1206 774 fecimus;
1224 732 1270 766 at
1284 731 1349 777 tu,

39 829 42 832 ’
98 819 147 865 Si
171 817 322 866 fetura
342 831 540 880 gregem
561 813 863 877 suppleverit,
883 828 1049 859 aureus
1074 812 1186 859 esto.

1351 810 1414 873 36

623 921 875 954 CORYDON.

95 1002 276 1052 Nerine
302 1000 514 1057 Galatea,
536 998 705 1062 thymo
727 999 849 1045 mihi
873 997 1062 1045 dulcior
1083 996 1281 1059 Hyblae,

138 1148 190 1180 33.
211 1140 265 1170 haec
286 1137 336 1169 tibi
349 1136 406 1168 liba
421 1135 515 1168 multi
532 1135 615 1179 apud
627 1135 738 1166 Heins.
755 1142 787 1166 et
803 1134 914 1166 Burm.
931 1145 1003 1165 cum
1022 1133 1135 1171 Goth„
1156 1143 1219 1175 pr„
1240 1131 1326 1174 quod
1341 1142 1411 1163 ma-

91 1191 144 1236 gis
158 1190 290 1233 vulgare
304 1188 390 1221 esset.

89 1242 149 1274 sec.

89 1412 327 1463 epigramma,
353 1408 460 1447 etiarn
495 1420 540 1445 ex
571 1406 718 1445 alterius

88 1463 236 1514 pastoris
252 1461 400 1513 persona
416 1459 618 1508 subjicitur.
657 1458 717 1497 De

82 1521 235 1566 protomis
256 1514 408 1550 ferarum
442 1512 569 1549 Dianae
594 1510 716 1548 conse-

89 1566 197 1604 cratis
213 1576 247 1602 et
264 1578 308 1602 ex
325 1565 450 1603 arbore
464 1562 630 1613 suspenfis
649 1575 715 1599 no-

91 1630 127 1655 ta
147 1630 212 1662 reS,
239 1627 274 1654 et
291 1626 396 1652 notus
425 1615 526 1652 locus
557 1613 721 1664 Spanhe--

88 1669 156 1707 mii
175 1670 219 1706 ad
238 1667 456 1706 Callimach.
475 1666 513 1702 in
531 1665 642 1704 Dian.
662 1664 712 1702 cf.

90 1721 177 1758 affin.
197 1719 273 1764 IX,
291 1732 379 1770 407.
411 1719 500 1768 408.
555 1730 615 1765 32.
636 1717 714 1752 An-

87 1772 193 1823 tiquo
227 1784 326 1808 more
360 1770 399 1806 in
441 1768 562 1806 statuis
605 1768 714 1805 etiam

89 1822 299 1861 marmoreis
344 1820 489 1858 vestitus
531 1819 714 1857 coloribus

85 1875 190 1926 pingi
209 1873 353 1919 solitus3
380 1872 431 1910 ita
458 1872 496 1910 h.
524 1871 550 1908 1.
580 1870 714 1921 pedum

85 1926 352 1964 indumentum.
405 1923 450 1960 In
493 1922 622 1973 Epigr.
673 1922 714 1959 in

85 1977 298 2016 AEneidem:
332 1977 600 2025 Marmorezgsque
637 1974 713 2018 tibi,

82 2031 162 2074 dea,
187 2028 432 2079 versicoloribus
448 2026 513 2065 alis
529 2027 555 2063 I
554 2042 577 2064 n
597 2041 712 2064 morem

75 2081 287 2133 pidiastabit
302 2080 408 2118 Amor
415 2079 595 2130 pharetra.
648 2078 680 2114 C
680 2093 712 2115 o-

81 2131 217 2176 thurno,
235 2131 335 2183 quod
354 2131 637 2169 calceamentum
652 2141 712 2165 ve-

83 2183 266 2222 natorium
287 2183 350 2227 est,
379 2182 501 2220 Diana
526 2181 600 2218 fere
624 2193 712 2218 con-

82 2235 364 2287 spicuainfignis
376 2244 412 2273 et
425 2232 711 2285 gemmisaevinc-

82 2297 122 2327 ta
145 2287 260 2340 potest
285 2287 366 2332 effe,
393 2299 414 2323 a
434 2285 524 2338 pede
549 2285 595 2322 ad
617 2283 712 2321 suras

81 2338 215 2390 nsque3
233 2337 299 2376 nifi
317 2338 365 2376 est
385 2336 592 2387 {impliciter
609 2335 711 2373 vinc-

81 2399 132 2430 ta.
153 2389 279 2427 Livius
293 2388 527 2427 Andronicus
543 2388 582 2425 in
595 2386 711 2425 Inone

83 2441 180 2492 apud
196 2440 405 2479 Terentian.
423 2440 546 2477 Maur.
564 2440 610 2476 de
624 2438 708 2476 Me-

78 2493 165 2532 tris:
178 2493 268 2542 Jam
280 2507 366 2531 nunc
373 2501 536 2542 purpureo
541 2492 646 2539 suras
658 2494 708 2528 in-

78 2545 173 2584 clude
189 2544 344 2583 cothurno
362 2542 471 2593 (forte
494 2542 540 2579 ad
558 2542 707 2580 Inonem

81 2595 222 2642 nutrix,
248 2605 289 2633 ut
314 2594 473 2632 Dianam
499 2594 564 2632 illa
587 2593 708 2632 imite-

80 2650 169 2697 tur).
208 2647 321 2698 stabis
337 2659 410 2685 vox
423 2644 591 2684 sollennis
607 2658 616 2682 ε
636 2644 719 2683 tibi,

79 2698 192 2737 statua
206 2709 377 2750 ponetur:
398 2696 572 2748 Expreffit
585 2696 706 2734 locum

80 2749 179 2788 hunc
198 2749 332 2788 Statius
346 2749 384 2787 ΙΙ
397 2748 517 2787 Theb.
537 2760 583 2799 72
589 2760 611 2800 ς
627 2747 708 2807 sqq.

133 2814 153 2851 3
161 2815 256 2852 3-——3
263 2803 299 2842 6.
322 2800 443 2839 Etiam
457 2800 543 2845 hoc,
562 2808 602 2837 ut
612 2798 708 2844 dixi,

78 2852 303 2904 epigramma
315 2854 377 2896 est,
397 2851 519 2904 Priapi
536 2852 636 2903 figno
652 2852 708 2889 af-

78 2903 206 2951 fixum,
225 2913 264 2943 ut
281 2903 470 2944 innumera
490 2902 581 2952 alia3
598 2902 710 2955 idque

755 1837 757 1839 ·
779 1817 882 1855 ferri.

481 1197 533 1228 35.
549 1194 574 1218 et
587 1194 618 1218 tu
633 1187 788 1218 Rottend.
822 1199 854 1216 ac
868 1193 897 1217 tu
910 1184 1184 1228 Menag.----36.
1202 1197 1298 1226 greges
1308 1183 1413 1216 Goth.

238 1251 291 1282 37.
329 1241 416 1272 Nunc
445 1240 584 1271 Galathea
610 1239 821 1270 thimo—mihi
847 1238 1003 1276 Pari-has„
1039 1244 1150 1280 aperta
1190 1234 1401 1267 aberratione.

91 1295 200 1326 Nerine
210 1308 223 1326 .·
243 1304 283 1325 ex
296 1292 415 1337 Νηςεὲνη,
458 1291 551 1323 Alias
566 1290 609 1323 est
624 1289 751 1334 Nngni'm.

779 1414 904 1443 votum
923 1403 957 1441 ei
974 1403 1121 1440 saelum.
1162 1401 1314 1452 Signum
1333 1401 1409 1452 ejus

779 1459 826 1494 est
845 1470 890 1494 ex
919 1468 1095 1493 marmore
1123 1454 1216 1502 (sane
1234 1467 1254 1490 a
1273 1455 1408 1504 pastore

778 1510 939 1559 ligneum
968 1507 1208 1557 expeRabas),
1236 1506 1281 1542 ad
1308 1505 1408 1554 quod

780 1561 876 1597 sacra
893 1558 1082 1609 quotannis
1098 1559 1186 1595 fiunt
1202 1557 1384 1607 pastoritia
1398 1568 1408 1592 :

779 1620 886 1662 ponet
897 1623 940 1648 ex
954 1621 1045 1646 voto
1056 1623 1196 1647 auream
1211 1608 1406 1651 statua1n,fi

781 1665 866 1700 deus
884 1661 1059 1713 propitius
1077 1660 1199 1698 fuerit.
1229 1675 1287 1709 34.
1308 1659 1406 1696 ldem

780 1716 883 1752 color
901 1714 941 1750 in
958 1713 1046 1750 Tib.
1065 1714 1098 1758 Ι,
1132 1727 1166 1754 1,
1199 1724 1241 1761 19
1261 1711 1312 1760 sq.
1343 1711 1406 1747 Sat

779 1766 826 1803 est
845 1766 914 1802 tibi
933 1765 1008 1802 haec
1026 1778 1046 1801 a
1064 1777 1120 1801 me
1138 1762 1330 1814 quotannis
1348 1759 1406 1799 of-

938 1829 1000 1868 35.
1013 1827 1072 1866 pro
1090 1826 1239 1865 tempore,
1257 1823 1295 1850 ut
1316 1813 1405 1851 terh-

779 1882 843 1920 pus
875 1878 911 1905 et
958 1881 1011 1905 res
1061 1867 1213 1911 ferebat,
1260 1869 1293 1903 ἐκ
1342 1870 1405 1903 τῶν

779 1923 961 1971 πκςόντων,
990 1923 1129 1963 ἐνόντων,
1167 1920 1402 1968 ἱπσιςχιὲντων.

779 1975 841 2021 36.
887 1972 924 2010 h.
969 1972 995 2009 fi
1021 1972 1116 2010 bona
1131 1970 1256 2009 ovium
1286 1971 1404 2009 fetura

775 2024 897 2062 fuerit.

831 2089 893 2126 37.
923 2075 1046 2112 Nerine
1068 2072 1230 2111 Galatea.
1288 2072 1403 2112 Nerei

777 2136 814 2164 et
832 2126 984 2164 Doridis
1011 2126 1085 2164 filia
1113 2124 1199 2169 fuit,
1227 2123 1402 2175 Nympha

776 2179 841 2217 illa
869 2178 1008 2217 marina
1026 2191 1046 2215 a
1066 2176 1296 2227 Polyphemo
1314 2177 1402 2214 ada-

777 2240 889 2275 mata,
917 2243 1024 2281 quam
1051 2238 1172 2266 tamen
1197 2227 1259 2265 hic
1279 2228 1402 2279 Cory-

775 2282 849 2320 don
880 2292 1061 2332 tamquam
1095 2279 1195 2318 suam
1229 2279 1401 2326 amicam,

776 2342 817 2371 ut
849 2333 984 2384 vesperi
1006 2333 1050 2370 ad
1070 2331 1104 2369 se
1121 2331 1254 2376 veniat,
1277 2333 1400 2382 appel,-

773 2385 840 2424 lat.
896 2385 1045 2422 Scilicet
1068 2387 1178 2434 po'elta
1203 2392 1343 2421 tantum
1360 2383 1401 2422 in

774 2437 845 2475 hoc
855 2435 1070 2480 elaboravit,
1086 2444 1125 2472 ut
1136 2434 1400 2474 Theocriteum

774 2501 920 2526 carmen
945 2487 1165 2538 exprimeret
1190 2486 1302 2534 Idyll.
1324 2486 1401 2534 XI,

778 2553 823 2591 19
842 2540 911 2592 sq„
929 2539 984 2578 uti
1002 2538 1111 2577 etiam
1125 2538 1212 2576 fecit
1225 2537 1306 2576 Ecl.
1321 2538 1399 2584 lx,

776 2605 823 2642 39
842 2592 894 2643 sq.
949 2591 1010 2629 Sic
1034 2590 1112 2641 sup.
1133 2604 1169 2628 v.
1186 2591 1236 2629 26
1253 2590 1400 2628 Arcades

771 2644 887 2695 pastor
901 2651 1090 2687 memorat,
1107 2640 1170 2692 qui
1182 2641 1276 2679 inter
1288 2640 1400 2679 Man·

772 2705 899 2733 tuanos
941 2693 1101 2732 vivebat.
1167 2693 1398 2746 Qamquarn

771 2747 844 2784 hoc
861 2745 938 2797 ipso
972 2744 1091 2784 minor
1123 2744 1293 2782 carminis
1319 2744 1398 2782 sua·

773 2798 867 2836 vitas
896 2797 963 2835 effe
987 2797 1110 2841 debet,
1139 2797 1238 2846 quod
1265 2796 1304 2833 in
1335 2809 1398 2834 ve-

771 2862 810 2887 ra
827 2849 903 2886 vita
930 2849 1002 2886 istae
1029 2847 1161 2885 fabulae
1192 2847 1309 2884 minus
1336 2847 1400 2896 ju-

772 2901 901 2990 curidae
927 2899 1023 2939 sunt.
1075 2898 1135 2936 De
1164 2898 1279 2950 Hybla
1294 2897 1399 2987 cgnf.

864 2965 887 2991 z
1348 2949 1399 2992 cl.
