1821 3381
473 317 567 363 IN
637 317 1155 367 GEORGICA.
1379 341 1465 389 203

159 467 253 514 que
287 450 513 508 adsuetos,
557 452 656 497 ullo
692 453 836 499 modo
865 455 1097 515 expectari
1127 457 1279 517 poffit.
1350 459 1464 508 Hoc

162 532 283 579 forte
309 532 407 577 fieri
432 533 602 595 potuit,
635 547 702 588 ut,
737 550 849 580 cum
885 535 1033 581 multa
1057 539 1183 599 apud
1220 540 1468 589 Maecena-

163 627 259 660 tem
283 614 341 661 de
363 616 675 672 detrimentis,
708 633 817 678 quae
842 633 897 664 ex
920 620 1227 681 agriculturae
1250 624 1464 686 neglectu

160 696 438 759 reipublicae
461 697 753 753 inferrentur,
787 711 832 744 et
855 699 914 744 de
937 700 1090 746 modis
1116 718 1168 747 ac
1193 704 1477 765 rationibus,

160 780 331 842 quibus
357 780 398 825 ei
423 781 568 826 honos
594 779 699 825 suus
725 779 898 825 restitui
922 781 1082 842 postet,
1115 782 1467 846 disputarentur

160 876 207 910 et
241 875 506 925 agerentur,
543 863 728 926 Virgilii
763 863 1006 926 ingenium
1043 865 1100 911 ad
1126 867 1244 914 hanc
1271 871 1466 917 materi-

160 962 237 992 am
281 945 537 992 deferretur
587 946 975 1008 excitareturque‚
1009 960 1060 993 ut
1106 965 1210 995 eam
1252 954 1463 1000 carmine

157 1027 446 1074 tractandam
473 1026 557 1073 fibi
581 1026 796 1073 sumeret.
865 1028 1098 1075 Carminis
1122 1042 1279 1078 tamen
1302 1034 1466 1081 aucto-

159 1108 269 1154 ritas
300 1107 424 1168 apud
463 1107 700 1152 Romanos
736 1106 827 1153 fuit
862 1107 1061 1166 summa,
1096 1108 1383 1175 omninoque
1407 1131 1463 1161 ex

159 1204 213 1236 ea
235 1189 440 1252 pendent
459 1189 723 1235 Columella
748 1200 794 1235 et
822 1188 1014 1248 Plinius,
1046 1193 1251 1240 versibus
1274 1211 1462 1258 quoque

158 1272 353 1335 integris
375 1271 634 1335 adscriptis,
704 1272 807 1320 Nec
844 1273 1021 1336 mirum
1057 1276 1174 1330 hoc;
1211 1294 1322 1325 cum
1358 1297 1461 1327 car-

158 1355 346 1401 minum
369 1354 544 1415 ubique
569 1357 720 1420 major
749 1358 872 1419 apud
897 1359 1065 1422 vulgus
1098 1374 1142 1406 et
1177 1362 1348 1423 politos
1372 1365 1461 1411 ho-

158 1436 309 1483 mines
330 1437 483 1500 gratia
504 1437 575 1494 fit,
609 1455 752 1501 quam
790 1441 942 1502 operis
964 1441 1291 1505 philosophica
1315 1445 1462 1493 subti-

155 1519 286 1566 litate
320 1521 559 1568 elaborati.

223 1603 389 1650 Unum
411 1604 563 1651 adhuc
589 1606 903 1654 monebimus.
969 1608 1139 1666 Hestodi
1157 1611 1205 1655 de
1227 1623 1347 1673 opere
1363 1615 1461 1674 νιψ-

155 1686 235 1730 t-ico
256 1700 446 1732 carmen
483 1704 508 1732 a
541 1687 743 1751 Virgilio
766 1688 1031 1736 imitatione
1056 1690 1144 1737 effe
1178 1694 1458 1755 expressum,

154 1768 360 1830 vulgaris
383 1781 427 1814 et
450 1770 662 1816 constans
686 1771 780 1817 fere
796 1789 821 1818 a
839 1772 999 1819 Servio
1022 1774 1131 1820 inde
1154 1776 1218 1822 est
1241 1778 1404 1840 opinio
1418 1782 1458 1838 *‚

153 1866 297 1912 quam
342 1852 479 1914 poeta
532 1854 628 1917 ipse
677 1855 830 1903 feciffe
875 1858 1075 1916 videtur,
1124 1860 1238 1907 dum
1287 1862 1332 1909 se
1376 1865 1459 1925 As-

154 1946 304 1978 craeum
334 1950 498 1982 carmen
533 1936 748 1985 Romana
768 1956 854 2002 per
886 1942 1062 2004 oppida
1086 1959 1252 1990 canere
1275 1945 1341 1991 ait
1365 1946 1453 1994 Ge.

155 2013 220 2070 II,
245 2016 347 2076 176,
380 2033 489 2078 quae
514 2018 611 2081 ipsa
633 2036 703 2066 res
727 2021 785 2067 ad
806 2033 936 2068 tanto
973 2024 1200 2087 majorem
1233 2024 1331 2089 ejus
1348 2028 1456 2091 glo-

153 2098 272 2146 riam
294 2101 524 2161 pertinuit
545 2106 899 2167 comparatione
928 2107 1055 2154 enim
1079 2108 1177 2172 ejus
1200 2111 1258 2157 ad
1284 2112 1458 2160 Hefio-

151 2180 267 2227 dum
301 2181 523 2238 instituta,
565 2184 681 2230 nihil
719 2186 902 2244 exilius,
933 2187 1160 2251 jejunius,
1202 2202 1249 2237 et
1283 2193 1457 2241 aridius

152 2262 378 2319 Hesiodo,
401 2264 520 2310 nihil
542 2266 773 2328 copiofius
793 2279 838 2313 et
861 2269 1043 2330 plenius
1070 2270 1287 2334 Virgilio.
1357 2274 1456 2339 Qi

151 2359 307 2393 tamen
332 2348 420 2394 hoc
443 2350 623 2411 primus
647 2352 909 2409 affirmavit,
945 2371 1053 2402 eum
1075 2373 1167 2402 non
1189 2356 1453 2404 admodum

150 2442 386 2475 recentem
425 2432 484 2477 ab
525 2432 722 2479 Hefiodi
762 2435 959 2482 lectione
994 2436 1126 2483 fuiffe
1161 2438 1337 2485 necesse
1372 2440 1451 2487 est.

150 2513 243 2559 Vix
279 2514 407 2559 enim
439 2515 486 2560 in
524 2515 672 2561 tribus
705 2530 783 2563 aut
818 2531 1018 2580 quatuor
1051 2520 1167 2567 locis
1204 2520 1453 2569 Hefiodeae

148 2594 388 2642 sententiae
417 2595 521 2642 sunt
545 2598 794 2660 expreffae3
831 2602 1096 2647 carminum
1128 2601 1335 2664 ipsorum
1359 2603 1454 2649 for-

199 2728 221 2747 *
253 2730 362 2781 Apud
404 2733 637 2773 Macrobium
677 2752 765 2788 quo·
818 2741 918 2786 fient,
943 2741 1029 2789 quod
1029 2739 1104 2788 fibi
1120 2738 1453 2790 Theocrifumfecerit

147 2793 238 2829 que:
286 2785 359 2819 Sat.
397 2784 447 2827 V,
484 2799 503 2822 2
551 2787 768 2827 Diffurumne
826 2789 1004 2840 pastoralis
1017 2797 1120 2839 operis
1145 2799 1323 2837 ίηιέῖονεηι,
1354 2808 1451 2829 rura-

147 2847 197 2868 me
214 2841 343 2882 putatis
373 2851 428 2880 ea,
456 2853 530 2888 qua·
562 2839 664 2890 vulgo
689 2852 766 2879 nota
832 2840 872 2877 lis
888 2842 1092 2889 Hesiodum?

1379 2938 1456 2968 ma
