1821 3381
345 317 883 374 GEORGICON‚

953 315 1103 363 ΜΒ.
1161 315 1200 362 1.
1334 329 1425 376 247

120 459 189 505 At
209 456 243 502 fi
261 455 498 503 triticeam
522 454 569 500 in
593 451 784 499 meffem
809 448 1087 511 robustaque
1112 447 1231 494 farra

118 547 375 595 Exercebis
404 547 623 600 humum,
656 540 855 603 solisque
880 540 1070 586 instabis
1095 539 1268 588 aristis:

1341 550 1435 586 220

119 637 247 684 Ante
267 636 358 683 tibi
387 635 503 682 Eoae
525 633 794 681 Atlantides
817 631 1175 687 abscondantur,

162 787 238 819 219·
260 779 369 808 triticea
396 776 497 810 Goth.
522 775 581 807 sec.
633 777 662 805 in
687 774 771 806 abest
798 784 816 805 a
837 775 956 805 Moret.
979 773 1038 804 sec.
1085 774 1113 802 in
1128 773 1238 812 metfim
1256 770 1433 802 Gud.———-

119 839 193 862 220.
204 831 348 870 JbliAIsque
363 838 429 859 non
445 827 563 858 malam
578 826 739 858 Waddelii
757 825 948 868 (Animadv.
968 823 1052 855 erit,
1069 833 1145 866 pag.
1163 824 1196 866 7)
1217 820 1434 863 conje&uram

118 887 277 912 memorat
292 881 502 911 Burmannus.
525 905 531 906 ff

119 1003 242 1055 itaque
270 1012 307 1040 et
341 1003 461 1054 capite
505 1003 600 1054 quasi
634 1002 741 1039 nixus

119 1056 217 1092 viam
237 1055 303 1092 fibi
321 1055 424 1098 facit,
462 1068 532 1104 qua
559 1053 674 1104 specie
701 1053 741 1090 in

119 1105 305 1144 asterismis
354 1116 390 1142 et
438 1105 568 1144 tabulis
628 1104 742 1143 Orbis

118 1158 262 1197 caelestis
277 1157 440 1195 exhiberi
456 1157 558 1198 solet,
576 1165 611 1193 et
627 1156 741 1193 multo

121 1209 236 1260 magis
281 1209 369 1246 olim
415 1208 598 1245 exhibitus
646 1207 737 1244 fuit:

119 1261 206 1298 vide
233 1260 434 1297 Farnefiam
461 1260 619 1296 tabulam
644 1258 740 1309 apud

120 1312 280 1350 Gorium
312 1311 424 1348 Thes.
452 1312 640 1348 Gemmar.
669 1319 742 1347 ant.

121 1364 173 1402 T.
200 1363 273 1406 III,
310 1363 399 1400 item
427 1363 522 1407 apud
552 1362 744 1412 Spencium

119 1415 279 1465 Pohmet.
322 1413 399 1451 tab.
436 1413 592 1454 XXIV.
663 1414 742 1450 Ser-

120 1467 201 1504 vius
218 1466 278 1504 hic
298 1465 451 1503 nimium
470 1475 607 1517 argute.
673 1466 744 1501 Ca-

119 1523 170 1556 nis
196 1531 296 1562 vero,
335 1516 462 1561 Sirius,
499 1527 575 1554 turn
603 1516 745 1554 occidit

119 1569 273 1614 heliace,
300 1569 337 1606 h.
354 1569 571 1611 occultatur,
600 1568 742 1618 conspi-

119 1621 157 1662 ci
184 1620 335 1672 amplius
352 1633 425 1657 non
445 1620 569 1669 potest,
596 1619 667 1656 sole
685 1619 741 1656 ni-

120 1671 234 1709 mium
254 1671 399 1717 vicin03
429 1674 510 1709 cedit
525 1673 642 1717 averso
660 1674 743 1720 [stro

119 1723 413 1774 fimplicissimum
475 1724 522 1759 est
579 1723 743 1772 accipere

118 1775 267 1825 poetica
299 1774 439 1812 ratione
482 1774 529 1811 de
563 1774 742 1824 fugiente,

120 1826 210 1863 dum
237 1836 379 1876 tergum
398 1827 482 1862 dare
512 1824 673 1871 dicitur3
702 1835 742 1863 ut

121 1877 186 1914 fit:
217 1877 329 1921 cedit,
358 1877 431 1928 ipse
459 1877 610 1914 aversus.
665 1877 740 1913 Ac-

118 1929 234 1973 cedit,
268 1929 366 1979 quod
395 1927 505 1966 Canis
532 1927 680 1978 pedibus
707 1938 743 1967 et

119 1981 236 2018 cauda
260 1980 358 2030 prius
385 1979 522 2017 occidit
551 1993 657 2029 quarn
676 1979 742 2016 hu-

121 2033 230 2069 meris
245 2045 286 2068 ac
306 2031 444 2069 fronte:
475 2040 514 2066 ut
531 2031 621 2067 bene
637 2031 742 2068 Pfaff.

120 2093 244 2122 monet
260 2083 306 2119 de
324 2083 407 2120 Ort.
434 2093 470 2119 et
490 2081 619 2119 Occas.
639 2082 741 2121 fider.

120 2147 158 2185 p.
187 2136 250 2173 60.
306 2134 481 2185 Argutias
508 2133 743 2183 interpretum

119 2199 156 2224 v.
185 2200 243 2236 ap.
275 2185 479 2229 Heinfium,
524 2184 743 2229 Martinum,

121 2237 315 2288 Spencium
339 2251 376 2288 p.
408 2251 490 2287 174·
558 2237 651 2274 Rem
682 2249 743 2273 ex-

121 2288 225 2339 pedit
261 2289 412 2325 Colum.
443 2287 519 2331 XI,
551 2301 591 2331 2,
623 2287 655 2338 Q.
696 2290 744 2336 36

120 2340 193 2383 XV
210 2340 292 2378 Cal.
313 2341 434 2377 Maias
453 2340 510 2388 sol
538 2345 572 2377 in
591 2339 745 2377 <Taurum

119 2393 297 2442 transitum
332 2396 429 2442 facit
441 2412 492 2419 ·-
504 2392 619 2428 Pridie
655 2390 744 2429 Cal.

120 2444 242 2487 Maias
259 2443 291 2478 C
292 2449 365 2479 anis
366 2445 407 2492 fi’
419 2444 551 2491 ‹vfspere
567 2442 664 2479 celat.

171 2507 387 2547 219—224.
416 2493 554 2530 Tritici
571 2503 606 2529 et
635 2492 739 2529 farris

119 2546 212 2585 satio
241 2559 312 2583 non
336 2546 375 2582 fit
398 2545 463 2581 nifi
491 2545 566 2595 post
594 2545 741 2581 matuti-

119 2611 209 2635 num
223 2596 389 2634 occasum
407 2596 603 2634 cosmicum
626 2595 739 2632 Pleia-

121 2649 210 2687 dum
239 2658 275 2685 et
309 2648 384 2698 post
415 2657 535 2684 ortum
563 2647 739 2684 heliacum

120 2701 293 2744 Coronae,
346 2699 384 2736 h.
420 2698 538 2735 mense
568 2697 738 2735 Ostobri.

123 2765 212 2802 219.
257 2751 417 2790 Triticum
434 2760 594 2786 veterum
611 2749 739 2787 diversi

118 2816 141 2843 a
171 2803 288 2840 nostro
318 2800 458 2852 generis
492 2800 608 2845 fuisse,
653 2800 739 2838 inde

119 2853 267 2904 colligit
302 2852 501 2897 Martinus,
557 2851 658 2903 quod
702 2866 738 2889 v.

593 886 666 910 221.
687 878 876 920 abscondentur
892 875 978 907 Gud.

805 1002 871 1050 48,
908 1013 921 1037 1
957 1001 1060 1050 arfia
1090 997 1128 1035 h.
1156 1009 1240 1035 acus
1270 995 1385 1033 tenuis
1411 1008 1432 1033 e

805 1053 930 1102 gluma
961 1050 1166 1102 prominens
1193 1048 1226 1085 ei
1244 1048 1430 1087 tribuitur.

808 1103 948 1140 Verum
983 1102 1063 1139 sunt
1106 1100 1256 1137 omnino
1298 1100 1431 1150 plures,

808 1169 895 1204 quas
928 1163 1059 1191 vocant
1094 1152 1241 1203 species,
1282 1161 1322 1188 ut
1356 1151 1433 1201 post

808 1206 1037 1243 Dodonaeum
1058 1217 1099 1241 ac
1124 1203 1332 1240 Manettum
1363 1202 1431 1239 do-

806 1258 883 1295 cuit
914 1258 1098 1299 Hallews,
1127 1255 1173 1291 de
1192 1254 1429 1291 Cerealibus:

807 1310 910 1348 Nov'.
962 1308 1170 1347 Comment.
1219 1305 1333 1344 Toni.
1376 1304 1429 1344 V.

810 1362 885 1398 Far
913 1359 1033 1408 (nobis
1062 1356 1224 1406 Diinkel)
1256 1357 1333 1394 roba
1361 1372 1431 1401 um,

807 1413 876 1450 sive
892 1414 993 1462 cujus
1010 1409 1207 1461 praestantia
1227 1421 1246 1445 e
1270 1408 1431 1459 pondere

808 1463 984 1506 censetur,
1025 1472 1063 1499 ut
1087 1461 1182 1512 apud
1205 1459 1355 1497 Colum.
1375 1459 1431 1505 H,

809 1519 847 1561 6,
885 1528 898 1552 1
933 1513 1048 1551 tritici
1079 1525 1190 1564 genus
1220 1510 1321 1549 robur
1347 1510 1429 1548 dic-

808 1577 900 1608 tum,
919 1572 1069 1617 qllOniam
1091 1575 1122 1600 et
1134 1565 1314 1613 pondere&
1326 1568 1429 1600 nitore

797 1621 932 1668 praestet
951 1617 1036 1658 five,
1055 1625 1089 1653 et
1101 1616 1171 1652 hoc
1185 1614 1318 1658 verius,
1328 1613 1430 1664 quod

803 1670 1101 1712 aerisffentorum
1109 1665 1382 1718 pluviarumque
1388 1677 1431 1707 ac

805 1720 954 1771 frigoris
972 1718 1142 1769 injuriam
1162 1717 1303 1761 melius,
1320 1730 1428 1767 quarn

805 1773 876 1808 alia
895 1769 1065 1809 frumenti
1077 1782 1221 1821 genera,
1241 1768 1332 1805 ferre
1346 1767 1428 1818 pos-

806 1823 870 1860 fit:
900 1824 938 1861 in
968 1835 1076 1872 quam
1103 1819 1312 1858 sententiam
1332 1819 1429 1869 apud

807 1873 1045 1925 Theophrast,
1073 1871 1118 1909 de
1148 1871 1285 1908 Cauffis
1313 1872 1427 1922 plant.

805 1925 880 1971 IV,
907 1929 930 1965 6
949 1934 1026 1962 toto
1044 1923 1163 1974 capite
1179 1925 1275 1973 πυςός
1294 1924 1312 1962 ἢ
1328 1922 1426 1973 κςιὲιῆ

806 1978 900 2014 inter
934 1977 981 2014 τοὶ
1011 1977 1232 2026 ἷσχυξότατοι
1267 1974 1429 2011 referun-

805 2038 876 2067 tur.
950 2041 1036 2067 220.
1050 2028 1131 2076 solis
1153 2026 1286 2077 itfiabis
1303 2029 1427 2075 urstis,

805 2080 977 2118 frumenti
989 2079 1113 2123 solius,
1126 2077 1242 2115 tritici
1256 2087 1292 2114 et
1306 2077 1427 2122 farris,

806 2145 928 2169 curam
973 2141 1009 2168 et
1051 2130 1227 2167 rationem
1265 2128 1427 2167 habebis.

808 2197 895 2223 221.
951 2181 1109 2219 Pleiades
1142 2181 1201 2221 seu
1237 2179 1428 2230 Vergiliae,

805 2235 956 2272 Atlantis
1015 2233 1111 2276 filiae,
1183 2233 1425 2282 absconduntur

805 2288 900 2330 an»,
943 2284 1142 2328 matutinae,
1182 2283 1220 2320 h.
1252 2282 1429 2320 occidunt

805 2338 984 2374 matutino
1004 2347 1178 2386 tempore,
1207 2347 1313 2372 mane
1343 2333 1426 2371 sub-

803 2399 1014 2440 merguntur
1086 2388 1125 2424 in
1205 2385 1427 2423 occidentali

802 2451 917 2491 parte,
968 2440 1055 2476 dum
1102 2438 1156 2477 sol
1198 2437 1333 2475 interea
1380 2436 1427 2474 ab

804 2492 944 2529 oriente
976 2489 1143 2547 emergit.
1213 2489 1426 2537 Abscondun-

803 2554 860 2581 tur
880 2553 1005 2586 autem,
1043 2551 1095 2577 ita
1126 2539 1280 2577 laudatis
1307 2539 1426 2576 verbis

803 2599 920 2643 poeta:
951 2593 1060 2631 nostri
1093 2591 1426 2641 interpretationem

802 2644 988 2696 subjungit
1013 2643 1220 2682 Columella
1244 2641 1296 2684 II,
1330 2644 1367 2685 8,
1404 2655 1419 2679 1

803 2695 907 2735 altero
932 2709 963 2733 et
993 2697 1151 2748 trigcfimo
1176 2695 1227 2730 die
1250 2694 1320 2744 pqst
1346 2708 1426 2731 auc·

802 2748 950 2787 tumnale
979 2751 1206 2798 aequinoblium
1240 2746 1327 2796 quod
1373 2760 1428 2784 ere

803 2802 973 2851 conficitur
1004 2814 1086 2836 nono
1129 2795 1211 2834 Cal.
1247 2797 1330 2834 050
1355 2802 1426 2835 ris:

798 2862 934 2901 propter
950 2851 1036 2902 quod
1051 2847 1196 2899 intelltgi
1219 2847 1311 2884 debet
1326 2849 1434 2887 trition*

120 2919 194 2950 202
209 2915 246 2944 et
262 2905 358 2957 apud
376 2903 486 2943 Varr.
505 2903 551 2943 de
570 2904 618 2945 R.
637 2903 688 2946 R.
705 2903 741 2948 I,
792 2905 885 2954 satio
899 2904 1026 2943 dierum
1039 2903 1108 2954 sex
1136 2910 1168 2939 et
1199 2900 1428 2952 quadraginta

1384 2949 1434 2992 ab
