1821 3381
388 265 848 334 BucoLICA,
902 275 1081 329 EcL.
1144 279 1237 330 ΠΙ.
1414 284 1475 348 67

160 403 382 463 Pierides,
406 406 605 452 vitulam
627 405 788 453 lectori
812 405 991 468 pascite
1014 409 1181 457 vestro.
1412 418 1435 461 8
1443 427 1467 477 5

663 511 949 544 MENALCAS.

155 585 311 634 Pollio
334 600 379 635 et
402 589 500 652 ipse
523 589 636 638 facit
657 605 777 635 nova
801 590 1038 637 carmina:
1064 590 1240 653 pascite
1262 604 1466 653 taurum,

151 677 263 739 Jam
287 695 433 726 cornu
458 691 601 743 petat,
626 692 671 726 et
688 680 889 742 pedibus
912 682 996 744 qui
1016 681 1201 746 spargat
1223 701 1430 733 arenam.

654 784 944 818 DAMOETAS.

149 859 249 923 Qi
270 872 329 917 te,
353 859 519 918 Pollio,
537 873 679 918 amat,
700 863 870 918 veniat,
890 877 985 925 quo
1002 874 1047 909 te
1064 880 1252 929 quoque
1267 867 1459 931 gaudet.

146 947 297 996 Mella
319 950 465 997 fluant
488 950 575 1008 illi,
599 950 716 996 ferat
739 963 784 998 et
807 952 949 999 rubus
973 952 1106 1016 asper
1127 971 1393 1005 amomum.

188 1081 242 1122 87.
266 1083 356 1114 Idem
377 1081 484 1113 versus
498 1082 575 1112 AEn.
592 1082 652 1119 IX,
678 1081 753 1123 629,
776 1088 808 1112 et
834 1082 906 1113 sane
931 1083 1020 1124 epico
1045 1084 1144 1125 poeta
1170 1084 1308 1126 dignior.
1355 1087 1420 1131 Qz‘
1433 1099 1456 1119 c.

141 1133 286 1165 Parrhas.
331 1135 394 1177 Qti
399 1137 465 1175 jam
481 1140 636 1174 cornupetas
650 1135 732 1164 Ven.
773 1146 881 1163 cornum

142 1183 224 1216 Ven.
243 1192 275 1215 et
290 1184 422 1215 Mediol.
461 1197 509 1225 quo
524 1191 549 1214 te
561 1197 660 1225 quoque
673 1186 762 1214 laudet
777 1184 861 1225 conj.
881 1187 993 1216 Burm,
1028 1186 1072 1215 At
1090 1197 1118 1216 v.
1135 1187 1211 1219 Not.

702 1237 800 1277 aspera
816 1234 898 1277 conj.
917 1234 1044 1275 Heius„
1059 1236 1113 1267 sed
1129 1236 1193 1268 vid.
1210 1239 1326 1274 Burm.

140 1235 281 1267 Mentel.
296 1246 345 1278 pr.
388 1236 464 1266 robus
481 1235 575 1266 Leid.
606 1236 687 1265 rubus

138 1350 368 1400 triumphalia
402 1349 498 1387 sacra
527 1359 568 1387 ac
602 1349 759 1388 vistimae

136 1414 203 1452 pro
223 1402 394 1439 Pollionis
415 1401 565 1439 victoria
592 1402 759 1452 parandae

135 1464 248 1491 erant.
276 1454 326 1491 cf.
355 1453 434 1491 Ecl.
455 1453 566 1496 VIII,
593 1456 628 1492 6.
658 1454 754 1490 Hor.

136 1505 212 1542 Od.
228 1504 279 1549 II,
300 1519 334 1547 1,
356 1519 411 1556 ις.
432 1506 489 1542 16.
533 1504 647 1547 Nam,
659 1507 757 1555 quod

134 1552 257 1594 Burm.
277 1556 518 1615 amplectitur,
536 1556 632 1606 pasci
649 1567 683 1593 et
702 1557 755 1594 vi-

133 1609 246 1646 tulam
264 1609 503 1657 etjuvencum
522 1608 680 1644 Pollioni
697 1608 753 1645 di-

132 1659 185 1703 ci,
214 1670 253 1696 ut
281 1660 379 1696 istam
398 1669 581 1709 tamquam
599 1660 649 1707 ly.
642 1659 753 1703 icus,

130 1710 228 1749 hunc
261 1720 442 1760 tamquam
474 1711 608 1760 epicus,
647 1715 754 1760 po'eta

129 1761 308 1806 immolet,
358 1761 398 1798 id
449 1762 557 1798 nlmis
604 1762 751 1800 doctum

129 1814 290 1870 adeoque
316 1814 430 1850 multo
449 1813 562 1863 magis
578 1813 750 1851 vitiosum

127 1878 167 1902 m
211 1864 275 1902 tali
319 1864 496 1909 carmine3
534 1877 749 1914 quamquam

127 1916 167 1954 in
198 1917 347 1953 fimilem
382 1916 529 1953 modum
565 1925 750 1966 argutatur

127 1967 249 2005 Schol.
281 1967 430 2004 Horatii
459 1968 503 2004 ad
524 1967 634 2017 Epist.
655 1967 687 2010 Ι,
709 1981 747 2016 3,

128 2022 190 2068 36.
244 2019 356 2067 Qod
387 2032 471 2056 vero
497 2019 643 2056 lfflorem
669 2032 746 2056 car-

124 2070 263 2107 minum
280 2070 504 2114 memoravit,
520 2083 644 2120 parum
658 2070 746 2107 scite

121 2121 240 2160 fecisse
256 2132 292 2159 et
308 2122 521 2172 personam
512 2134 551 2158 1n
574 2122 641 2158 hoc
670 2121 746 2172 pas-

123 2173 214 2210 toris
235 2174 326 2211 male
342 2173 533 2211 sustinuiffe
548 2173 661 2210 videri
681 2174 744 2211 de-

122 2221 183 2262 bet
201 2224 332 2268 Mar03
362 2225 479 2262 Pastor
495 2224 595 2261 canit
611 2225 742 2262 carmi-

122 2289 168 2313 na
185 2286 220 2314 et
239 2276 383 2313 auditur
398 2277 474 2326 ejus
491 2287 614 2313 cantus
631 2289 639 2312 :
669 2285 741 2314 non

119 2340 206 2365 ‘vero
223 2327 346 2365 scribit
365 2327 523 2364 carmina
540 2338 575 2365 et
592 2327 739 2378 legitur.

124 2379 185 2416 86.
213 2396 305 2417 nova
322 2386 485 2423 carmina,
503 2378 539 2416 h.
558 2380 739 2429 praeclara,

119 2429 239 2478 qualia
255 2441 436 2480 nunquam
463 2439 545 2467 ante
570 2430 674 2475 faeta,
702 2441 741 2469 ut

120 2480 256 2519 Horat.
275 2481 350 2518 Od.
379 2482 412 2526 I,
443 2482 505 2524 26,
530 2483 666 2531 iofides
684 2499 739 2520 m-

115 2548 185 2570 ·vas
199 2532 307 2570 dixit.
346 2532 520 2569 Pollionis
532 2543 649 2571 autem
663 2535 739 2571 lau-

116 2584 199 2621 dem
218 2597 263 2621 ex
282 2583 426 2635 tragicis
442 2583 565 2621 studiis
581 2594 739 2623 tenemus

115 2647 161 2672 ex
189 2635 321 2675 Horat.
348 2635 654 2686 Carm.11‚1‚9‚
679 2650 736 2674 10.

116 2686 230 2725 Serm
263 2687 295 2731 I,
333 2700 392 2732 10,
424 2701 472 2737 42
498 2686 602 2725 Pollm
628 2704 738 2740 regum

103 2741 212 2788 fasta
237 2744 329 2777 canit
347 2749 389 2787 pe
375 2716 428 2775 :de
453 2749 505 2775 ter
521 2743 677 2796 perczfffiz,
700 2740 731 2783 h.

115 2790 311 2842 tragoedias
332 2789 459 2828 scribit
475 2789 633 2830 senariis.

899 1135 994 1165 Rom.

1085 1135 1135 1166 88.
1158 1139 1206 1177 qui
1228 1144 1253 1167 te
1278 1150 1375 1179 quoque
1406 1139 1458 1170 ed.

1303 1188 1459 1232 89.fl111‹715

878 1351 897 1386 8
905 1352 941 1389 8.
968 1357 1102 1395 veniat,
1121 1367 1180 1403 quo
1192 1363 1223 1389 te
1235 1362 1354 1404 qaoque
1360 1368 1452 1405 gau-

822 1403 889 1440 dt.
945 1402 1057 1454 Qod
1084 1404 1241 1453 primum
1274 1406 1450 1451 occurrit,

821 1453 883 1497 est,
893 1463 931 1490 ut
941 1453 1113 1504 suppleas,
1115 1465 1217 1503 per-iv
1208 1458 1319 1512 ‘'²'ff3
1341 1467 1452 1506 utque

821 1505 867 1540 ad
886 1504 1095 1543 felicitatem
1131 1519 1279 1543 ommno
1304 1512 1448 1553 releras,

823 1569 931 1605 quam
959 1566 1169 1607 apprecetur
1193 1557 1242 1601 ei,
1274 1558 1337 1607 qui
1366 1559 1448 1597 Pol-

822 1607 915 1644 lioni
935 1607 1063 1646 faveat.
1109 1608 1205 1646 Cu'm
1225 1622 1296 1659 quo
1315 1622 1446 1647 conve-

823 1658 879 1695 nit
907 1673 941 1697 v.
976 1663 1040 1708 89,
1064 1660 1100 1697 in
1126 1673 1198 1710 quo
1225 1660 1315 1698 adeo
1345 1662 1445 1700 aurei

821 1709 938 1746 saeculi
967 1710 1122 1749 felicitas
1147 1712 1384 1762 exprimitur:
1405 1727 1442 1754 v.

821 1760 900 1798 Ecl.
933 1760 1005 1805 IV,
1036 1777 1095 1811 3.0
1126 1775 1188 1813 ²5·
1259 1763 1296 1799 Si
1324 1773 1443 1803 tamen

819 1811 998 1850 Menalcae
1023 1815 1132 1850 verba
1162 1827 1359 1864 compares,
1388 1826 1440 1861 et,

817 1877 923 1912 quem
961 1865 1122 1915 expressit
1157 1864 1281 1909 Maro,
1317 1867 1440 1905 locum

818 1915 1006 1952 Theocrit.
1043 1916 1077 1960 Ι,
1114 1930 1162 1956 20
1189 1936 1245 1954 και
1290 1924 1353 1954 ταῖς
1370 1922 1439 1961 βω-

815 1973 949 2004 κολικσῖς
968 1968 1023 2005 ἒπῖ
1046 1969 1084 2005 τὸ
1108 1971 1202 2006 πλέον
1221 1970 1282 2006 ἵκεο
1300 1971 1439 2016 Μέσας,

814 2031 980 2068 apparere
1007 2020 1177 2064 arbitror,
1207 2022 1293 2064 hoc,
1321 2038 1380 2072 quo
1405 2034 1438 2060 te

813 2084 929 2121 quoque
964 2074 1089 2120 gaudet
1126 2073 1334 2122 pervenisse,
1368 2075 1437 2112 effe

812 2122 1033 2159 referendum
1061 2123 1106 2159 ad
1132 2133 1256 2161 cantus
1282 2125 1434 2163 faculta-

811 2181 906 2219 tem3
935 2173 1004 2217 illi,
1033 2184 1106 2211 tam
1130 2175 1263 2212 bonum
1284 2177 1431 2225 poetam

810 2225 999 2275 contingat
1012 2226 1091 2269 esse,
1106 2239 1212 2276 quam
1232 2226 1345 2264 Pollio
1357 2229 1429 2274 est;

810 2285 849 2311 ut
862 2288 999 2320 contra,
1014 2276 1077 2327 qui
1089 2278 1233 2314 Bavium
1248 2291 1319 2315 non
1330 2278 1430 2336 odit,

809 2335 881 2363 tam
917 2329 1030 2365 malus
1070 2329 1182 2378 judex
1228 2329 1430 2369 carminum

807 2378 894 2422 esto,
921 2389 960 2416 ut
978 2379 1150 2417 Maevium
1169 2381 1310 2431 probet.
1366 2384 1430 2432 89.

807 2430 1057 2468 Adumbratur
1066 2432 1110 2468 ad
1121 2431 1431 2472 dustumTheocr.

808 2480 859 2525 V,
884 2496 955 2531 124
982 2482 1032 2533 sq.
1086 2484 1255 2520 Amani-um
1284 2484 1409 2521 frutici
1400 2498 1428 2522 3

805 2545 920 2581 genus
933 2533 1069 2578 Indici,
1082 2535 1181 2584 quod
1195 2544 1314 2572 tamen
1325 2536 1429 2584 quale

805 2584 915 2621 fuerit
948 2598 1072 2634 parum
1106 2587 1253 2623 constat.
1313 2586 1428 2624 Plinii

804 2646 839 2672 et
859 2636 1084 2673 Dioscoridis
1102 2637 1182 2674 loca
1201 2652 1234 2675 v.
1255 2651 1335 2688 ap.
1324 2637 1427 2675 Mar-

805 2686 872 2724 tin.
908 2697 942 2724 et
976 2689 1123 2727 Salmas.
1159 2690 1205 2725 ad
1240 2689 1353 2726 Solin.
1388 2703 1411 2739 p

807 2743 896 2787 284,
914 2739 976 2789 qui
996 2753 1177 2777 amomum
1196 2741 1268 2777 fere
1285 2741 1331 2777 de
1346 2753 1425 2777 om-

805 2789 843 2828 ni
861 2800 1016 2828 aromate
1034 2791 1167 2829 sincero
1193 2792 1331 2830 dictum
1357 2792 1426 2828 do-

941 2841 973 2879 E
1002 2855 1023 2879 2
1354 2851 1428 2889 cet
