1987 3361
540 290 763 324 ccxxxw
880 276 1514 330 ARGUMENTA.

542 412 822 476 Prodigium
843 413 906 460 est
930 414 1110 460 cunctis
1133 414 1301 461 ardens
1325 414 1512 479 delapsa
1535 416 1719 481 sagitta.

539 492 630 538 Iris
653 509 796 539 anum
822 493 1000 540 Berobn
1027 495 1190 541 habitu
1211 498 1409 543 mentita
1431 497 1563 545 senili
1793 512 1854 563 55

538 575 756 622 Incendit
774 592 929 633 naveS,
964 576 1141 624 subitus
1163 594 1276 641 quas
1302 579 1512 628 vindicat
1535 582 1705 630 imber.

541 659 596 706 In
622 659 796 705 somnis
816 672 944 723 pater
968 660 1211 718 Anchises,
1243 679 1351 724 quse
1376 665 1499 710 bella
1519 668 1741 728 gerenda,

541 741 746 806 Qoque
759 743 880 789 duce
892 743 950 789 ad
967 744 1134 790 Manes
1149 744 1282 806 pollit
1297 745 1594 804 descendere,
1611 749 1851 796 monstrat.

542 823 862 871 Transscribit
894 838 1065 871 matres
1090 825 1212 882 urbi,
1246 826 1575 890 populumque
1597 828 1854 886 volentem,

541 905 606 953 Et
618 905 863 969 placidum
877 905 1048 953 AEneas
1067 906 1342 954 Palinurum
1359 909 1530 970 quaerit
1548 909 1596 955 in
1614 908 1770 956 undis.
1790 889 1855 958 66

1114 1023 1274 1055 SEXTI-

542 1093 719 1139 Cumas
740 1092 912 1140 deinde
935 1092 1079 1140 venit.
1143 1092 1251 1139 Fert
1268 1092 1378 1140 hinc
1396 1092 1613 1156 responsa
1629 1092 1821 1156 Sibyllae
1838 1108 1852 1138 ε

541 1173 782 1222 Misenum
808 1173 1002 1238 sepelit:
1038 1190 1173 1221 mons
1197 1173 1344 1221 servat
1363 1191 1537 1222 nomen
1563 1174 1765 1221 hum-ati.

540 1257 751 1305 Ramum
774 1257 933 1314 etiam,
947 1269 1055 1304 ante
1068 1257 1211 1303 deum
1237 1258 1423 1320 placato
1440 1256 1652 1314 numine,
1675 1266 1851 1320 portat.

537 1339 608 1386 At
629 1350 754 1385 vates
776 1340 993 1402 longaeva
1015 1355 1106 1386 una
1128 1338 1368 1385 descendit
1392 1338 1654 1386 Avernum.

537 1423 773 1488 Agnoscit
793 1422 1086 1479 Palinurum,
1120 1434 1165 1468 et
1188 1422 1256 1468 ibi
1279 1420 1451 1469 solatur
1472 1422 1666 1469 Elisam.
1789 1422 1847 1483 65

537 1507 943 1570 Deiphobumque
965 1505 1094 1553 videt
1112 1506 1323 1553 lacerum
1343 1506 1599 1554 crudeliter
1620 1522 1716 1553 ora.

540 1589 837 1637 Umbrarum
859 1607 1025 1654 poenas
1050 1588 1187 1637 discit
1211 1602 1429 1635 narrante
1452 1588 1650 1650 Sibylla.

540 1676 774 1723 Convenit
798 1674 1035 1722 Anchisen
1055 1693 1066 1722 ε
1100 1673 1379 1738 penitusque
1398 1674 1447 1720 in
1472 1672 1593 1720 valle
1613 1671 1786 1719 virenti

537 1757 864 1822 Agnoscitque
887 1757 1017 1805 suam
1040 1758 1229 1821 prolem
1253 1757 1539 1815 monstrante
1560 1767 1770 1819 parente.

540 1843 667 1890 Haec
691 1843 775 1889 ubi
797 1843 1031 1905 percepit,
1062 1842 1290 1908 graditur,
1314 1841 1554 1904 sociosque
1576 1839 1750 1888 revisit.
1789 1854 1853 1903 70

1071 1958 1301 1992 SEPTIMI.

538 2026 638 2074 Hic
650 2043 843 2090 quoque
858 2027 1073 2092 Cajetam
1090 2027 1253 2090 sepelit
1264 2051 1277 2082 ;
1306 2039 1409 2074 tum
1428 2025 1598 2074 deinde
1611 2021 1848 2088 profectus

542 2110 836 2157 Laurentum
857 2110 1015 2156 venit:
1051 2110 1171 2156 hanc
1192 2110 1346 2156 verbis
1370 2109 1597 2173 cognovit
1621 2107 1711 2154 Iuli

537 2193 748 2240 Fatalem
771 2207 962 2241 terram.
1031 2193 1208 2241 Mensis
1227 2210 1283 2241 en
1306 2194 1557 2249 vescimur,
1589 2191 1760 2255 inquit.

539 2275 746 2323 Centum
767 2288 971 2324 oratores
987 2278 1175 2323 veniam
1196 2292 1459 2340 pacemque
1475 2287 1689 2338 petentes

535 2359 617 2406 Ad
639 2376 800 2424 regem
819 2361 966 2407 mittit
983 2361 1123 2408 lectos
1144 2373 1247 2408 tum
1272 2361 1392 2407 sorte
1411 2359 1639 2406 Latinum
1660 2377 1670 2404 ε
1788 2371 1845 2420 75

536 2439 637 2504 Qi
662 2457 774 2488 cum
795 2458 912 2504 pace
935 2443 1080 2489 etiam
1102 2455 1227 2489 natae
1249 2443 1485 2489 connubia
1505 2441 1685 2504 pactus.

536 2523 650 2570 Hoc
669 2524 789 2571 forte
802 2526 972 2573 Alecto
993 2527 1191 2588 Junonis
1215 2526 1401 2589 diffipat
1425 2527 1505 2573 ira.

538 2605 840 2654 Concurrunt
863 2608 1018 2666 dietis,
1052 2611 1271 2673 quamvis
1295 2611 1375 2673 pia
1399 2610 1492 2657 fata
1515 2621 1798 2674 repugnent.

584 2725 648 2764 77.
675 2713 705 2751 f.
723 2715 793 2751 Hoc
809 2715 916 2753 Furia
927 2715 1054 2755 Aleae.
1221 2725 1341 2754 autem
1359 2729 1432 2753 non
1462 2715 1500 2753 Γ
1502 2729 1607 2761 urno
1645 2716 1706 2754 sed
1725 2717 1849 2756 AEneae

585 2769 649 2816 78
677 2765 705 2803 f.
737 2767 944 2805 Concurrunt
957 2771 1002 2818 s
1006 2784 1071 2812 rro,
1115 2776 1156 2806 ut
1221 2767 1382 2805 Latium'
1385 2782 1467 2805 cum
1486 2767 1641 2806 Lavinia
1658 2770 1713 2806 aff
1705 2782 1850 2819 gnare

533 2778 701 2868 Menag„
730 2818 787 2857 vel
815 2819 1043 2873 C.Rutul1·q.
1064 2820 1157 2860 Fata
1219 2830 1322 2866 κληῒς
1349 2830 1384 2859 et
1401 2820 1451 2859 cf.
1470 2819 1563 2866 VII,
1590 2823 1678 2872 583.
1707 2825 1796 2873 584.

1730 2906 1852 2956 Belli
