1987 3361
466 305 549 336 rvr
830 294 937 342 DE
1007 297 1395 349 VIRGILII

461 422 607 470 davit.
675 424 778 472 Nec
798 427 951 475 minus
970 431 1185 492 praeclari
1208 432 1409 480 Pieriani
1432 450 1568 497 1521.
1626 437 1768 484 Paul-

460 504 530 551 lus
556 505 798 553 Manutius
826 513 1060 558 Mediceum
1084 515 1313 575 exprellit,
1338 533 1348 563 ι
1365 522 1421 578 58
1426 533 1470 578 3,
1494 518 1563 564 uti
1589 518 1765 573 Palati-

459 604 554 633 num
581 590 906 639 Commelinus
935 610 1071 657 1599.
1146 597 1485 646 Recenfionern
1520 601 1593 657 Jo.
1623 603 1761 650 Henr.

461 668 652 715 Boccle'ri
688 687 745 716 ex
786 672 880 718 Ms.
920 674 1141 721 biblioth.
1181 676 1536 740 Argentinensis
1567 680 1612 726 in
1648 682 1762 729 edit.

460 750 674 796 Ulincnfi
702 755 819 816 1698
846 757 1098 802 memorari
1124 757 1353 816 videmuS‚
1373 760 1431 806 de
1453 777 1547 823 qua
1568 765 1764 826 quidem

458 834 655 882 edocere
691 852 773 883 nos
812 852 1033 900 poterunt
1069 841 1156 889 viri
1193 843 1336 900 docti,
1377 845 1549 907 quibus
1585 847 1663 894 illa
1703 848 1764 895 ad
1838 870 1843 872 ·

457 933 623 965 manus
649 920 728 967 est.
799 921 873 968 Ex
900 922 976 968 Ge.
1005 922 1197 970 Fabricii
1212 924 1517 988 castigatione
1539 940 1586 975 et
1609 930 1762 980 Theod.

458 1002 692 1050 Pulmanm·
707 1006 984 1063 recensione,
1019 1021 1181 1054 neutra
1201 1023 1360 1057 tamen
1379 1010 1438 1057 ad
1458 1029 1603 1060 novos
1620 1015 1761 1066 codd.

455 1085 827 1143 faetaffluxerant
850 1089 942 1136 fere
961 1091 1250 1154 exemplaria
1268 1093 1457 1157 vulgata
1467 1095 1643 1151 omnia,
1653 1112 1764 1160 quae.

453 1168 597 1231 usque
641 1170 699 1216 ad
740 1169 852 1219 Nic,
899 1171 1156 1221 Heinssum
1201 1175 1420 1223 manibus
1463 1177 1761 1247 terebantur;

456 1254 795 1301 Pulmanniana
816 1254 1012 1317 quidem
1034 1256 1172 1305 lectio
1196 1259 1422 1322 regnabat
1455 1260 1503 1308 in
1535 1261 1762 1310 Antwer..

451 1336 688 1398 piensibus
710 1338 1021 1388 Elzevirianis
1047 1354 1092 1388 et
1114 1344 1295 1390 caeteris
1317 1343 1542 1409 Belgicis.
1561 1347 1615 1393 In
1637 1348 1709 1394 his
1733 1365 1760 1395 a

450 1417 575 1465 Dan.
596 1419 709 1466 Hein
726 1438 762 1466 lo
778 1421 1003 1484 profectae
1022 1423 1132 1471 edd.
1151 1424 1380 1490 majorem
1393 1429 1509 1475 adeo
1526 1429 1758 1477 incuriam

447 1501 669 1563 produnt.
697 1503 880 1552 Bonum
906 1504 1107 1555 factum!
1142 1507 1352 1561 successlt
1377 1510 1480 1561 Nic·
1508 1513 1717 1561 Heinmsa

898 1658 1065 1706 Codices
1088 1660 1322 1720 Hez'nstczni.

521 1752 742 1816 Triginta
766 1754 877 1801 Nic.
922 1755 1148 1805 Heinsius
1186 1777 1331 1807 annos
1363 1761 1568 1825 Virgilio
1593 1780 1759 1812 recen-

445 1834 588 1881 sendo
612 1835 888 1897 impendisse
912 1847 958 1882 et
984 1836 1078 1884 fere
1101 1836 1252 1885 XXX
1271 1839 1458 1888 codices
1480 1843 1754 1891 consuluisse

446 1929 672 1964 narratur.
753 1918 827 1964 Ex
851 1917 923 1964 his
947 1935 974 1965 a
997 1919 1268 1967 Burmanno
1296 1921 1343 1967 in
1381 1924 1519 1986 praef.
1555 1925 1614 1973 ad
1645 1925 1756 1973 Vir-

443 1998 619 2061 gilium
643 1999 886 2062 sequentes
910 2016 1373 2052 commemorantur:

509 2079 748 2137 Mediceus,
780 2093 825 2127 et

513 2162 756 2220 Vaticanus,
789 2164 907 2211 alter
931 2165 1009 2212 ille
1033 2185 1080 2214 n.
1125 2168 1271 2230 3867,
1305 2185 1448 2232 quem
1472 2183 1629 2220 tamen
1654 2174 1753 2237 ipse

443 2242 570 2290 haud
610 2244 852 2308 inspexisse
895 2249 1106 2306 videtur;
1143 2267 1309 2300 verum
1344 2254 1503 2304 laudat
1543 2273 1652 2305 eum
1693 2275 1751 2307 ex

444 2322 667 2371 Pierianis
694 2326 1104 2391 Castigationibus.

523 2405 723 2452 Codices
764 2409 1027 2458 Menleliczni
1067 2423 1170 2471 tres,
1205 2417 1279 2474 Jo.
1318 2418 1537 2477 Mentelii,
1565 2422 1751 2471 Medici

441 2485 683 2547 quondam
706 2486 915 2548 Parifini,
931 2492 1058 2555 iique
1083 2495 1130 2541 in
1151 2498 1501 2560 antiquioribus
1525 2503 1747 2554 habendi.

440 2567 558 2612 Sunt
583 2567 667 2624 illi,
714 2570 955 2634 imprimis
980 2577 1124 2638 prior,
1159 2580 1439 2646 plerumque
1462 2584 1510 2631 in
1531 2587 1748 2649 partibus

439 2647 684 2697 Medicei:
720 2668 765 2698 v.
790 2669 832 2700 c.
859 2656 968 2703 AEn.
995 2658 1058 2716 II,
1084 2660 1159 2721 76.
1619 2716 1622 2719 ⁴

440 2781 443 2783 ,
504 2729 705 2778 Codices
742 2734 1070 2801 Rollenclorphii
1102 2752 1203 2802 tres,
1238 2747 1320 2809 qui
1358 2761 1488 2796 erant
1523 2750 1749 2799 Bernardi

432 2804 821 2875 Rottendorphii,
848 2816 1047 2869 Medici.
1118 2825 1195 2873 Ex
1214 2826 1270 2875 iis
1287 2830 1450 2878 tertius
1467 2832 1750 2897 plerumque

1631 2929 1744 2962 CUm
