1987 3361
377 249 715 302 PR'IORIS
762 249 1228 308 EDITIONIS.
1386 275 1464 313 111

149 389 358 463 poffint,
392 389 477 441 sed
505 409 623 461 quae
652 408 914 462 exponere
940 390 1227 445 admodum
1254 394 1465 451 difficile

151 481 227 543 fit,
267 481 391 534 dum
424 482 478 532 in
505 482 567 532 iis
595 481 872 534 commode
899 483 1218 554 explicandis
1245 498 1294 538 et
1319 487 1465 541 illus-

149 574 341 626 trandis
373 572 572 625 defixus
599 573 803 625 animus
830 573 921 635 est,
952 573 1062 626 fieri
1087 573 1230 636 solet,
1268 590 1325 629 ut
1351 577 1463 631 sen-

148 665 244 717 fim
268 665 558 738 sensimque
578 667 641 720 ad
661 669 781 720 alias
804 687 978 722 rerum
1001 669 1236 722 notiones
1257 684 1306 722 et
1327 672 1461 725 ima-

143 759 290 829 gines
330 758 596 821 delabaris,
645 773 695 812 et
733 760 943 813 tandem
983 762 1385 833 explicationem
1411 777 1462 816 et

143 849 619 920 interpretationem
648 851 949 924 subjungaS,
994 872 1174 925 quam,
1217 855 1253 907 fi
1280 857 1334 907 in
1359 855 1461 908 alio

142 938 560 1011 deprehenderi8‚
604 943 873 1015 quomodo
900 945 946 996 ei
971 944 1023 996 in
1050 958 1280 997 mentem
1304 966 1462 999 vene-

142 1031 227 1092 rit,
256 1031 447 1105 affequi
475 1034 567 1085 vix
593 1033 766 1104 poffiS.
904 1055 981 1087 uae
1008 1037 1185 1087 omnia
1208 1055 1314 1089 non
1341 1057 1459 1091 mo·-

138 1122 207 1174 do
232 1122 459 1174 nostram
487 1123 573 1176 sed
600 1144 940 1177 communem
964 1127 1305 1198 interpretum
1330 1148 1457 1181 con-

140 1211 396 1264 ditionem
419 1214 577 1266 nimis
606 1214 790 1266 duram
807 1227 855 1266 et
873 1217 1108 1288 iniquam
1127 1216 1225 1268 effe
1246 1217 1453 1280 docent,

138 1321 300 1375 quam
325 1316 381 1355 ut
409 1304 465 1355 in
493 1323 554 1355 eo
580 1324 765 1376 genere
793 1305 1039 1377 perfedtae
1065 1307 1263 1379 aliquid
1288 1321 1337 1359 et
1362 1308 1453 1360 ab·-

136 1394 312 1447 solutae
341 1415 510 1468 operae
534 1399 796 1469 expeotari
822 1398 992 1470 poflit.

212 1486 360 1539 Mihi
388 1507 509 1540 vero
544 1489 598 1540 in
625 1491 849 1560 Virgilio
890 1491 1150 1562 perpetuis
1179 1509 1452 1544 commen-

84 1630 88 1640 ,.
139 1580 278 1633 tariis
301 1579 619 1642 illustrando,
644 1601 767 1632 nam
788 1584 1037 1634 variantes
1060 1585 1305 1636 lectiones
1323 1604 1451 1637 con-

132 1690 323 1744 gerere,
347 1680 431 1719 aut
457 1671 660 1721 notulas
687 1670 868 1741 paffim
895 1671 1213 1742 adspergere,
1244 1687 1329 1725 aut
1354 1692 1449 1725 ex-

132 1778 328 1834 cerptas
355 1762 728 1815 observationes
770 1779 835 1812 ex
875 1759 1072 1812 schedis
1115 1762 1356 1833 colligere
1395 1777 1445 1815 et

129 1854 456 1907 transcribere
479 1873 583 1906 non
611 1865 814 1904 tantum
835 1851 1151 1904 difficultatis
1174 1852 1444 1916 habuiffet,

128 1945 212 1998 sed
239 1948 293 1999 in
314 1948 538 2019 Virgilio
586 1946 847 2018 perpetuis
885 1946 1270 1997 commentariis
1298 1945 1444 1998 illus-

127 2041 311 2094 trando
338 2054 387 2092 et
414 2041 635 2111 majores
664 2053 713 2090 et
739 2040 908 2110 plures
946 2036 1194 2089 molestiae
1227 2038 1442 2108 objicie-

125 2133 314 2187 bantur
358 2153 422 2185 eX
468 2132 790 2204 superiorum
833 2133 1176 2201 interpretum
1207 2132 1353 2200 copia
1390 2142 1440 2183 et

66 2279 70 2284 ,
126 2227 417 2278 multorum
443 2222 653 2295 operosa
681 2223 1140 2275 commentatione.
1205 2220 1347 2271 Nam
1384 2222 1440 2273 in

124 2322 278 2387 po'eta
298 2315 545 2373 versabar,
574 2334 603 2365 a
629 2327 704 2365 tot
732 2311 1097 2384 interpretibus
1119 2324 1328 2371 tentato,
1358 2323 1435 2372 ut,

124 2405 161 2457 fi
186 2405 540 2477 unusquisque
566 2424 630 2456 ex
651 2406 713 2456 iis
734 2406 814 2456 vel
837 2423 1003 2456 unum
1033 2416 1234 2454 tantum
1259 2403 1437 2453 locum

123 2495 240 2548 satis
265 2496 565 2558 illustrasset,
595 2496 724 2548 nihil
751 2498 806 2548 in
833 2510 941 2547 toto
962 2495 1183 2567 Virgilio
1204 2492 1435 2546 obscuri-

121 2589 240 2641 tatis
281 2589 518 2640 relietum
547 2589 664 2650 effe,
709 2588 780 2640 fin
806 2607 970 2640 unum
1010 2587 1187 2638 saltem
1214 2585 1434 2657 quilibet

61 2741 65 2744 θ
120 2677 298 2729 locum
325 2678 648 2740 obscuraffet,
690 2680 745 2730 in
773 2691 882 2730 toto
909 2679 1059 2730 nobis
1083 2679 1303 2748 Virgilio
1330 2695 1431 2727 cae-

118 2769 419 2823 cutienduin
439 2769 536 2823 esse
561 2771 723 2824 videri
751 2771 978 2823 deberet.
1037 2771 1186 2838 Qos
1217 2767 1433 2839 quidem

780 2880 807 2911 a
848 2877 878 2914 τι
1250 2873 1432 2908 omnes
