1821 3381
376 338 918 397 GEORGICON,
974 337 1124 388 LIB.
1171 339 1239 387 11.
1366 342 1460 404 363

150 475 455 525 Carminibus
477 475 663 538 patriis,
687 473 937 536 lancesque
962 486 1007 520 et
1033 474 1131 544 liba
1161 473 1395 530 feremus;

153 566 220 613 Et
242 567 410 614 duelus
433 581 580 613 cornu
606 565 744 612 stabit
768 565 894 614 sacer
916 567 1072 614 hircus
1095 567 1153 614 ad
1175 583 1324 624 aram,
1370 580 1462 630 395

149 655 444 720 Pinguiaque
465 657 514 704 in
539 657 726 704 veribus
753 658 1039 705 torrebimus
1066 672 1173 706 exta
1197 659 1424 707 columis.

211 748 296 795 Est
320 749 460 796 etiam
486 748 568 794 ille
591 747 725 793 labor
747 750 967 797 curandis
992 752 1171 798 vitibus
1202 751 1336 808 alter,

152 838 243 888 Cui
266 853 529 901 numquam
568 837 778 885 exhausti
808 837 919 884 satis
957 839 1049 888 est:
1088 856 1293 903 namque
1317 858 1462 891 omne

1369 948 1396 994 3
1439 938 1463 981 8

151 1020 343 1085 Terque
378 1032 636 1085 quaterque
672 1021 824 1070 solum
867 1022 1197 1081 scindendum,
1232 950 1468 1089 glebaqile

342 928 596 991 quotannis

345 1117 486 1164 versis
542 1113 544 1115 ’

151 1209 406 1259 AEternum
424 1210 681 1272 frangenda
697 1209 969 1273 bidentibus
987 1233 998 1264 ;
1027 1227 1170 1257 omne
1188 1211 1446 1260 levandum

151 1318 247 1350 codd.
275 1318 395 1360 aliquot
421 1318 530 1356 Pierii,
553 1319 640 1360 quod
670 1319 726 1361 ipfi
759 1330 828 1350 rem
859 1319 1106 1361 splendidiorem
1136 1321 1258 1354 efficere
1288 1323 1469 1356 videbatur.

157 1370 451 1413 honssum-—honorem
475 1370 658 1412 displicebat
683 1372 733 1412 JO.
759 1371 942 1401 Schradero.
1033 1381 1106 1413 394.
1131 1370 1270 1414 latit-istm
1295 1382 1320 1404 et
1343 1376 1469 1412 Primo,

150 1430 209 1463 per
223 1421 252 1451 se
270 1431 334 1451 non
350 1421 446 1452 male.
482 1424 605 1463 ferentes
622 1422 909 1463 Zulich.—--395.
934 1424 975 1451 Et
989 1425 1075 1453 ‹lzfflis
1092 1424 1177 1454 Gud.
1197 1435 1214 1454 a
1227 1436 1269 1454 m.
1285 1436 1333 1466 pr.
1372 1428 1468 1456 Educ-

148 1478 192 1502 tus
208 1472 300 1502 Leid.
316 1479 391 1506 tert.
437 1473 470 1503 Si
484 1475 578 1503 dubias
595 1475 681 1504 Serv.
703 1474 743 1504 ad
761 1476 833 1504 AEn.
854 1475 913 1511 IX,
937 1473 998 1512 627
1016 1474 1048 1504 in
1065 1475 1137 1505 edd.
1156 1474 1354 1515 quibusdam.
1374 1479 1466 1521 stabit

149 1536 231 1554 cornu
246 1523 339 1554 Leid.
355 1523 446 1554 alter.
492 1527 531 1554 ad
542 1538 608 1554 aras
625 1525 696 1555 edd.
723 1524 879 1555 Macrobii
901 1527 964 1556 Sat.
981 1526 1039 1563 IV,
1056 1535 1084 1557 2.
1134 1527 1222 1557 δεῖν.
1248 1527 1289 1558 ad
1306 1529 1385 1558 AEn.
1404 1531 1466 1568 IX,

150 1574 214 1613 627
242 1574 275 1604 in
303 1574 598 1617 scripti5.—-—396.
621 1577 800 1617 torquebimus
828 1577 949 1607 lVlediC.
983 1577 1093 1609 Pierii,
1149 1579 1259 1609 veribus
1276 1581 1375 1611 Rom.

152 1634 229 1667 397.
250 1628 384 1655 curandus
400 1627 510 1658 Franc.
554 1629 610 1657 alte
624 1630 706 1659 Ven.

149 1685 211 1723 chi
229 1687 424 1736 expressum
443 1688 561 1725 adhuc
587 1688 625 1725 in
647 1703 774 1726 monu-

149 1738 280 1774 mentis
313 1738 547 1789 conspicitur.
603 1742 774 1778 Carmini-

150 1788 208 1826 bus
220 1796 356 1839 patriis.
378 1790 488 1828 Fuere
505 1791 596 1828 adeo
615 1792 775 1829 carmina

147 1841 298 1890 ,antiqua
317 1841 565 1879 Romanorum
584 1843 621 1879 in
640 1843 774 1881 Bacchi

150 1892 322 1930 honorem
338 1893 420 1930 cani
430 1893 549 1932 solita.
578 1895 662 1935 Alia
677 1896 775 1932 fuere

151 1942 393 1981 Fescennina:
422 1945 467 1981 de
496 1945 625 1994 quibus
652 1947 774 1996 paullo

150 2005 246 2033 ante.
274 1996 397 2038 lances,
423 2006 460 2033 et
485 1996 632 2046 quidem
661 1998 701 2035 in
729 1998 774 2035 iis

149 2045 305 2096 l1'ba(cf.
334 2047 413 2098 sup.
449 2048 495 2084 ad
513 2062 546 2084 v.
590 2050 702 2100 192),
722 2049 774 2086 fe-

151 2108 277 2136 runtur
300 2099 344 2135 ad
377 2112 464 2136 aras.
517 2116 615 2139 cornu
643 2103 775 2138 dzzcimr

112 2147 119 2153 ’
150 2149 298 2187 νὶἃίῑῃει
317 2150 389 2187 ritu
408 2152 601 2190 sacrorum.
657 2153 717 2189 Sic
736 2163 773 2190 et

137 2204 238 2252 stare
284 2202 432 2239 verbum
476 2202 643 2241 sollenne.
690 2205 774 2242 vide

151 2253 252 2291 Serv.
323 2253 493 2291 Vifflmae
526 2264 655 2305 partes,
696 2270 775 2306 quae

151 2317 226 2342 non
244 2304 281 2341 in
308 2318 367 2341 ara
391 2305 640 2351 adolebantur,
668 2305 774 2344 sacris

150 2356 267 2406 epulis
282 2356 534 2399 inserviebant,
562 2358 622 2395 hic
640 2373 674 2395 v.
701 2360 774 2410 396

150 2408 286 2445 rolurna
303 2425 414 2447 verua
431 2422 474 2445 ex
491 2411 637 2458 cory103
666 2424 774 2460 quam

153 2458 318 2496 arborem
349 2473 431 2497 cum
460 2459 593 2497 dilenu
613 2461 700 2511 poni
724 2462 774 2498 ai-

153 2519 217 2547 unt
248 2510 454 2561 interpretes
464 2525 507 2548 ex
527 2526 564 2550 v.
585 2525 657 2564 299
677 2514 775 2551 Neve

151 2568 240 2599 inter
250 2569 338 2599 vites
350 2564 493 2600 carulum
500 2565 589 2611 sere.

204 2626 402 2665 397—407
411 2643 419 2650 .
440 2615 559 2651 Restat
571 2614 660 2651 alius
672 2615 776 2653 labor

153 2663 192 2701 in
211 2678 294 2701 cura
311 2665 443 2702 vitium
471 2666 531 2714 (est
549 2665 658 2703 etiam
685 2667 775 2704 alter

154 2716 218 2752 ille
236 2716 336 2753 labor
353 2718 589 2754 curandarum
609 2717 772 2765 vitium),

151 2767 217 2818 qui
250 2781 444 2817 numquam
472 2768 609 2811 finitur,
646 2778 686 2806 ut
718 2769 774 2807 vi-

154 2831 256 2855 neam
276 2818 407 2856 iterum
437 2820 640 2869 iterumque
658 2821 773 2871 repas-

154 2870 245 2906 tines
264 2870 428 2918 (fodias),
455 2871 655 2922 pampineS,
683 2872 773 2910 vites

151 2921 337 2976 ablaquees
371 2936 411 2960 ac
438 2933 550 2976 putes.
600 2930 654 2962 cui
677 2939 772 2963 num-

840 1693 1035 1740 qzmmsatis
1051 1691 1163 1728 eth(
1190 1698 1205 1727 i
1220 1694 1304 1743 (pro
1317 1694 1467 1731 exhaus-

841 1741 965 1785 tionis,
1009 1742 1151 1790 δεῖν),
1191 1743 1228 1781 h.
1264 1746 1327 1795 qui
1360 1760 1467 1783 num-

841 1806 948 1842 quam
967 1793 1048 1830 satis
1062 1794 1284 1833 exhauritur.

915 1847 1001 1894 398.
1038 1861 1179 1898 memque
1213 1860 1278 1896 pro
1308 1849 1467 1898 vulgari,

842 1908 968 1946 nempe
985 1897 1097 1945 quod.
1152 1897 1214 1934 Ad
1248 1912 1323 1936 rem
1352 1901 1467 1937 Colu-

842 1948 941 1983 mell.
959 1947 1032 1990 IV,
1061 1961 1099 1997 4,
1132 1963 1144 1986 1
1176 1950 1340 1989 Numerus
1357 1964 1469 1989 autem

840 1999 1068 2048 ‘vertendisoli
1082 2001 1279 2046 bidentibus,
1293 2015 1330 2040 ut
1345 2019 1469 2042 <verunt

828 2052 970 2098 fatear,
996 2052 1191 2098 definiendus
1211 2069 1273 2090 non
1297 2057 1353 2104 cst,
1377 2071 1466 2098 cum,

842 2113 963 2151 qmmle
993 2101 1136 2140 crebrior
1147 2104 1212 2152 fit,
1234 2105 1312 2154 plus
1324 2108 1467 2157 prodr-st?

827 2153 996 2203 fffiwlem
1019 2162 1205 2192 conveniat.
1258 2156 1361 2194 Idem
1392 2157 1467 2202 IV,

846 2219 906 2253 14,
940 2218 952 2241 1
975 2205 1236 2258 crebrosftffiris
1254 2208 1395 2245 bidentes
1414 2222 1468 2246 re-

841 2255 965 2305 quirit.
994 2256 1044 2293 cf.
1064 2257 1184 2308 Geop.
1205 2259 1257 2303 V,
1287 2272 1348 2311 25.
1377 2259 1466 2298 Hoc

842 2307 954 2350 idern,
997 2318 1100 2358 puto,
1152 2310 1271 2348 innuit
1327 2311 1468 2351 Catull.

841 2358 935 2395 LXI
962 2359 1148 2410 (LXIV),
1178 2375 1224 2412 39
1245 2363 1320 2400 Non
1336 2362 1469 2402 hzmzilis

842 2417 957 2447 curwk
981 2422 1156 2463 purgatur
1186 2420 1293 2451 vinea
1338 2418 1467 2465 rcssris.

845 2475 931 2511 399.
967 2466 1071 2513 ‘vesss
1102 2465 1295 2503 bidentibus.
1351 2465 1466 2504 Vide-

843 2523 900 2549 tur
930 2513 1000 2551 hoc
1032 2515 1195 2566 ligonum
1223 2530 1336 2567 genus
1353 2518 1465 2555 altera

842 2575 942 2614 parte
976 2566 1066 2604 duos
1101 2568 1240 2611 dentes,
1267 2581 1312 2605 ex
1356 2569 1466 2606 altera

842 2615 1006 2654 latiorem
1033 2618 1147 2656 aciem
1180 2619 1226 2656 ad
1255 2619 1467 2658 incidendas

839 2667 977 2716 glebas,
1002 2668 1174 2714 habuisse,
1203 2679 1242 2707 ut
1285 2671 1374 2708 adeo
1408 2673 1466 2710 in-

840 2719 992 2756 verfioni
1038 2721 1189 2759 subinde
1229 2723 1328 2759 locus
1368 2723 1465 2761 css'et.

841 2769 984 2810 Durum
1014 2772 1110 2810 enim
1137 2774 1234 2815 esset,
1257 2779 1392 2823 vet-‘sum
1417 2775 1466 2812 bi-

839 2823 966 2859 dentem
1001 2823 1134 2866 dicere,
1162 2825 1238 2874 qui,
1267 2825 1354 2862 dum
1387 2827 1466 2876 jac-

841 2883 950 2918 tatur,
979 2887 1017 2911 m
1037 2885 1167 2913 terram
1195 2880 1359 2921 vertitur,
1387 2888 1464 2922 aut,

838 2924 903 2980 qui
929 2925 1134 2965 incurvatus
1158 2927 1213 2973 fit,
1241 2927 1359 2966 saltim
1381 2942 1465 2978 pro-

1385 2993 1465 3022 nus.
