1821 3381
321 304 876 364 -GEORGICON‚
942 302 1096 355 LIB.
1140 306 1184 355 1.

1314 309 1408 372 287

102 443 142 492 F
144 443 525 504 lammarumque
538 440 705 504 globos
723 439 1069 504 liquefadtaque
1081 440 1270 488 volvere
1285 440 1409 489 saxa!

98 533 360 580 Armorum
384 530 591 578 sonitum
614 542 717 577 toto
741 530 996 578 Germania
1018 532 1146 580 coelo

97 622 270 670 Audiit
285 645 298 676 ;
325 619 525 667 insolitis
550 632 842 669 tremuerunt
865 622 1074 669 motibus
1097 624 1264 689 Alpes.
1312 638 1373 687 47
1380 637 1405 690 5

39 768 42 772 Δ
96 714 208 762 Vox
230 729 419 776 quoque
441 728 527 775 per
550 712 679 761 lucos
701 711 845 774 volgo
869 713 1085 760 exaudita
1108 714 1286 764 filentis

97 803 302 866 Ingens;
329 815 376 850 et
401 803 647 850 fimulacra
671 802 826 850 modis
847 803 1074 865 pallentia
1097 805 1229 854 miris

100 889 210 937 Visa
232 889 317 936 sub
340 887 595 935 obscurum
616 889 763 936 noetis
780 913 794 945 ;
828 892 1122 956 pecudesque
1144 896 1354 959 loquutae
1370 919 1386 952 ;

98 976 387 1026 Infandum!
414 977 576 1023 fistunt
597 993 773 1034 amnes,
797 988 1028 1043 terraeque
1051 982 1328 1041 dehiscunt3

100 1071 164 1118 Et
187 1071 408 1118 maestum
429 1067 697 1116 inlacrimat
723 1071 917 1135 templis
953 1073 1084 1133 ebur,
1118 1091 1304 1141 aeraque
1332 1076 1410 1126 su-

231 1161 362 1208 dant.

1313 1171 1410 1228 480

100 1251 285 1300 Proluit
307 1249 468 1297 insano
491 1260 807 1313 contorquens
830 1251 1008 1300 vertice
1030 1254 1167 1304 filvas

141 1408 219 1440 474.
233 1401 342 1442 fimitus
357 1399 494 1441 Menag.
519 1399 579 1430 sec.
608 1398 709 1431 Goth.
734 1400 792 1431 sec.
818 1408 852 1433 et
878 1402 982 1435 Schol.
1001 1404 1150 1447 Juvenal.
1173 1405 1237 1438 Sat.
1255 1408 1316 1446 XI,
1332 1415 1406 1440 111.

88 1456 209 1496 finitum
231 1466 264 1483 ex

292 1459 343 1483 toto
365 1452 482 1482 Venet.
516 1453 610 1492 sonitu
633 1451 732 1483 Goth.
757 1463 968 1496 pr.——475.
993 1459 1141 1488 timuerunt
1156 1459 1280 1491 Moret.
1303 1470 1350 1502 pr.
1375 1467 1410 1492 et

100 1504 231 1536 Zulich.
278 1503 408 1533 montibus
435 1502 558 1533 Medic.
588 1513 605 1532 a
627 1511 672 1532 m.
698 1512 746 1543 pr.
768 1513 842 1534 cum
857 1504 938 1543 aliis,
958 1507 1056 1537 etiam
1072 1509 1237 1540 Romanus
1251 1521 1269 1541 a
1285 1520 1331 1541 m.
1348 1511 1411 1543 sec-

185 1554 258 1595 476.
283 1554 423 1597 qstaudita
439 1554 521 1594 Reg.
547 1564 598 1595 ap.
620 1553 752 1584 Martin.

842 1565 916 1598 479.
940 1569 1025 1587 omnes
1042 1558 1177 1601 Menag.
1194 1570 1243 1602 pr.

1331 1562 1407 1601 480.

97 1607 227 1637 lacrimat
244 1603 342 1635 Pierii
355 1602 693 1644 Oblongus.—-481.
707 1605 825 1635 Proruit
839 1606 943 1639 Schol.
959 1607 1082 1651 Cruqu.
1096 1610 1212 1643 Horat.
1225 1611 1334 1644 Carm.
1351 1614 1410 1652 IV,

98 1669 132 1697 4.
152 1657 217 1689 vid.
234 1657 346 1687 Burm.
391 1657 492 1686 vertice
507 1654 573 1686 alii.
594 1654 660 1686 vid.
677 1655 772 1687 eund.

98 1789 160 1827 Est
189 1804 268 1842 quae
291 1791 402 1840 vulgo
434 1790 543 1828 Lava
568 1792 723 1842 appella-

100 1852 183 1886 tur;
237 1842 288 1879 cf.
335 1842 420 1879 AEn.
456 1842 529 1886 III,
565 1846 654 1894 576,
687 1852 724 1881 et

98 1893 224 1931 Carm.
243 1893 365 1930 AEtna.

166 1959 255 1997 474.
301 1945 415 1982 Arma
453 1944 491 1982 in
526 1945 614 1982 caelo
648 1944 723 1982 visa

96 1996 189 2047 saepe
233 2006 374 2033 narrata
413 1996 514 2042 sunt;
563 2009 658 2034 nunc
701 2009 723 2033 a

99 2047 244 2086 Rheno.
315 2047 473 2085 Videtur
501 2047 536 2086 ei
563 2047 724 2098 supersti-

100 2099 194 2136 tioni
222 2115 349 2138 aurora
378 2099 517 2138 borealis
546 2099 723 2150 originem

95 2150 242 2189 dedisse.
297 2151 409 2200 Alpes
433 2150 522 2200 saepe
540 2151 724 2187 tremuisse

101 2201 237 2240 Plinius
267 2201 407 2240 notavit
439 2201 506 2238 lib.
553 2201 605 2244 ΙΙ,
641 2202 723 2239 [εᾶ-

102 2255 174 2297 823
219 2253 365 2298 mirum,
409 2253 479 2289 hoe
515 2252 724 2303 prodigium

101 2317 196 2341 nunc
217 2318 296 2342 raro
320 2304 477 2342 nuntiari
494 2317 503 2340 :
539 2303 663 2354 saepius
680 2305 726 2341 de

100 2355 317 2404 Apenninis.
382 2357 443 2393 An
473 2355 566 2392 forte
595 2365 727 2392 veteres

100 2407 234 2456 glaciei
256 2407 419 2457 perennis
445 2406 563 2443 ruinas
586 2415 622 2444 et
646 2420 726 2457 per-

102 2457 237 2495 cuffum
253 2459 338 2494 inde
352 2457 464 2494 solum
480 2466 515 2494 et
528 2462 646 2495 aerem
659 2472 726 2509 pro

100 2518 203 2546 terrae
227 2519 328 2547 motu
346 2508 524 2546 habuere?

153 2574 226 2612 477
236 2560 439 2610 .stmulc1cra
452 2559 582 2596 mirum
599 2558 635 2596 in
648 2573 726 2597 mo-

102 2610 191 2649 dum
207 2611 374 2661 pallentia
391 2624 412 2649 e
436 2611 581 2648 Lucret.
600 2611 633 2655 I,
656 2624 728 2661 124

102 2661 183 2699 sunt
199 2663 447 2701 defunetorum
469 2661 614 2699 umbrae.
629 2663 728 2700 conf.

104 2712 240 2752 Cerda.
308 2713 496 2751 Mentibus
538 2712 726 2751 hominum

104 2777 239 2815 magno
270 2764 492 2802 imminentis
512 2765 728 2802 calamitatis

104 2827 202 2854 metu
233 2817 396 2868 percuffis
424 2816 557 2867 speeira
588 2815 727 2865 objefia

106 2867 172 2906 esse
190 2867 230 2906 in
248 2867 339 2906 locis
355 2867 456 2913 solis,
482 2879 554 2906 non
572 2866 726 2908 insolens

784 1806 837 1830 res
853 1794 914 1832 est.
967 1793 1062 1832 Mox
1075 1799 1149 1848 478
1167 1797 1283 1837 intell.
1310 1800 1408 1840 boves

783 1845 928 1883 vocales.
1000 1846 1077 1884 vid.
1109 1849 1253 1888 Tibull.
1282 1851 1336 1897 II,
1369 1866 1411 1905 ς,

784 1900 847 1946 78.
886 1895 1112 1947 Tumfistzmt
1126 1916 1236 1939 amnes
1254 1901 1303 1944 se,
1321 1916 1410 1943 con-

784 1947 916 1986 fistunt.
982 1949 1045 1986 Ad
1070 1963 1143 1988 rem
1161 1952 1253 1989 refer
1271 1954 1410 1995 Horat.

784 1998 909 2037 Carm.
927 1998 961 2042 I,
991 2014 1028 2045 2,
1060 2015 1102 2050 13
1130 2002 1207 2053 sqq.
1264 2005 1412 2047 Vidimus

772 2051 913 2098 flavum
929 2049 973 2088 T.
987 2067 1002 2097 ‚·
1031 2051 1116 2091 inde
1133 2054 1308 2093 miraculo
1326 2071 1412 2096 auc-

786 2110 824 2137 to
842 2101 889 2137 ad
905 2101 1041 2140 fontem
1064 2116 1249 2144 recurrunt
1267 2121 1386 2147 amnes
1401 2127 1415 2157 ς

786 2153 899 2189 cauffa
917 2155 1054 2203 adjefia
1070 2157 1117 2194 cst
1134 2156 1173 2194 in
1189 2169 1290 2196 terrae
1307 2161 1413 2212 dehg'll.

786 2215 876 2248 cunt,
916 2205 991 2243 scil.
1021 2217 1120 2244 motu
1147 2221 1188 2245 ac
1206 2210 1311 2247 ruina
1326 2211 1410 2257 soli,

786 2267 858 2304 qua
887 2255 1052 2307 obseptus
1079 2259 1183 2296 fluvii
1212 2262 1332 2300 cursus
1349 2265 1412 2303 est.

787 2306 868 2344 ebur
900 2323 1050 2359 aeraque,
1106 2310 1187 2347 sunt
1224 2312 1322 2364 figna
1364 2329 1411 2354 ex

787 2356 896 2395 ebore
929 2368 965 2396 et
997 2361 1100 2407 aere3
1140 2375 1182 2399 ea
1209 2363 1416 2405 illacrimari

788 2409 1035 2456 credebantur,
1058 2412 1150 2450 forte
1179 2413 1268 2453 dum
1286 2417 1412 2468 tepido

788 2459 962 2499 sudabant
995 2463 1144 2501 humore
1175 2478 1238 2516 per
1272 2477 1412 2520 tempus

788 2511 953 2561 pluvium
969 2514 1136 2554 collefflo.
1192 2518 1299 2557 Adeo
1317 2520 1355 2557 in
1373 2532 1412 2558 re

788 2562 924 2615 alioqui
967 2564 1049 2602 satis
1091 2567 1200 2605 obvia
1241 2572 1413 2609 occaecati

790 2624 886 2652 metu
903 2615 1016 2653 animi
1033 2618 1270 2668 trepidabant.

854 2668 943 2716 481.
988 2667 1047 2706 De
1079 2679 1154 2706 arte
1183 2675 1302 2721 po'e‘tae
1332 2673 1410 2713 vid.

790 2716 922 2769 Scalig.
944 2717 1084 2758 Poe'tic.
1103 2720 1154 2764 V,
1187 2736 1246 2771 14,
1264 2736 1302 2773 p.
1323 2729 1411 2776 278.

790 2767 845 2805 Ut
874 2769 944 2815 ira,
981 2770 1111 2816 rabies,
1150 2772 1196 2809 fic
1227 2774 1343 2820 furor,
1375 2785 1413 2814 et

788 2823 920 2869 irgsania
937 2821 1088 2860 incitato
1111 2824 1253 2861 flumini
1280 2826 1411 2866 tribui·

789 2878 860 2913 tur.
914 2872 1054 2912 Locum
1084 2884 1167 2914 ante
1192 2878 1317 2917 oculos
1348 2879 1411 2916 ha-

1332 2928 1414 2969 buit
