1987 3361
419 262 1094 322 EDITIONIBUS.
1293 288 1418 323 xcrx

161 402 274 459 Apud
289 407 398 446 eund.
425 405 552 444 Maitt.
570 418 606 456 p.
637 417 711 456 749
730 412 766 441 et
780 402 864 441 Ind.
884 403 982 454 App.
1003 416 1040 454 p.
1063 404 1150 455 560.
1202 403 1300 442 Bibl.
1321 405 1420 441 Har-

108 463 168 504 lei.
189 467 238 504 T.
262 466 296 509 Ι,
321 480 357 517 p.
379 467 464 518 176,
492 464 558 501 ubi
584 472 620 500 et
637 464 724 500 alias
741 463 768 500 s.
788 475 820 499 a.
838 471 874 499 et
890 462 918 499 1.
936 462 1131 499 memorari
1148 462 1326 508 videmus,
1339 476 1418 513 quae

109 526 230 575 quales
248 525 328 568 fint,
347 538 391 561 ex
408 524 489 574 ipfis
506 522 611 559 libris
628 519 792 572 inspeetis
808 520 1114 571 pronuntiandum
1133 521 1216 564 erit,
1243 531 1279 559 et
1293 523 1420 559 viden-

108 584 212 627 dum,
239 596 285 621 an
310 583 441 621 folium
467 580 660 625 exciderit,
686 593 759 630 quo
776 592 888 617 annus
911 589 946 616 et
964 581 1209 630 typographus
1225 589 1327 618 erant
1346 593 1420 617 me·

109 642 255 680 morati.
310 643 397 680 Alia
415 655 473 692 ap.
492 641 539 678 de
556 640 649 677 Bure
676 638 795 677 Catal.
814 641 853 676 de
869 638 908 677 la
933 638 1089 678 Biblioth.
1116 642 1161 677 du
1178 641 1258 679 Duc
1271 643 1311 678 de
1326 640 1424 677 Val-

109 701 197 739 liere
215 701 256 739 P.
276 701 311 748 I,
330 703 379 740 T.
398 701 451 746 ΙΙ,
469 704 531 752 85.
577 699 675 736 Aliae
691 698 944 749 comparandae
960 697 1041 735 sunt
1058 699 1154 748 apud
1166 699 1281 736 Denis
1297 699 1424 750 Suppl.

109 759 238 808 Maittf
268 775 306 812 p.
340 763 429 810 691.
464 772 503 797 n.
538 758 807 810 6154—6158.
861 757 922 794 Est
949 757 1057 794 etiam
1091 772 1176 803 una,
1205 773 1313 810 quam
1340 769 1424 796 ante

114 824 227 870 1480.
253 820 348 858 forte
376 818 541 856 Venetiis
567 831 632 870 per
659 818 797 855 Leman
823 816 869 853 de
897 816 1002 868 Spira
1025 818 1220 868 expressam
1246 819 1426 869 conjectat

110 878 285 917 Gemeiner
298 882 334 916 in
357 879 573 931 Regetgslturg.
627 875 946 914 Stadtbibliothec.
966 890 1001 926 p.
1021 877 1044 914 6
1047 890 1084 928 5.

160 938 208 974 Ρ.
230 938 272 976 V.
289 938 346 976 M.
365 939 480 988 Opera
495 948 527 975 et
545 936 711 987 Opuscula
726 950 797 974 cum
814 937 982 986 Priapeiis
997 949 1010 972 .·
1021 939 1060 986 s.
1079 951 1114 974 a.
1132 946 1163 973 et
1180 934 1206 975 l.
1226 951 1296 974 cum
1297 938 1426 989 figm-

106 1002 190 1033 turis
205 1007 335 1035 tantum
1359 996 1428 1035 fol.

160 1053 261 1093 Ibid.
296 1070 334 1108 p.
368 1056 443 1108 766
459 1063 494 1093 et
509 1054 548 1093 in
564 1052 702 1090 Indicis
721 1052 820 1104 App.
847 1066 884 1104 p.
915 1055 1003 1106 560.
1056 1054 1141 1093 add.
1174 1053 1304 1092 Harles
1321 1055 1424 1095 brev.

109 1112 271 1153 Notitia.
288 1130 325 1167 p.
345 1131 364 1155 2
371 1129 390 1165 3
396 1129 432 1168 5.
487 1114 548 1152 Est
567 1114 660 1151 forte
678 1112 957 1152 Mediolanenfis
979 1117 1090 1164 1481.

161 1174 330 1214 Veterem
344 1176 575 1226 Londinergfi‘m
591 1172 792 1211 editionem
818 1173 1002 1211 Martinus
1018 1174 1210 1224 aliquoties
1227 1186 1424 1214 memorat:

110 1235 204 1275 forte
222 1237 377 1288 respexit
392 1235 546 1274 Bucolica
552 1238 588 1284 s.
607 1249 642 1271 a.
651 1244 715 1284 per
730 1233 828 1272 Rich.
848 1235 1047 1286 Pyrqsonum,
1075 1235 1140 1285 qui
1158 1234 1254 1272 intra
1273 1249 1367 1286 1493
1389 1245 1427 1274 et

113 1301 209 1348 15²8
242 1296 520 1347 typographiam
550 1295 696 1332 Lendini
716 1293 889 1332 exercuit.
924 1326 927 1331 ff
943 1294 1112 1332 Titulum
1143 1293 1232 1332 libri
1257 1309 1293 1334 v.
1328 1296 1426 1347 apud

109 1356 294 1394 Amefium
313 1356 386 1394 Old
396 1354 536 1406 Englgfh
551 1357 704 1392 Printers
720 1365 757 1402 p.
783 1366 795 1390 1
806 1365 867 1401 30.

162 1516 221 1555 Ex
236 1526 338 1555 tanto
353 1517 558 1555 editionum
577 1515 706 1553 saeculo
730 1513 809 1551 XV
828 1514 1055 1564 vulgatarum
1075 1526 1226 1551 nurnero
1241 1522 1344 1551 antea
1360 1513 1426 1552 vix

111 1587 182 1616 tres
214 1587 275 1615 aut
303 1589 472 1628 quatuor,
497 1589 592 1613 nunc
621 1575 805 1625 aliquanto
832 1573 964 1624 plures,
993 1587 1012 1610 a
1043 1574 1129 1611 vitis
1156 1572 1272 1610 doftis
1300 1573 1428 1611 critica

112 1651 196 1675 curn
210 1650 296 1675 cura
308 1647 344 1675 et
362 1636 560 1674 subtilitate
573 1635 721 1673 excuffae
734 1634 838 1679 sunt3
867 1634 962 1671 unde
979 1634 1034 1678 fit,
1062 1643 1101 1670 ut
1120 1646 1185 1670 nec
1203 1633 1285 1670 satis
1302 1634 1428 1684 explo-

112 1708 228 1735 ratum
248 1698 304 1741 fit,
333 1697 423 1747 quid
447 1709 492 1733 ex
509 1694 693 1732 nonnullis
707 1707 828 1731 earum
847 1693 1014 1730 utilitatis
1033 1703 1068 1730 et
1088 1693 1220 1730 fructus
1234 1693 1280 1729 ad
1298 1693 1427 1743 Virgi-

112 1757 202 1795 lium
220 1757 479 1808 expeRandum
501 1756 558 1800 fit,
577 1768 640 1791 nec
657 1764 821 1790 accurate
840 1753 985 1790 definiri
1005 1753 1120 1802 poflit,
1140 1766 1304 1802 quaenam
1318 1765 1362 1788 ex
1382 1752 1428 1791 iis

112 1816 207 1854 inter
221 1817 402 1868 principes
418 1826 454 1854 et
470 1830 515 1853 ex
532 1813 746 1853 membranis
765 1812 959 1862 descriptas
978 1812 1148 1849 habendae
1167 1812 1247 1856 sint,
1275 1822 1335 1848 aut
1348 1825 1428 1862 quae

113 1876 329 1927 reliquarum
355 1876 511 1914 familias
529 1874 714 1912 duxerint.
769 1872 843 1910 Etfi
865 1873 1053 1909 fatendum
1081 1873 1143 1915 est,
1171 1872 1196 1908 fi
1215 1871 1362 1921 quidem
1381 1885 1428 1909 ex

112 1935 156 1973 iis
175 1936 260 1973 licet
269 1936 450 1986 judicare,
478 1948 564 1986 quas
582 1934 655 1985 ipse
672 1933 830 1983 inspexi,
858 1943 897 1969 ut
914 1945 1008 1969 nunc
1028 1930 1198 1968 habemus
1222 1930 1428 1981 Virgilium

112 1996 157 2033 ad
177 1996 287 2035 codd.
323 1996 570 2040 constitutum,
597 2007 722 2046 parum
740 2003 801 2030 aut
820 1992 911 2030 nihil
928 1992 1030 2029 bonae
1056 1990 1170 2042 frugis
1186 1989 1272 2027 inde
1290 1991 1335 2027 ad
1362 2005 1429 2030 nos

113 2058 311 2096 rediturum
326 2059 412 2102 effe3
441 2071 522 2108 quae
539 2056 616 2108 ipsa
630 2068 681 2093 res
697 2054 882 2092 revocavit
900 2066 972 2098 me,
992 2066 1065 2103 quo
1084 2052 1202 2089 minus
1214 2052 1252 2088 in
1272 2051 1331 2095 iis,
1348 2066 1429 2102 quae

113 2118 159 2155 ad
188 2131 334 2155 manum
361 2126 479 2162 erant,
506 2115 732 2155 excutiendis
758 2115 859 2151 essem
887 2113 997 2151 nimis
1026 2112 1181 2149 sedulus.
1237 2111 1428 2163 Qantum

113 2188 233 2215 tamen
251 2177 369 2215 adhuc
385 2177 572 2215 curatione
590 2188 697 2228 opera
715 2188 756 2212 ac
781 2173 897 2212 studio
912 2171 1110 2224 perspicere
1128 2170 1248 2221 potui,
1267 2183 1287 2206 a
1306 2169 1428 2207 Vene-

113 2236 159 2275 tis
177 2251 260 2276 cum
278 2236 394 2275 Servii
409 2235 668 2275 commentario
693 2234 846 2272 exaratis
864 2234 985 2285 primo
1000 2231 1210 2283 Virgiliana
1231 2229 1337 2267 lefflo
1356 2230 1430 2267 fuit

115 2299 320 2343 constituta,
347 2308 388 2336 ut
417 2308 481 2349 per
509 2298 626 2349 plures
643 2295 821 2334 editiones
839 2294 1121 2331 continuaretur.
1178 2291 1277 2328 Nam
1296 2303 1429 2327 conve-

115 2356 222 2394 niunt
252 2357 326 2395 fere
357 2357 453 2395 inter
477 2357 511 2395 se
541 2357 587 2394 ad
614 2355 762 2393 eandem
786 2352 978 2390 lectionem
993 2349 1258 2401 propagandam
1278 2347 1430 2386 Venetae

115 2429 199 2454 cum
228 2417 343 2455 Servii
362 2425 440 2455 tum
467 2431 550 2455 cum
569 2413 729 2453 Landini
747 2412 973 2461 aliorumque
997 2408 1282 2447 Commentariis
1302 2408 1428 2458 vulga-

115 2485 174 2515 tae.
226 2476 323 2514 Cum
343 2475 470 2514 iisdem
486 2474 685 2515 consentite
703 2473 787 2511 visae
802 2473 882 2510 sunt
898 2471 984 2510 edd.
1016 2468 1290 2519 Kobergeriana
1314 2480 1428 2517 1492,

115 2536 323 2587 Argentina
352 2549 465 2588 1502,
492 2546 641 2586 utraque
669 2534 762 2572 inter
789 2532 956 2571 meliores
983 2529 1180 2568 referenda.
1234 2526 1431 2565 Daventri-

115 2596 213 2636 enses
228 2607 264 2635 et
280 2596 484 2635 Parifienses
497 2596 537 2634 in
553 2594 754 2634 scholarum
771 2592 873 2630 usum
889 2600 1021 2643 paratae
1036 2589 1101 2627 esse
1119 2587 1296 2624 videntur.
1325 2585 1429 2623 Prio-

116 2669 193 2696 rem
218 2657 422 2694 Romanam
453 2669 498 2695 ex
523 2669 648 2708 parum
677 2652 870 2692 emendato
885 2649 1013 2689 codice
1031 2647 1226 2700 profe-&am
1245 2647 1310 2684 effe
1324 2645 1432 2695 supra

117 2716 298 2763 vidimus;
325 2718 474 2756 alteram
491 2717 716 2755 emendatam
733 2726 778 2752 ex
792 2711 935 2750 Codice
954 2707 1161 2760 Pomponii,
1182 2705 1261 2757 qui,
1289 2715 1327 2742 ut
1345 2717 1432 2755 pro-

116 2777 237 2823 babile
254 2778 309 2823 fit,
325 2777 422 2816 idem
436 2787 511 2815 erat
528 2790 612 2814 cum
629 2775 805 2824 Oblongo
824 2770 949 2809 Pierii.
1003 2768 1093 2806 Inde
1107 2781 1184 2817 quae
1203 2779 1285 2804 cum
1301 2764 1430 2802 Servio

115 2838 299 2890 prodiere,
332 2837 410 2875 fieri
447 2850 520 2876 non
553 2833 672 2887 potuit
707 2833 798 2884 quin
841 2844 887 2869 ex
917 2830 985 2868 hoc
1021 2827 1098 2879 ipso
1133 2825 1433 2864 constituerentur

730 2906 756 2945 g
784 2906 806 2932 2
1369 2890 1434 2921 aut
