1821 3381
365 361 462 410 354
543 333 1037 392 P.V1RG1L11
1105 331 1514 383 MARONis

368 482 416 527 Si
443 496 536 527 non
562 488 690 524 tanta
706 475 838 538 quies
862 473 948 519 iret
973 469 1211 534 frigusque
1234 471 1537 532 caloremque

370 573 515 626 Inter,
549 580 594 614 et
617 566 858 628 exciperet
873 564 986 610 coeli
1011 561 1305 624 indulgentia
1329 574 1488 608 terras.

1586 573 1677 623 345

434 654 580 719 Qod
625 651 844 714 superest,
901 663 1220 711 quaecumque
1255 662 1442 710 premes
1478 645 1685 710 virgulta

565 762 651 809 per
670 760 827 808 agrOS,

373 843 552 904 Sparge
577 840 694 886 fimo
716 832 902 898 pingui,
918 842 964 878 et
985 830 1135 877 multa
1158 847 1344 877 memor
1360 831 1525 879 occule
1541 843 1661 877 terra
1673 851 1687 885 ;

376 930 475 976 Aut
529 926 740 989 lapidem
788 921 1027 977 bibulum,

569 1016 772 1065 conchas
787 1033 797 1061 :

1095 932 1177 967 aut
1228 919 1483 983 squalentis
1527 918 1691 967 infode

424 1166 497 1196 344.
527 1154 667 1196 Cumjam
683 1157 761 1181 tanta
778 1150 862 1181 Ven.
907 1160 958 1190 que
981 1147 1051 1191 post
1075 1149 1188 1179 calorem
1213 1147 1367 1179 omittunt
1384 1146 1526 1190 plurimi.
1570 1148 1696 1180 Philar-

379 1208 488 1250 gyrius
498 1205 636 1248 primam
653 1202 827 1234 lestionem
842 1199 932 1231 fuiffe
948 1199 992 1230 ait
1003 1201 1135 1241 calorque.
1184 1198 1313 1229 Scilicet
1329 1200 1516 1231 metuebant
1534 1200 1610 1231 boni
1633 1200 1696 1231 viti

380 1259 488 1290 versus
500 1255 666 1288 mensurae.
705 1256 776 1284 inter
788 1260 819 1283 et
835 1254 888 1282 iret
902 1251 1091 1293 permutatis
1105 1249 1228 1281 sedibus
1243 1249 1337 1281 habet
1353 1251 1429 1281 edit.
1448 1251 1595 1282 Norimb.
1613 1251 1700 1293 apud

381 1311 578 1342 L‘Iartinum.

383 1363 496 1399 ciebat,
516 1363 649 1402 exciperet
673 1358 730 1387 caeli
754 1357 919 1397 indulgentia

668 1314 741 1345 345.
768 1305 982 1341 Burmannus,
1002 1302 1080 1333 dum
1104 1302 1137 1332 in
1163 1301 1219 1332 usu
1241 1303 1277 1331 «τέ
1291 1304 1411 1343 excipere
1426 1301 1579 1340 haerebat,
1599 1302 1700 1344 conji-

944 1361 1048 1392 vmztos,
1073 1361 1139 1391 aut,
1160 1354 1302 1394 adspiceret
1328 1355 1385 1382 caeli
1410 1355 1573 1395 indulgentia
1598 1361 1701 1386 terras.

384 1416 446 1447 Sed
461 1413 526 1444 vid.
545 1413 656 1443 Notas.
704 1410 797 1439 Unus
814 1407 919 1438 Mead.
937 1407 989 1436 lm
1000 1413 1114 1448 pareret
1128 1404 1224 1435 habet
1241 1415 1299 1446 pro
1322 1407 1474 1446 exciperet:
1508 1406 1593 1437 unde
1607 1405 1712 1438 facile'

384 1465 508 1508 aliquid
523 1461 671 1494 extricari
686 1458 796 1502 poffit3
819 1457 873 1489 sed
888 1457 931 1488 est
947 1456 985 1487 ab
1002 1458 1110 1500 inepta
1125 1466 1233 1486 manu.
1278 1458 1428 1498 exciperent
1437 1457 1533 1487 Rom.

387 1519 500 1550 cochleas
517 1517 599 1557 Reg.
616 1524 634 1544 a
649 1523 693 1543 m.
709 1511 783 1548 sec.‚
805 1520 821 1540 e
850 1507 961 1551 glossa.

387 1578 574 1636 temperie,
617 1580 802 1619 moderata
841 1578 935 1615 inter
969 1591 1014 1613 ae-

388 1641 478 1677 stum
500 1645 536 1672 et
554 1633 679 1684 frigus.
732 1637 795 1668 iret
822 1643 888 1681 pro
917 1629 1014 1673 effet,

387 1688 532 1740 vulgari
563 1685 685 1723 verbo.
746 1681 866 1719 Petita
897 1690 1017 1718 autem

388 1744 464 1780 liaec
482 1754 502 1777 e
520 1735 680 1775 Lucretii
698 1747 790 1786 penu
818 1734 869 1778 V,
905 1745 1016 1780 1213,

390 1795 456 1832 ubi
474 1792 550 1829 vid.
570 1789 697 1826 Faber.
761 1799 848 1838 345.
877 1785 939 1821 Ad
958 1797 1020 1820 ver

391 1845 485 1883 illud
496 1841 595 1880 orbis
607 1850 782 1877 terrarum
798 1838 954 1888 primum
967 1849 1019 1872 re-

392 1898 516 1935 ferunt
535 1893 615 1937 alii,
641 1901 681 1928 ut
695 1891 831 1941 poffint,
860 1896 935 1933 iret,
960 1903 1018 1924 ex-

391 1956 525 2000 efferet,
551 1945 631 1982 sunt
645 1956 711 1994 pro
723 1944 908 1994 potuifflnt,
939 1942 1022 1989 ivg's-

377 2005 451 2051 set,
495 1998 674 2046 excepjffet.
745 1993 923 2044 Exripiunt
954 1993 1024 2039 ss}

394 2057 537 2090 ine-icem
557 2061 622 2091 res,
636 2058 715 2096 quae
727 2046 794 2083 sibi
805 2044 1021 2082 succedunt:

395 2115 475 2140 turn
503 2101 612 2140 etiam
643 2111 712 2140 res3
739 2096 855 2140 casus,
884 2094 947 2145 qui
966 2107 1026 2130 ex-

397 2156 521 2199 istunt,
533 2159 720 2201 emergunt
736 2160 798 2186 aut
816 2147 1027 2190 succedunt,

396 2213 542 2256 excip8re
560 2221 612 2241 ηας
626 2202 814 2243 uie-untur,
832 2209 871 2236 ut
889 2199 927 2235 in
947 2198 1025 2254 illo:

397 2258 500 2298 aliud
519 2255 639 2294 bellum
655 2270 727 2293 eum
741 2257 876 2303 ext-spis.
907 2251 963 2307 lta
977 2261 1028 2285 vr-

399 2312 505 2349 detur
520 2308 558 2345 h.
583 2309 610 2346 1.
626 2305 780 2343 dicium.
813 2303 963 2352 Alioqui
983 2312 1026 2337 ex

399 2376 460 2404 eo,
487 2360 587 2409 quod
605 2364 762 2407 exciprre,
787 2354 945 2403 benigne
964 2352 1028 2389 ali-

400 2425 508 2464 quem
523 2412 686 2453 tradate,
699 2410 836 2451 fovere,
854 2405 1030 2454 designat,

403 2465 557 2515 petitum
589 2461 707 2498 videri
738 2458 855 2510 possst,
892 2468 931 2492 ut
949 2456 1031 2492 Cae-

404 2518 480 2554 lum
498 2514 665 2564 excipere
691 2513 837 2551 dicatur
865 2508 1029 2545 Terram.

405 2567 479 2604 Sed
513 2566 584 2602 hoc
619 2565 797 2614 argutius,
833 2573 941 2610 quam
969 2571 1033 2610 par

405 2620 468 2663 est,
496 2617 635 2654 diflum
665 2617 762 2654 effet.
828 2611 1033 2663 ἰηιίῖιζξᾱηῑίτι

405 2668 591 2722 pulchrius
643 2681 753 2718 quam
806 2662 1033 2713 temperatio,

405 2721 613 2759 elementia.
668 2719 821 2757 Gratius
850 2727 921 2765 295
942 2715 1035 2751 Dum

405 2775 519 2822 tepida
550 2770 699 2822 indulget
733 2774 830 2808 terris
869 2766 1036 2803 clementia

408 2824 536 2862 mundi.

466 2877 552 2926 346.
579 2873 693 2911 Nune
712 2874 756 2911 de
774 2883 860 2910 cura
880 2869 1038 2907 surculo-

413 2939 492 2965 tum
528 2926 736 2977 positorum.
815 2923 881 2962 Cf.
915 2920 1038 2959 Theo-

1625 1457 1702 1496 348.

1077 1576 1207 1627 phrast.
1245 1576 1366 1614 Cauff.
1396 1576 1513 1616 Plant.
1529 1576 1604 1622 III,
1627 1591 1647 1630 ς
1667 1585 1706 1616 et

1079 1642 1117 1678 7.
1155 1628 1305 1666 Colum.
1323 1627 1398 1672 III,
1431 1643 1488 1680 ις.
1533 1628 1704 1681 Geopon.

1080 1680 1133 1723 V,
1167 1695 1206 1731 9,
1231 1694 1293 1717 21.
1347 1681 1517 1732 virgulta,
1553 1682 1706 1720 sarmen-

1081 1741 1118 1768 ta
1146 1732 1327 1783 intelligo,
1370 1732 1428 1769 seu
1461 1732 1619 1771 surculos
1651 1733 1706 1770 vi-

1081 1783 1174 1820 tium
1192 1783 1346 1834 cujusvis
1363 1784 1518 1834 generis,
1536 1785 1606 1822 five
1621 1785 1710 1822 mal-

1082 1836 1208 1880 leolos,
1251 1836 1319 1872 sive
1370 1835 1597 1881 viviradices,
1639 1836 1711 1873 five

1084 1887 1311 1938 propagines.
1364 1886 1545 1924 Martinus
1571 1896 1709 1926 tantum

1086 1939 1131 1975 ad
1151 1938 1365 1990 propagines
1384 1939 1510 1977 referri
1528 1940 1622 1989 poffe
1647 1955 1712 1991 pu-

1086 1990 1201 2034 tabat,
1235 1990 1321 2040 quia
1342 2001 1468 2040 premes
1498 2002 1715 2041 apponatur,

1090 2042 1186 2091 quod
1206 2042 1348 2092 proprie
1367 2043 1412 2079 de
1430 2042 1474 2079 iis
1500 2044 1578 2080 dici
1595 2044 1710 2093 poffit.

1091 2093 1287 2131 Enimvero
1325 2104 1471 2144 premere
1517 2099 1625 2145 poeta
1669 2095 1715 2132 de

1092 2145 1194 2182 omni
1221 2145 1441 2196 plantatione
1474 2147 1566 2182 reste
1595 2146 1718 2184 dicere

1093 2198 1217 2247 potest,
1245 2211 1327 2233 curn
1358 2196 1518 2234 surculus
1535 2197 1574 2234 in
1593 2197 1717 2235 scrobe

1093 2249 1255 2298 ponitur,
1297 2248 1482 2298 defigitur,
1522 2249 1717 2287 infoditur.

1094 2301 1193 2336 Tum
1214 2300 1416 2337 Columella
1435 2300 1508 2344 ΠΙ,
1528 2315 1589 2353 15,
1600 2315 1640 2350 4,
1654 2300 1720 2338 ubi

1092 2352 1196 2389 hosce
1213 2351 1328 2389 versus
1347 2352 1485 2395 recitat,
1511 2353 1557 2390 de
1571 2353 1720 2390 transfe-

1095 2403 1212 2441 rendis
1255 2403 1301 2440 de
1351 2403 1543 2441 seminario
1589 2404 1721 2441 vitium

1095 2455 1241 2506 plantis,
1268 2468 1339 2492 non
1366 2455 1412 2491 de
1437 2455 1633 2506 propagine
1660 2465 1723 2492 aut

1095 2507 1243 2544 traduce
1278 2507 1452 2556 loquitur.
1526 2507 1637 2545 Porro
1661 2518 1726 2558 per

1096 2575 1192 2610 agros
1210 2560 1256 2596 est
1268 2559 1313 2595 de
1323 2558 1436 2595 vineis
1448 2558 1698 2609 accipiendum
1711 2573 1724 2603 ς

1098 2611 1196 2659 quod
1207 2610 1376 2647 sermonis
1390 2610 1529 2659 poetici
1542 2610 1635 2648 ratio
1646 2610 1724 2647 sua-

1099 2662 1222 2705 debat,
1249 2672 1288 2698 ut
1311 2662 1472 2711 vulgares
1489 2662 1616 2700 modos
1632 2661 1726 2699 vita-

1100 2723 1177 2758 ret3
1221 2722 1299 2750 tum
1317 2720 1442 2763 serere,
1467 2716 1614 2762 semina,
1628 2716 1725 2766 sege-

1099 2775 1178 2809 tem,
1184 2765 1258 2814 jam
1271 2765 1360 2814 saepe
1371 2765 1417 2800 de
1429 2764 1544 2802 vineis
1553 2763 1726 2802 vidimus.

1157 2818 1244 2866 348.
1271 2816 1362 2853 Vid.
1394 2816 1542 2854 Coum.
1570 2816 1596 2854 l.
1629 2816 1657 2854 l.
1691 2826 1730 2853 et

1097 2869 1174 2918 jam
1209 2868 1396 2905 laudatos:
1489 2868 1645 2919 heephr.
1681 2868 1730 2905 de

1103 2921 1223 2959 Cauff.
1237 2919 1353 2960 Plant.
1371 2919 1444 2966 111,
1471 2931 1493 2972 5
1507 2928 1544 2959 et
1555 2932 1595 2973 7,
1620 2932 1729 2971 quern

1205 2984 1227 3022 3
1645 2969 1730 3008 ⁸fine
