1821 3381
327 270 842 339 BUCOLICA,
908 281 1097 330 ECL.
1154 283 1265 333 VII.
1340 301 1429 349 127

120 412 233 462 Huc
254 414 390 472 mihi,
411 416 529 462 dum
549 428 728 463 teneras
746 415 950 463 defendo
972 433 996 463 a
1016 416 1187 480 frigore
1208 432 1402 480 myrtos,

122 507 208 555 Vir
250 510 408 572 gregis
455 508 553 573 ipse
602 525 743 572 caper
786 508 1078 558 deerraverat
1099 535 1110 565 ;
1158 524 1299 575 atque
1344 530 1435 576 ego

252 601 485 664 Daphnin

117 691 374 756 Adspicio;
400 693 480 739 ille
498 693 582 739 ubi
607 708 684 739 me
706 705 871 740 contra
892 693 1049 742 videt:
1075 694 1239 753 Ocius,
1264 697 1435 761 inquit,

162 851 193 883 6.
220 851 287 883 IIuc
302 854 370 884 mihi
383 853 545 884 revocavit
563 853 687 891 Burm.‚
709 853 794 885 utin
812 852 937 886 Medic.
954 860 987 887 et
1014 855 1084 887 aliis
1109 857 1248 899 antiquis
1271 858 1371 897 libris,
1395 860 1432 892 it.

117 903 220 934 Goth.
235 903 293 934 sec.
312 915 329 934 a
345 914 389 934 m.
404 914 454 946 pr.
500 904 560 935 Hic
580 906 649 935 mihi
669 913 736 936 erat
759 905 791 936 in
813 906 890 938 Ald.
917 917 966 948 pr.
985 914 1016 938 et
1039 904 1112 938 hinc
1137 909 1309 951 descriptis
1343 911 1402 942 Huc
1417 924 1436 942 a

118 954 284 996 Naugerio
299 963 486 997 receptum3
509 956 597 997 quod
612 956 730 987 iterum
748 957 887 998 ejecstum
904 957 937 988 in
962 957 1206 990 Pulmannianis
1221 968 1251 991 et
1274 961 1341 992 aliis
1360 962 1436 993 hine

119 1013 177 1047 per
193 1006 341 1047 Belgium
353 1007 468 1037 (inistis.
512 1008 745 1049 Interpretatur
758 1016 867 1038 tamen
888 1009 948 1039 Hic
960 1009 1096 1040 Servius.
1139 1017 1240 1040 teneros
1256 1011 1343 1042 Voss.
1358 1026 1435 1054 myr-

118 1063 161 1086 tus
174 1057 262 1087 Gud.
286 1057 325 1088 cf.
343 1058 421 1088 Not.
468 1058 552 1088 Cum
558 1060 672 1099 frigus,
693 1059 780 1099 quod
800 1067 923 1100 myrtos
938 1068 1059 1097 exurat,
1083 1070 1140 1102 per
1150 1061 1295 1093 aestivum
1310 1070 1437 1106 tempu»

113 1115 231 1150 parum
250 1108 330 1139 bene
347 1116 562 1140 memoratum
578 1109 742 1140 videretur
759 1120 766 1140 :
792 1109 916 1142 Voffius
938 1111 1044 1142 deleto
1065 1125 1083 1142 a
1105 1112 1304 1154 explicabat:
1328 1118 1436 1158 defindo

115 1166 218 1201 myrtos
222 1161 338 1202 frigore
361 1159 392 1190 h.
411 1160 535 1199 umbra,
557 1171 597 1192 ne
613 1161 689 1192 aestu
706 1172 890 1193 exurantur.
938 1163 1048 1194 Burni.
1067 1164 1150 1205 conj.
1178 1165 1238 1195 Hic
1252 1177 1297 1207 ego
1317 1169 1379 1198 dum
1395 1176 1436 1198 te-

115 1224 193 1242 neros
207 1212 346 1254 dafindoa
361 1214 476 1254 frigore
489 1215 581 1254 fitus,
606 1221 641 1244 ut
657 1214 767 1245 hoedos
792 1214 966 1256 intelligat,
990 1226 1069 1257 quos
1094 1215 1127 1246 in
1148 1216 1255 1257 aprico
1280 1217 1350 1250 loco
1376 1231 1436 1261 po-

115 1262 224 1295 suerit.
269 1265 316 1294 Ita
341 1274 418 1295 vero
443 1264 555 1295 eadem
581 1264 749 1297 difficultas
775 1274 896 1304 manet,
919 1267 1002 1298 unde
1020 1276 1148 1298 tantum
1165 1268 1267 1311 frigus
1282 1281 1338 1312 per
1354 1272 1435 1302 aesti-

116 1323 196 1345 vum
217 1314 358 1346 calorem
383 1314 502 1347 veniat.
548 1316 617 1347 Nec
639 1316 733 1348 aliter
755 1316 786 1349 se
808 1328 858 1349 res
881 1318 988 1356 habet,
1010 1318 1032 1350 fi
1054 1330 1127 1350 cum
1152 1319 1215 1350 alio
1245 1321 1315 1352 viro
1338 1323 1435 1354 doeio

114 1373 218 1398 matres
241 1365 420 1398 substituas.
468 1369 522 1410 J0.
545 1367 736 1400 Schraderus
760 1369 845 1400 inter
860 1369 921 1401 alia
937 1370 1100 1401 tentabat:
1125 1373 1232 1413 defendo
1255 1374 1378 1414 asstare,
1399 1374 1433 1404 ᾖ,

113 1417 189 1450 sole.
235 1418 332 1449 Nunc
347 1417 412 1452 vid.
426 1418 625 1459 Not.—--7.
650 1426 681 1450 at
695 1433 741 1462 ego
756 1420 849 1451 Leid.
895 1428 976 1463 astque
1000 1424 1134 1464 Daphnin
1147 1423 1240 1455 alter.
1286 1426 1433 1467 Daphnim

113 1468 208 1501 multi
223 1468 336 1500 Heius.
353 1479 384 1500 v.
409 1469 451 1501 ad
475 1471 516 1509 11,
531 1469 704 1504 26.--8.
727 1473 782 1514 isse
797 1471 925 1504 Zulich.
969 1473 1015 1504 ubi
1038 1481 1131 1505 contra
1155 1475 1248 1506 Leid.

114 1621 375 1661 difficillimum
393 1621 453 1660 est.
481 1620 628 1662 Nemes.
660 1620 742 1660 Ecl.

111 1672 167 1719 II,
201 1676 246 1714 16
263 1673 358 1712 ambo
373 1689 452 1711 aevo
464 1683 624 1725 cantuque
628 1684 745 1724 pares·

75 1749 83 1754 -
114 1725 259 1763 Similes
273 1725 364 1762 adeo
379 1725 423 1769 ii,
449 1725 513 1784 qui
544 1738 640 1762 nunc
667 1726 743 1762 Ita-

112 1777 158 1815 lis
168 1778 423 1828 Improvfiztori
429 1777 612 1815 d1cuntur.
629 1777 741 1829 Qod

111 1841 199 1867 vero
245 1829 394 1866 Arcades
431 1828 540 1865 ambo
576 1828 671 1871 sunt,
701 1828 741 1865 id

111 1894 178 1938 per
196 1880 229 1917 se
245 1878 402 1917 otiosum
429 1893 504 1917 non
531 1880 628 1925 esset,
656 1893 739 1918 cum

112 1944 143 1969 1s
161 1931 313 1982 populus
330 1931 463 1969 mufica
493 1931 651 1969 maxime
677 1932 739 1969 de-

112 1983 302 2021 leftaretur
314 1998 325 2027 3
359 1982 438 2034 ipsa
471 1984 581 2022 eriam
618 1984 739 2034 legum

109 2033 321 2085 disciplina,
336 2035 382 2071 ad
393 2035 608 2072 molliendos
619 2035 739 2072 homi-

111 2099 199 2124 num
214 2085 321 2124 nullis
337 2085 486 2125 urbibus
499 2085 739 2124 habitantium

112 2150 243 2183 mores,
285 2150 326 2174 ea
367 2147 443 2176 arte
485 2136 741 2176 erudiebantur

110 2188 238 2240 pueri3
267 2188 381 2227 Erant
410 2189 532 2240 itaque
560 2189 655 2228 inter
677 2203 739 2227 eos

109 2241 314 2293 plures,qui
323 2241 361 2279 in
372 2253 413 2278 ea
428 2240 663 2287 excellerent3
680 2240 738 2279 Est

110 2303 231 2330 tamen
249 2292 362 2332 altera
378 2305 422 2330 ex
432 2303 546 2344 parte,
564 2295 663 2343 quod
676 2307 738 2345 pa-

112 2357 193 2382 rum
209 2345 403 2382 convenire
420 2344 578 2389 videtur,
597 2357 679 2382 cum
700 2345 738 2383 in

109 2408 200 2446 agro
219 2394 423 2434 Mantuano
445 2410 482 2435 v.
513 2409 570 2433 12.
609 2410 650 2446 13
681 2397 738 2434 illi

109 2460 237 2498 greges
257 2447 400 2498 pascere
423 2448 603 2486 dieantur.
670 2448 738 2485 Al·-

111 2509 285 2536 terutrum
304 2499 420 2549 igitur
441 2513 486 2537 ne
506 2510 737 2545 memoraret,

109 2555 218 2602 poeta
242 2563 368 2588 cavere
386 2551 554 2589 debebat.

163 2603 200 2641 6.
217 2604 351 2654 defendo
368 2617 394 2640 a
397 2606 546 2654 frigore,
571 2600 736 2647 vindico,

109 2653 266 2705 tegendo
289 2667 347 2692 eas
371 2655 552 2699 stramine,
582 2654 735 2690 sarmen—

109 2704 158 2742 tis
215 2715 304 2751 etc„
350 2719 394 2743 ne
441 2705 581 2755 frigore
627 2719 734 2742 uran-

109 2765 181 2795 tur.
226 2756 297 2795 Sed
314 2756 376 2794 hic
399 2771 440 2794 ea
458 2756 734 2806 difficultasjam

109 2808 332 2859 antiquis(v.
359 2810 490 2858 Serv.)
511 2808 734 2846 animadver-
764 2833 765 2837 =

107 2857 145 2896 sa
161 2860 291 2905 oritur,
318 2861 416 2912 quod
435 2861 552 2900 aestivo
575 2870 736 2912 tempore

811 1630 887 1660 tota
904 1620 1010 1674 hujus
1020 1623 1155 1675 eelogae
1168 1638 1219 1663 res
1235 1626 1295 1678 agi
1314 1629 1435 1668 videaa-

811 1683 884 1717 tur,
912 1673 951 1712 in
976 1689 1064 1726 quo,
1090 1676 1256 1727 inprimis
1281 1680 1436 1719 clemen-

811 1725 840 1762 ti
859 1726 973 1763 Italiae
989 1728 1092 1770 caelo,
1113 1741 1134 1765 a
1160 1729 1296 1781 frigore
1319 1734 1437 1771 nullus

810 1788 925 1815 metus
955 1779 1021 1815 effe
1052 1780 1176 1828 potest.
1232 1783 1438 1822 Descende-

810 1840 892 1865 runt
909 1830 998 1866 adeo
1025 1830 1093 1867 viri
1126 1832 1225 1870 doeii
1247 1835 1293 1871 ad
1317 1849 1437 1874 ernen-

807 1880 1020 1919 dationem:
1076 1883 1154 1921 vid.
1199 1884 1288 1923 Var.
1333 1887 1436 1926 Lest.

809 1930 1005 1971 Enimvero
1022 1933 1082 1985 agi
1100 1934 1161 1972 hic
1179 1937 1218 1973 de
1235 1954 1340 1976 verno
1353 1951 1434 1976 tem*

803 1993 894 2033 pore,
928 1995 968 2022 ut
1004 1986 1210 2031 statuamus,
1245 1999 1282 2026 et
1315 1991 1437 2031 umbra

806 2050 936 2085 quercus
952 2046 987 2073 et
1003 2040 1175 2075 arundinis
1188 2051 1313 2078 lenerae
1337 2057 1436 2081 men*

808 2085 877 2130 tio,
904 2098 939 2124 et
957 2093 1213 2138 apumfiqsurrus
1241 2094 1434 2141 permittit,

806 2138 931 2187 depulsi
944 2150 1029 2177 vero
1044 2154 1065 2177 a
1078 2141 1168 2179 lafie
1180 2148 1264 2195 agai
1275 2155 1310 2181 et
1321 2148 1435 2194 dsten-

807 2199 854 2226 tae
881 2191 968 2228 lffle
986 2192 1122 2242 capellae
1147 2194 1257 2232 etiam
1285 2198 1412 2245 jubent
1421 2215 1434 2244 3

806 2238 907 2278 exitu
925 2242 1023 2280 enim
1042 2246 1260 2284 austumnali
1287 2262 1370 2286 oves
1395 2250 1435 2287 in

807 2291 914 2330 Italia
941 2307 1063 2344 parere
1092 2308 1220 2335 notum
1236 2300 1297 2337 est.
1354 2303 1435 2338 Ad-

807 2344 927 2382 derern
946 2347 1062 2383 versus
1082 2350 1145 2397 46.
1175 2363 1241 2400 47,
1268 2351 1328 2388 sed
1356 2353 1433 2390 vid.

807 2396 852 2433 ad
882 2411 944 2449 53.
1013 2398 1162 2437 Ineunte
1204 2412 1324 2440 autem
1353 2418 1434 2442 vere

806 2461 880 2485 non
909 2461 989 2486 raro
1010 2451 1066 2487 uri
1091 2452 1234 2491 arbores
1259 2456 1437 2495 nofiurno

806 2499 945 2557 frigore
968 2501 1144 2547 videmus,
1170 2515 1207 2542 et
1224 2518 1340 2556 myrtos
1366 2508 1434 2545 fri-

805 2565 903 2601 gons
947 2551 1174 2603 impatientes
1215 2560 1281 2594 esse
1326 2560 1435 2597 docet

807 2601 1009 2649 Martinus;
1037 2616 1073 2642 et
1108 2606 1209 2658 regio
1243 2608 1305 2646 ista
1342 2612 1433 2649 ultra

804 2651 944 2692 Padum
979 2655 1163 2707 frigidior.
1193 2661 1296 2699 conf.
1331 2662 1433 2701 Serv.

804 2704 851 2743 ab
870 2719 904 2742 V.
924 2721 988 2758 47.
1043 2723 1079 2759 7.
1103 2711 1287 2763 Virgregif
1301 2717 1363 2762 epse
1375 2731 1430 2752 ca-

798 2769 885 2808 per;
906 2758 1016 2797 habet
1044 2772 1066 2796 a
1094 2761 1288 2801 Theocrit.
1322 2764 1433 2810 VIII,

802 2822 854 2860 49
868 2824 877 2853 ;
895 2812 957 2860 ipſs
971 2812 1313 2861 caperdeerraverat,
1325 2816 1434 2854 adeo-

805 2874 871 2911 que
886 2873 920 2899 et
932 2861 1026 2901 haedi
1040 2864 1204 2915 totusque
1216 2879 1302 2917 grex
1315 2883 1326 2911 ;
1347 2868 1431 2907 hinc

1333 2919 1428 2958 versu
