1821 3381
370 293 461 339 274

543 279 594 323 P.
644 272 1027 321 VIRGILII
1098 273 1504 322 MARONIS

367 408 551 471 Saepius
576 420 620 453 et
644 407 775 453 teeiis
800 405 1114 467 penetralibus
1139 407 1309 454 extulit
1331 423 1422 454 ova

368 500 640 563 Angustum
666 497 864 544 formica
888 509 1040 543 terens
1064 497 1179 552 iter;
1217 509 1263 544 et
1285 498 1409 544 bibit
1431 497 1598 562 ingens

366 591 520 638 Arcus
539 613 549 643 ;
586 601 631 635 et
654 604 679 634 e
702 587 834 650 pastu
857 586 1086 634 decedens
1110 588 1300 651 agmine
1324 604 1500 651 magno

1585 591 1675 652 381.

367 682 633 729 Corvorum
657 679 893 742 increpuit
913 678 1061 726 denfis
1083 679 1311 726 exereitus
1334 680 1437 728 alis,

368 775 479 835 Jam
501 772 650 819 varias
674 771 830 835 pelagi
854 771 1083 828 volucreS‚
1107 782 1153 818 et
1175 787 1282 834 quae
1304 771 1414 818 Afia
1435 772 1618 822 circum

414 935 490 968 379.
518 925 602 967 Ocyus
618 932 642 956 et
658 924 749 956 malit
767 924 882 956 Cerda.
925 937 940 954 e
964 926 1040 955 tefz'is
1063 934 1114 966 ap.
1141 923 1264 955 Charis.
1289 924 1363 956 Inst.
1388 925 1568 956 Grammat.
1584 926 1624 963 Π,
1647 934 1680 967 p.

372 985 446 1019 193.
493 991 506 1008 ε
520 980 582 1007 tedii
592 978 775 1019 penetralibus
790 976 871 1017 conj.
888 974 986 1013 Voss„
1001 974 1095 1006 male.
1140 975 1190 1006 Sic
1196 977 1259 1016 foci
1268 977 1430 1018 penetrales.
1469 976 1568 1018 Apud
1583 976 1684 1009 Avie-

370 1038 449 1059 num
475 1039 506 1070 p.
539 1036 598 1059 121
626 1027 674 1058 ed.
703 1030 795 1058 Grot.
819 1040 872 1057 ova
887 1029 963 1057 cavis
978 1028 1055 1068 effert
1065 1027 1270 1069 penetralibus:
1294 1027 1380 1068 quod
1395 1028 1448 1069 Jo.
1465 1026 1631 1058 Schrader.
1649 1028 1682 1059 in

370 1080 492 1113 schedis
521 1078 638 1110 laudat.

731 1078 805 1118 380.
828 1086 915 1109 tenens
943 1078 1043 1113 Goth,
1069 1088 1117 1120 pr.

1214 1077 1289 1118 383.
1315 1077 1388 1108 ‘Tum
1412 1088 1470 1120 pro
1499 1079 1574 1120 Jam
1603 1078 1684 1110 alter

371 1130 530 1162 Arundel.
575 1132 664 1160 varie
681 1130 803 1160 Medic.
821 1137 852 1160 et
870 1129 955 1161 Gud.
973 1130 1071 1161 Rom.
1090 1128 1200 1167 Pierii,
1224 1140 1306 1160 unus
1325 1129 1479 1160 Arundel.
1503 1136 1534 1160 et
1558 1129 1680 1161 Bodlei.

371 1184 421 1214 Sic
435 1183 503 1225 jam
518 1183 604 1212 Serv.
629 1180 749 1211 ledium
775 1180 865 1212 fuiffe
889 1188 991 1219 notat,
1012 1188 1048 1212 ut
1071 1182 1213 1221 infundere
1228 1191 1287 1222 pro
1302 1182 1448 1222 inf-endunt
1464 1180 1586 1212 dietum
1602 1180 1683 1211 acci·

370 1233 487 1276 piatur.
532 1234 578 1263 Ita
596 1242 679 1263 nova
700 1232 856 1263 sententia
880 1232 1043 1264 facienda:
1069 1233 1154 1262 Mmc
1179 1238 1260 1274 eaput
1284 1232 1562 1273 ohjee‘Jare-videan
1609 1233 1685 1274 Jam

370 1287 493 1315 volueres
505 1285 600 1326 pelagi
617 1286 715 1313 varias
731 1283 763 1314 in
780 1283 940 1314 nonnullis
961 1283 1045 1326 apud
1068 1283 1222 1314 Pierium.
1268 1285 1346 1314 Mox
1371 1289 1450 1324 atque
1465 1284 1538 1326 Asta
1563 1283 1681 1315 Medic.

372 1335 512 1368 Mentel.
527 1345 576 1377 pr.
592 1344 610 1364 a
626 1343 671 1364 m.
689 1344 739 1376 pr.
754 1340 786 1364 et
801 1333 947 1364 nonnulli
963 1344 1016 1376 ap.
1031 1333 1136 1370 Pier.;
1158 1340 1262 1374 putes,
1281 1340 1330 1363 aut
1344 1346 1410 1375 quoe.

438 1484 525 1522 379.
570 1470 672 1507 Arar.
707 1484 742 1508 V.
780 1481 867 1519 224.
906 1483 995 1520 2²5·

371 1523 539 1569 conversa
558 1536 577 1559 a
597 1522 681 1558 Cic.
701 1522 746 1558 de
776 1520 865 1557 Div.
899 1521 932 1562 Ι,
957 1534 993 1571 9.

371 1581 458 1612 tefla
471 1574 656 1624 penetralia
677 1582 715 1608 ut
742 1574 877 1622 adytum
896 1584 994 1621 pene-

368 1626 457 1663 trale
476 1625 559 1662 AEn.
581 1625 632 1667 Π,
655 1625 738 1674 267.
803 1624 925 1673 templa
936 1634 995 1673 pe-

371 1676 517 1715 netralia
534 1676 612 1714 cccli
636 1676 744 1712 Lucr.
773 1675 807 1719 I,
827 1680 938 1724 1098,
957 1684 995 1711 ut

371 1730 411 1766 in
439 1727 622 1765 nonnullis
648 1728 792 1778 legitur.
825 1730 996 1778 afzgzstum

370 1785 436 1818 iz'er
449 1782 556 1820 κοίλης
573 1784 671 1829 ὃχῆς,
697 1779 900 1815 foramims.

426 1835 514 1881 380.
548 1833 671 1874 Arcus,
700 1830 779 1873 iri5‚
808 1830 929 1871 bibere,
958 1829 994 1866 h.

374 1883 531 1927 haurire,
574 1882 763 1924 attrahere,
791 1895 897 1931 aquas
927 1881 997 1918 suis

372 1935 557 1978 cornibus,
584 1934 708 1984 pluvio
727 1943 901 1983 tempore,
928 1932 996 1968 eti-

373 2000 429 2023 arn
449 2000 469 2023 a
499 1985 623 2023 nostris
652 1984 861 2022 hominibus
879 1983 995 2021 credi-

371 2048 443 2076 tur.
509 2038 558 2074 cf.
592 2037 637 2074 ad
658 2036 799 2073 Tibull.
820 2035 854 2079 Ι,
873 2050 912 2085 4,
933 2049 995 2084 44.

372 2090 473 2127 Loca
489 2089 556 2127 alia
576 2103 611 2125 v,
628 2102 685 2138 ap.
701 2088 873 2125 Cerdam.
913 2086 996 2123 Ali-

371 2155 409 2179 as
436 2142 534 2178 nubes
554 2140 726 2176 dicuntur
749 2139 869 2176 bibere.
935 2138 996 2175 Sic

369 2194 412 2231 in
432 2193 584 2229 Anthol.
604 2191 686 2228 Lat.
705 2190 770 2227 lib.
792 2190 843 2233 V,
867 2203 933 2238 113
952 2190 997 2226 de

373 2244 547 2283 Oceano:
595 2241 772 2291 ‘sepo-lant
799 2241 900 2279 nubes
931 2241 995 2291 (fic

367 2296 464 2346 leg.)
488 2305 525 2333 ul
543 2295 683 2331 reddant
684 2294 851 2344 fwltgifim
865 2293 995 2330 imbres.

372 2347 508 2384 Statius
527 2346 648 2382 Theb.
668 2344 745 2387 IX,
768 2358 840 2395 405·
871 2345 918 2381 At
930 2355 996 2394 pa-

371 2410 423 2437 ter
458 2413 582 2436 arcano
616 2397 752 2445 residens
788 2397 929 2444 Ismenos
961 2402 997 2432 in

370 2462 484 2493 antro,
528 2450 622 2486 Unde
639 2463 737 2484 aurae
756 2447 914 2498 nubqfiyue
945 2446 993 2484 bi-

372 2502 454 2539 bunt
470 2504 570 2552 atqu'e
590 2499 744 2550 imbrlszr
769 2514 866 2536 arcus
883 2499 996 2548 Pasci-

372 2563 443 2598 tur,
469 2564 501 2590 et
518 2551 635 2603 Tyrios
650 2549 762 2587 melior
778 2556 874 2587 venit
890 2564 996 2586 annm

372 2611 407 2643 in
441 2620 551 2655 agros.
623 2602 728 2639 Atat.
762 2601 814 2639 ib.
847 2614 882 2637 v.
921 2603 995 2639 208

371 2656 529 2705 duplicem
551 2669 666 2692 arcum
685 2652 880 2689 meminisse
913 2651 996 2689 satis

371 2707 499 2744 habet:
542 2706 654 2752 διδύμω
676 2706 768 2754 Ἶρις.
822 2703 995 2742 Nostrum

369 2759 494 2799 laudat
512 2757 647 2795 Seneca
663 2755 716 2794 N.
735 2755 811 2804 Q.
832 2754 865 2800 I,
881 2756 918 2792 6.

433 2814 519 2858 381.
561 2811 647 2857 382.
678 2809 782 2845 Arat.
805 2820 839 2843 v.
870 2819 997 2855 231-

375 2874 395 2899 2
401 2874 463 2913 37.
513 2866 673 2912 increpuit
688 2859 791 2910 deff-5
807 2857 871 2896 alis
886 2857 996 2897 debe-

1057 1467 1121 1505 bat
1138 1469 1337 1518 exprimere
1355 1471 1561 1516 πηξάμενοι
1578 1471 1688 1519 πτεραὶ

1065 1521 1183 1557 πυκνὰ·
1213 1521 1251 1557 in
1275 1521 1344 1557 hoc
1363 1535 1446 1559 vero
1475 1525 1580 1559 «πυκνά
1606 1525 1687 1572 (pro

1065 1573 1201 1621 πυκνῶς)
1233 1572 1386 1622 positum
1413 1573 1479 1610 effe
1506 1584 1605 1624 putes
1621 1586 1688 1623 pro

1065 1624 1187 1660 crebro.
1233 1623 1352 1660 Etiam
1373 1624 1410 1661 in
1427 1624 1689 1675 epigrammate

1073 1674 1254 1726 (Brunek.
1273 1675 1382 1712 Anal.
1394 1677 1505 1713 Tom.
1518 1676 1589 1720 ΙΙΙ,
1601 1689 1686 1727 pag.

1072 1724 1410 1779 152.VI)A1'÷†÷*T?W
1423 1729 1690 1778 χοιξιέντα,ποτῖ

1067 1780 1173 1828 πτερὰ
1196 1779 1301 1816 πυκνοὶ
1327 1781 1478 1825 τινάξας,
1518 1784 1591 1817 Πῶς
1617 1782 1689 1828 ἕφεκ

1069 1847 1134 1880 geg
1166 1830 1217 1866 At
1250 1830 1428 1881 Virgilius
1445 1833 1557 1869 ’πυκνὸς
1575 1833 1688 1881 denffus

1069 1881 1246 1918 transtulit
1269 1891 1304 1918 et
1337 1887 1434 1930 (narn
1468 1886 1528 1920 den
1545 1901 1560 1921 e
1585 1889 1688 1921 incre-

1062 1945 1147 1984 pare
1181 1932 1272 1969 nihil
1306 1935 1402 1981 effer)
1431 1937 1541 1985 πτεςοὶ
1568 1936 1689 1980 πυκνοὶ,

1067 1985 1143 2022 alas
1157 1986 1270 2034 densas
1285 1983 1535 2035 interpretatus
1544 1987 1606 2030 est,
1620 1987 1691 2024 five

1068 2047 1107 2071 ut
1143 2037 1278 2072 alarum
1318 2047 1482 2075 naturam
1512 2038 1691 2088 e-.primat

1066 2086 1265 2137 epitheton,
1285 2088 1353 2125 five
1380 2099 1419 2125 ut
1449 2090 1495 2126 ad
1525 2089 1691 2127 multitu-

1066 2139 1190 2175 dinem
1215 2151 1404 2176 corvorum
1428 2140 1571 2179 referat.
1600 2142 1692 2191 Jun-

1067 2191 1184 2239 genda
1217 2202 1321 2228 vero:
1350 2197 1509 2242 increpuit
1528 2193 1592 2230 alis
1610 2194 1689 2230 den-

1052 2243 1135 2290 fis;
1162 2254 1234 2278 non
1262 2255 1372 2280 vero:
1401 2251 1561 2282 exercitus
1588 2245 1692 2294 densis

1065 2292 1144 2331 alis.
1198 2293 1378 2331 Caeterum
1397 2295 1442 2332 ad
1466 2295 1536 2333 hoc
1566 2297 1692 2347 praesa·

1066 2344 1185 2393 gium‚
1200 2357 1272 2381 non
1282 2345 1328 2381 ad
1339 2346 1430 2383 illud
1443 2361 1476 2384 v.
1495 2351 1583 2396 389,
1602 2348 1692 2385 refe-

1067 2395 1175 2433 renda
1195 2395 1345 2433 Horatii
1355 2398 1461 2435 verba
1472 2399 1596 2436 Carm.
1616 2399 1690 2444 III,

1068 2459 1132 2498 27,
1159 2462 1183 2498 9
1215 2458 1389 2498 antequam
1409 2452 1540 2499 stantes
1567 2461 1693 2500 repetat

1060 2498 1201 2547 paludes
1215 2499 1379 2538 Imbrium
1396 2502 1518 2538 divina
1536 2507 1615 2539 avis
1631 2508 1699 2539 im·—

1066 2556 1257 2587 minentum.

1121 2604 1166 2649 38
1173 2603 1334 2652 3—387.
1367 2601 1424 2638 Ex
1442 2603 1568 2642 avibus
1585 2604 1695 2642 mari--

1067 2651 1121 2688 nis
1151 2662 1186 2689 et
1216 2653 1345 2703 cygnis
1368 2654 1536 2706 praesagia
1554 2656 1692 2706 pluvia-

1069 2715 1147 2740 rum
1194 2713 1381 2742 memorat.
1434 2707 1526 2755 Jam
1572 2709 1693 2744 videas

1065 2760 1191 2791 varias
1215 2755 1591 2808 volucres—infundere
1620 2768 1690 2797 etc.

1067 2805 1194 2856 Cygni
1225 2806 1286 2844 hic
1313 2806 1487 2845 dicuhtur
1508 2814 1543 2846 in
1559 2812 1694 2860 stagnis

1068 2857 1207 2908 qustri
1228 2858 1282 2907 (in
1310 2858 1457 2911 stagnis,
1481 2873 1560 2913 quae
1594 2861 1694 2910 Cay-

1627 2913 1694 2951 ster
