1987 3361
505 286 571 319 cx
836 264 959 315 DE
1026 253 1462 311 VIRG1L11

502 402 682 443 Biblioth.
705 400 833 441 Dresd.
879 399 930 436 T.
947 397 1001 442 ΙΙ,
1026 410 1064 448 p.
1084 406 1172 446 292.
1226 391 1393 444 Exprcffa
1411 403 1456 428 ex
1474 387 1565 428 edit.
1590 401 1703 443 1505,
1722 385 1822 430 unde

501 463 666 518 praefatio
686 462 790 499 Badii
809 458 965 511 praefixa.

554 526 638 562 Buc.
657 523 719 560 Ge.
748 522 865 559 AEneis
881 534 953 557 cum
973 517 1092 554 Servii
1103 514 1352 551 Commentariis
1369 506 1605 554 accuratffme
1621 508 1818 552 emendatis,

504 590 541 623 in
567 583 684 636 quibus
712 580 834 624 mulla,
860 594 936 630 quae
965 578 1115 616 deerant,
1130 574 1215 620 sunt
1244 571 1375 607 addita.
1449 567 1586 604 Graecae
1615 569 1767 606 diaiones
1793 576 1826 605 et

504 647 619 693 versus
648 642 765 692 ubique
784 641 934 689 rzstituti.
991 636 1089 685 chu.
1112 629 1238 673 Probi,
1266 628 1397 667 celebris
1416 628 1653 672 Grammatici,
1680 634 1714 665 in
1737 629 1825 665 Buc.

503 715 537 743 et
554 705 616 741 Ge.
629 696 918 739 Commentariolus
936 711 997 733 non
1015 704 1116 731 amca
1133 691 1310 740 Impreffics.
1337 689 1398 725 Ad
1406 686 1460 724 hos
1474 686 1606 723 Donati
1606 691 1828 739 fragmenta,

505 763 621 814 Chph.
662 759 816 798 Landim·
845 767 876 794 et
893 756 979 793 Ant.
1012 748 1216 790 Mancinelli
1244 748 1499 785 Commentarii.
1562 743 1729 782 Venetiis
1761 745 1826 794 Jo-

506 825 613 873 Bapt.
645 821 810 873 Egnatius
831 817 970 854 Venetus
986 812 1180 852 emendavit
1196 810 1221 856 s
1222 822 1295 845 cum
1307 808 1434 858 figg.).
1487 804 1533 842 In
1561 804 1654 842 fine:
1685 805 1720 841 V
1716 809 1829 842 enetiis

505 883 618 933 exczfi
631 881 690 918 M.
719 879 771 916 D.
803 875 884 913 VII
897 876 949 912 die
965 872 1078 912 ultimo
1095 867 1482 919 Junii——Bernardinus
1506 865 1691 918 Stagninus
1705 860 1843 914 impenss

493 944 679 992 sumserit,
706 950 744 987 4.
766 933 962 986 (quaternis
978 929 1185 982 duplicatis)
1716 937 1730 962 1
1740 936 1831 975 507.

558 998 686 1037 Nimis
717 995 908 1046 magnifice
938 992 985 1030 de
1011 992 1079 1029 hac
1110 987 1272 1026 editione
1306 984 1496 1029 senseram,
1533 993 1728 1034 antequam
1763 982 1830 1020 illa

508 1059 602 1099 mihi
636 1055 792 1107 inspeffln
825 1053 926 1097 effet;
958 1050 1109 1089 meliora
1143 1045 1293 1098 apposui
1322 1045 1426 1096 supra
1454 1058 1491 1095 p.
1525 1043 1594 1082 CI.
1665 1043 1832 1081 Servatur

507 1119 548 1158 in
567 1116 744 1156 Biblioth.
764 1112 940 1164 Gotting.
959 1110 1079 1148 Acad.
1109 1121 1129 1146 e
1143 1104 1354 1158 supellefflli
1374 1103 1522 1141 libraria
1542 1102 1673 1142 Duvii.
1719 1101 1832 1153 Frag⁴

509 1186 629 1216 menta
657 1174 762 1212 Probi
789 1171 850 1209 hic
883 1168 1044 1222 primum
1073 1167 1253 1220 prodeunt
1283 1178 1303 1202 e
1331 1163 1458 1201 codice
1477 1161 1706 1202 vetustiffimo
1724 1158 1835 1200 Bobii

507 1234 693 1288 quondam
710 1245 732 1269 a
750 1229 919 1281 Georgio
937 1227 1081 1265 Merula
1098 1226 1262 1264 invento.

563 1295 623 1332 Est
640 1303 782 1344 quoque
797 1290 902 1341 hujus
919 1288 1006 1326 anni
1021 1286 1172 1338 repetita
1189 1283 1306 1323 editio
1326 1283 1468 1321 Veneta
1484 1279 1775 1332 pergBartholom.
1794 1280 1836 1320 de

508 1357 638 1395 Zannis
652 1353 719 1391 fol.
735 1351 832 1389 haud
849 1349 961 1388 dubie
978 1361 1023 1387 ex
1041 1346 1131 1386 edit.
1156 1359 1267 1396 1494.
1287 1353 1323 1381 et
1343 1357 1367 1396 9
1372 1357 1391 1396 ς
1397 1370 1409 1388 ,
1437 1341 1607 1393 expressa.

1118 1446 1132 1470 1
1142 1445 1231 1484 509.

562 1515 608 1552 P.
645 1511 683 1548 V
679 1536 690 1547 .
724 1509 782 1547 M.
809 1507 927 1545 AEneis
943 1519 1015 1542 cum
1020 1503 1205 1554 familiari
1216 1503 1420 1551 expositione.
1474 1498 1563 1549 Joh.
1597 1496 1835 1541 Knoblauch,

511 1571 604 1610 civis
633 1564 908 1618 Argentinenfis
926 1562 1097 1613 impreffit
1116 1561 1167 1600 V.
1198 1561 1283 1599 Kal.
1318 1559 1459 1610 Aprilis
1476 1572 1572 1597 anno
1590 1557 1713 1595 salutis
1725 1556 1837 1595 Chri-

512 1631 632 1668 stianae
649 1625 784 1664 MdIX
805 1621 1020 1674 Argentinae
1663 1631 1701 1668 4.
1725 1630 1837 1669 1509,

563 1687 624 1736 Jo.
659 1685 830 1722 Schottus
848 1675 1120 1731 Argentinenfis
1138 1675 1322 1726 praefatur,
1351 1688 1458 1726 quem
1478 1675 1569 1713 adeo
1589 1675 1762 1727 suspicor,
1790 1676 1838 1713 ad

513 1744 732 1786 Torrentini
758 1741 925 1784 modum,
952 1736 1060 1775 fimili
1083 1735 1207 1786 jejuna
1234 1734 1540 1772 commentatione
1566 1733 1762 1772 AEneidem
1780 1734 1838 1772 in-

513 1804 702 1858 terpretari
717 1801 879 1840 voluiss'e.
934 1797 1075 1835 Eodem
1094 1808 1188 1832 anno
1204 1795 1311 1832 etiam
1332 1795 1496 1845 Georgica
1513 1793 1585 1831 c'um
1600 1795 1720 1846 Herm.
1753 1793 1839 1832 ‘Tora

514 1872 640 1905 reatini
665 1865 793 1901 Comm.
847 1856 1060 1909 Argentinae
1076 1855 1232 1904 express'a
1260 1852 1454 1891 memorari
1478 1851 1600 1891 video.
1655 1853 1700 1889 In
1720 1853 1840 1890 nostro

516 1924 684 1964 AEneidis
715 1918 913 1970 exemplari
945 1915 1099 1954 Bucolica
1118 1927 1150 1951 a.
1192 1926 1287 1965 1512
1307 1922 1343 1950 et
1362 1914 1526 1964 Georgica
1564 1925 1658 1964 1513
1680 1911 1839 1962 expreffa

514 1984 688 2039 praemiffa
721 1981 814 2018 sunt.
867 1979 912 2015 P.
945 1978 987 2014 V.
1019 1975 1078 2011 M.
1111 1973 1281 2024 Oprgscula
1298 1988 1368 2011 cum
1381 1971 1563 2023 familiari
1585 1972 1774 2021 expositione
1806 1980 1843 2016 a,

520 2058 618 2097 1509
636 2042 682 2079 ab
707 2040 836 2077 eodem
860 2034 1098 2073 Knoblauch.
1134 2032 1266 2070 excusa
1287 2033 1354 2071 effe
1372 2031 1479 2069 fidem
1499 2030 1590 2068 facit
1611 2029 1842 2084 Freytagius,

517 2106 695 2155 Apparat.
713 2099 788 2137 litt.
841 2096 892 2135 T.
910 2093 944 2138 1,
970 2107 1007 2145 p.
1032 2105 1144 2144 1334.

1148 2185 1161 2209 1
1171 2184 1192 2223 5
1201 2185 1213 2208 1
1222 2184 1260 2209 0.

570 2250 685 2299 Opera
714 2257 745 2284 et
782 2242 964 2295 Opuscula.
1016 2242 1160 2291 impensa
1193 2239 1348 2290 Philippi
1382 2238 1422 2276 de
1457 2237 1590 2276 Giunta
1645 2235 1843 2275 Florentini.

519 2308 646 2347 MDX
656 2305 738 2344 Cal.
758 2303 948 2342 Decembris
969 2299 1192 2351 (Florentiae)
1687 2300 1723 2335 8.
1743 2310 1756 2334 1
1765 2307 1843 2348 5⁶10

571 2367 700 2406 Maitt.
723 2365 858 2403 Annal.
876 2362 960 2400 Ind.
979 2374 1015 2412 p.
1038 2373 1127 2411 327.
1156 2358 1249 2396 Eam
1265 2369 1339 2394 non
1356 2353 1497 2407 inspexi
1514 2370 1526 2400 ;
1543 2354 1610 2392 effe
1626 2362 1747 2393 tamen
1763 2367 1844 2392 eam

520 2441 567 2466 ex
601 2426 735 2467 Aldina
762 2423 880 2476 prima
910 2422 970 2460 vel
998 2419 1153 2458 secunda
1182 2417 1376 2469 expressam
1394 2429 1467 2453 non
1484 2415 1640 2452 dubito:
1670 2428 1754 2453 cum
1773 2414 1845 2453 hoc

520 2488 622 2527 idem
640 2481 731 2524 mihi
749 2486 793 2522 de
813 2484 939 2528 altera,
964 2494 1010 2518 ex
1027 2493 1069 2518 ea
1084 2479 1236 2530 repetita
1258 2489 1371 2528 1520,
1390 2476 1546 2513 constet:
1567 2473 1643 2513 vid.
1661 2473 1731 2511 inf.
1754 2474 1790 2512 h.
1807 2486 1846 2513 a·

576 2548 693 2597 Opera
720 2560 790 2583 cum
820 2544 1001 2580 Comment.
1036 2541 1159 2577 Servii
1172 2547 1243 2576 etc.
1297 2535 1456 2587 Impreff.
1493 2532 1660 2573 Venetiis
1677 2545 1740 2585 per
1758 2531 1846 2571 Bar-

525 2607 724 2645 tolomeum
741 2606 787 2641 de
805 2601 946 2640 Zannis
964 2601 1009 2639 de
1029 2599 1188 2638 Portefio
1204 2594 1348 2635 MDX.
1368 2595 1430 2632 die
1447 2592 1526 2632 XX
1548 2592 1666 2644 Junii.
1721 2591 1844 2631 Vene-

524 2666 587 2705 tiis
1683 2651 1710 2690 f.
1734 2665 1746 2689 1
1786 2664 1846 2691 ιο.

577 2724 760 2763 Maittair.
777 2721 911 2761 Annal.
929 2720 1011 2758 Ind.
1028 2731 1113 2771 pag.
1135 2719 1224 2768 328.
1278 2713 1449 2767 Repetita
1464 2714 1536 2753 fine
1553 2711 1669 2751 dubio
1696 2725 1742 2750 ex
1755 2666 1849 2759 {dia

529 2797 641 2885 ¹425.-
650 2843 692 2882 V.
711 2843 770 2882 M.
799 2840 970 2894 Opuscula
984 2855 1055 2880 cum
1061 2838 1244 2892 familiari
1258 2837 1465 2889 expofitione.
1509 2832 1632 2872 Porcae
1645 2843 1683 2882 4.
1706 2843 1819 2885 1510.

1802 2888 1849 2930 In
