1987 3361
501 314 674 350 xcx'111
849 296 965 344 DE
1033 285 1476 341 VIRGILII

555 435 760 473 Memorata
778 440 812 468 ct
831 428 1010 478 descripta
1029 425 1223 463 secundum
1239 432 1423 459 externam
1443 419 1598 455 formam
1629 430 1649 454 a
1667 418 1706 454 de
1733 415 1823 454 Bure

503 499 539 532 in
559 492 745 543 Catalogue
776 490 828 526 des
848 489 973 525 Livrcs
987 488 1030 523 du
1050 486 1125 521 Dm·
1142 485 1181 520 de
1211 482 1247 518 la
1271 482 1301 516 V
1301 480 1418 518 allia-re
1438 478 1477 516 P.
1496 478 1530 521 I,
1549 478 1600 515 T.
1620 477 1674 522 ῙῙ,
1699 489 1735 527 p.
1758 477 1825 522 80,

472 584 475 586 .
503 552 689 604 proposito
707 561 850 601 quoque
868 546 1068 583 litterarum
1101 540 1311 592 specimine,
1338 552 1418 589 quae
1436 536 1664 587 neogothicae
1679 545 1716 572 et
1742 534 1824 572 bar·

505 612 602 649 bara:
631 610 724 648 suut.
780 605 907 644 Veniit
939 605 1015 642 illu.
1038 603 1138 655 756l.
1165 616 1237 654 ¹95·
1295 599 1404 636 Extat
1435 597 1531 634 inter
1559 594 1827 633 Reviezkianas

505 683 592 721 opes
609 669 647 706 in
667 667 891 705 bibliotheca
910 663 1114 714 Spenceria.
1171 660 1328 698 Nullum
1358 657 1529 708 equidem
1545 668 1590 693 ex
1607 668 1648 692 ea
1664 655 1833 692 editione

508 728 664 765 lineium
682 727 727 762 ad
747 729 890 776 poetam
921 721 1135 772 sperandum
1154 719 1220 756 effe
1247 717 1417 754 arbitror.
1473 714 1536 752 Ad
1564 727 1698 752 annum
1728 727 1820 765 1471

507 801 585 825 eam
605 785 711 822 refert
726 785 770 821 de
793 783 895 820 Bure.
951 780 1028 816 Ess'c
1046 791 1125 815 eam
1145 777 1313 814 excusam
1339 788 1449 826 opera
1468 775 1640 823 Johanm's
1662 774 1834 822 Schiirsler

511 846 683 897 Augustae
703 842 982 880 Vindelicorum
1003 838 1096 875 intra
1120 851 1153 874 a.
1189 849 1285 886 1470
1315 844 1350 872 et
1389 847 1483 885 1472
1516 837 1613 881 (nam
1641 832 1738 870 intra
1763 833 1829 870 hos
1854 866 1860 869 .

509 919 620 942 annos
637 903 698 941 ille
716 901 896 939 officinam
915 896 1096 944 exercuit)
1129 892 1397 945 deprehendisse
1420 904 1534 942 nuper
1561 891 1628 928 fibi
1646 891 1739 930 visus
1754 901 1832 930 erat

513 965 599 1001 Dom
625 960 845 1012 Ilffcmgcrard
873 958 925 1005 (ln
955 953 1110 1004 Journal
1133 952 1289 1004 encyclop.
1322 954 1432 1002 1787.
1484 949 1641 988 Decemb.
1669 965 1707 1002 p.
1730 954 1826 1004 327)

510 1029 722 1072 comparato
741 1016 916 1054 Terentio
944 1013 970 1051 s.
993 1014 1018 1050 l.
1038 1022 1073 1049 et
1097 1025 1131 1049 a.
1152 1011 1189 1048 in
1207 1009 1432 1048 bibliotheca
1451 1008 1728 1060 Archiepiscopi
1750 1011 1831 1048 To-

510 1080 641 1124 losani,
669 1091 712 1115 eo
739 1087 899 1125 tempore
928 1069 1144 1108 Administri
1169 1068 1380 1120 principalis
1411 1080 1528 1105 rerum
1556 1069 1658 1119 regni
1687 1068 1833 1108 Gallia.

513 1152 591 1177 rum
611 1139 755 1176 latente.
809 1134 904 1172 Mox
934 1142 1052 1169 tamen
1077 1130 1166 1167 alius
1193 1129 1250 1166 vir
1279 1129 1421 1172 docffizs,
1449 1139 1655 1178 comparata
1675 1130 1834 1168 versione

512 1198 627 1237 latina
646 1195 899 1234 Homiliarum
918 1189 1067 1241 Joannis
1085 1188 1334 1238 chrysostomi
1361 1197 1397 1224 et
1425 1187 1513 1224 libri
1542 1187 1614 1226 [V.
1636 1183 1834 1240 Augustini

513 1259 559 1296 de
591 1255 769 1295 Dofirina
800 1252 1019 1295 Christiana,
1047 1250 1147 1300 prelo
1180 1249 1337 1286 Menteliz·
1366 1247 1675 1298 Argentoratenfis
1699 1249 1836 1288 librum

513 1317 716 1355 vindicavit
738 1314 846 1364 (ibid.
871 1314 980 1364 1788.
1009 1309 1122 1359 April,
1148 1323 1183 1360 p.
1211 1322 1278 1359 155
1299 1308 1374 1358 sq.)
1401 1307 1568 1345 Terentii
1595 1308 1735 1346 laudati
1763 1309 1837 1347 ser-

514 1388 621 1414 ratur
639 1375 738 1412 aliud
757 1373 940 1422 exemplar
967 1370 1005 1407 in
1034 1367 1258 1405 bibliotheca
1288 1367 1403 1404 nostra
1435 1366 1674 1405 Academica.
1728 1369 1837 1406 Cete-

515 1450 597 1475 rum
627 1445 729 1472 tanto
758 1430 930 1470 libentius
960 1427 1141 1471 intellexi,
1167 1425 1367 1463 editionem
1399 1425 1499 1462 illam
1519 1425 1676 1475 Virgilii
1703 1426 1729 1464 s.
1757 1428 1782 1465 1.
1802 1437 1839 1466 et

517 1510 551 1533 a.
585 1496 651 1531 esse
684 1495 723 1530 in
758 1489 958 1528 Germania
992 1497 1204 1530 exaratum3
1233 1497 1315 1521 curn
1347 1483 1436 1520 alias
1463 1483 1556 1521 inter
1576 1483 1732 1534 Virgilii
1758 1485 1840 1523 edi..

520 1553 635 1591 tiones
654 1552 744 1588 Saec.
763 1550 841 1586 XV
863 1561 932 1585 una
950 1555 1090 1583 tantum
1122 1544 1205 1582 effet
1232 1542 1516 1593 Kobergeriana.
1573 1543 1741 1582 Succeffit
1767 1554 1839 1583 ter-

518 1612 572 1649 tio
603 1612 685 1648 loco
714 1607 920 1659 Argentina
956 1617 1067 1655 1502.
1138 1603 1221 1641 Nec
1252 1602 1338 1640 licet
1368 1602 1514 1651 assequi,
1544 1603 1731 1652 quomodo
1762 1604 1839 1643 fac-

519 1682 596 1709 tum
628 1670 685 1713 fit,
714 1678 753 1705 ut
781 1680 841 1718 per
870 1666 933 1704 ista
951 1673 1113 1714 tempora
1131 1660 1287 1712 Virgilii
1312 1659 1421 1698 leetio
1445 1659 1485 1697 in
1504 1660 1705 1700 Germania
1721 1672 1841 1703 tanto·

515 1744 598 1782 pere
616 1729 779 1779 frigeret.

573 1789 616 1825 In
636 1786 864 1825 Bibliotheca
883 1780 1085 1820 Smithiana
1099 1792 1182 1830 pag.
1212 1780 1250 1817 D
1269 1778 1396 1816 Editio
1417 1778 1451 1814 V
1447 1779 1680 1830 itgilimzorum
1695 1781 1844 1830 Operum

523 1856 740 1885 memoratur
757 1844 821 1881 fol.
851 1842 878 1880 s.
899 1842 924 1879 1.
944 1854 976 1878 a.
997 1849 1033 1890 et
1051 1837 1269 1890 typographi
1288 1837 1456 1883 nomine;
1477 1837 1543 1874 effe
1562 1848 1680 1875 tamen
1698 1841 1843 1891 perpul-

522 1921 621 1946 cram
639 1914 675 1943 et
692 1900 905 1942 charaeieris
922 1900 1124 1936 litterarum
1144 1898 1189 1934 ad
1207 1895 1511 1933 Vindelinianam
1531 1897 1749 1936 accedentis.

574 1967 619 2003 P.
640 1965 683 2001 V.
703 1963 761 2000 M.
781 1978 852 1999 cum
870 1967 1036 1996 comment.
1055 1958 1189 2000 Servii,
1217 1956 1351 1992 Donati
1364 1966 1396 1992 et
1414 1956 1580 1994 Landim'.
1600 1957 1663 1994 Ad
1681 1958 1818 1996 calcem
1832 1971 1846 1997 z

524 2026 716 2076 Imprcffxm
739 2023 879 2058 Venetiis
890 2028 954 2068 per
964 2018 1089 2068 Ligam
1105 2017 1280 2058 Boariam,
1308 2015 1349 2052 Χ
1360 2013 1448 2051 Kal.
1468 2014 1561 2063 Jun.
1677 2016 1745 2055 fol.
1765 2017 1790 2054 s.
1810 2030 1846 2055 a.

576 2081 731 2120 Orland.
759 2094 796 2130 p.
827 2081 890 2117 62.
928 2080 1018 2126 428.
1073 2074 1200 2111 Maitt.
1238 2075 1289 2112 T.
1326 2074 1360 2117 Ι,
1390 2073 1430 2112 P.
1461 2073 1517 2119 II,
1542 2088 1580 2126 p.
1617 2080 1708 2128 748,
1760 2076 1846 2116 Ind,

527 2145 629 2194 App.
661 2156 699 2192 p.
740 2142 829 2192 560,
856 2136 949 2175 etin
969 2134 1092 2172 Catal.
1127 2133 1302 2171 Bibliotl‘i.
1332 2133 1536 2171 Barberinae
1553 2148 1591 2185 p.
1628 2149 1717 2188 529.
1772 2138 1848 2175 De.

526 2203 759 2253 scriptionem
778 2202 853 2249 ejus
868 2197 972 2235 dedit
991 2195 1047 2232 vir
1066 2193 1203 2232 doctiss.
1225 2195 1321 2231 Sam.
1343 2193 1447 2243 Benj.
1469 2193 1638 2238 Reichel,
1658 2196 1848 2236 Prodirec.

525 2275 584 2301 tor
613 2259 805 2312 Gymnafii
838 2254 1134 2305 Altenburgensis
1166 2253 1205 2291 in
1238 2253 1364 2303 Progr.
1401 2267 1513 2306 1774.
1565 2253 1679 2292 Extat
1707 2269 1850 2307 quoque

528 2337 623 2361 nunc
642 2322 768 2360 eadem
786 2318 902 2358 editio
919 2317 957 2354 in
977 2314 1154 2352 Biblioth.
1174 2314 1294 2352 Acad.
1315 2314 1494 2365 Gotting.
1513 2327 1587 2364 quo
1600 2324 1701 2353 tanto
1718 2316 1851 2355 certius

528 2383 622 2422 mihi
641 2395 735 2420 nunc
753 2381 904 2423 constat,
920 2376 987 2414 effe
1003 2388 1083 2412 eam
1102 2374 1369 2425 repetitionem,
1382 2387 1454 2411 non
1471 2384 1546 2411 tam
1563 2374 1727 2421 Venetae,
1743 2390 1851 2427 quam

530 2443 750 2481 Florentinae
772 2442 867 2490 1483
893 2437 951 2475 vel
974 2440 1042 2487 148
1049 2451 1085 2488 5,
1114 2434 1263 2485 adjeffls
1277 2448 1422 2485 quoque
1439 2435 1526 2472 inde
1542 2435 1765 2474 carminibus
1781 2437 1852 2475 mi.

528 2502 693 2540 noribus.
763 2499 951 2537 Praefixum
979 2496 1041 2540 est,
1079 2508 1124 2531 ex
1159 2494 1284 2532 eadem
1317 2495 1441 2544 utique
1470 2495 1648 2541 editione,
1684 2495 1852 2547 Chphori

529 2560 693 2599 Laudini
730 2557 933 2598 Florentini
965 2554 1182 2606 prooemium
1217 2555 1263 2592 ad
1298 2553 1445 2591 Petrum
1480 2554 1687 2600 Mediccm,
1719 2555 1855 2607 Magni

530 2619 721 2658 Laurentii
736 2618 865 2656 filium.
920 2615 1150 2653 Memoratur
1166 2614 1205 2652 in
1230 2627 1273 2653 eo
1291 2613 1386 2651 inter
1404 2613 1474 2651 alia
1489 2614 1697 2665 conjuratio
1715 2614 1755 2652 in
1770 2616 1856 2654 Me-

531 2681 674 2718 diceam
701 2677 881 2716 familiam
905 2683 942 2713 et
961 2673 1149 2711 Laurentii
1171 2674 1307 2711 reditus
1326 2673 1365 2710 in
1394 2673 1544 2711 urbem:
1573 2688 1646 2725 quo
1662 2674 1741 2726 ipso
1757 2684 1857 2726 patee

532 2753 608 2777 non
626 2738 691 2776 nifi
707 2737 783 2789 post
802 2749 834 2774 a.
855 2737 950 2787 1478
967 2742 1004 2771 et
1025 2746 1122 2785 1479
1141 2743 1177 2772 et
1190 2742 1273 2772 ante
1305 2744 1400 2784 1492
1415 2733 1509 2773 illud
1527 2732 1701 2787 scriptum
1719 2747 1741 2772 a
1757 2735 1856 2774 Lan-

532 2801 624 2841 dino
643 2801 724 2838 esse.

588 2860 750 2915 Virgilius
758 2874 828 2900 cum
846 2864 926 2899 notis
943 2858 1074 2901 Servii.
1118 2856 1253 2897 Venet-
1689 2855 1758 2896 fol.
1777 2855 1804 2895 s.
1821 2868 1859 2896 a.

1303 2923 1330 2970 5
1743 2914 1860 2968 Apud
