1821 3381
356 322 454 368 440
519 307 571 355 P.
630 306 1008 355 VIRGILII
1076 306 1471 356 MARONIS

360 442 494 507 Ergo
516 442 647 490 omni
673 441 828 488 studio
849 441 1057 505 glaciem
1080 443 1334 506 ventosque
1356 442 1540 499 nivalis,

359 537 474 601 Qo
496 535 654 581 minus
676 534 740 580 est
765 534 859 580 illis
882 549 1011 582 curae
1035 534 1249 582 mortalis
1273 533 1463 598 egestas,

356 629 557 675 Avertes
579 649 594 682 ;
627 625 903 690 victumque
927 624 1042 672 feres
1065 638 1110 672 et
1133 625 1294 689 virgea
1318 626 1456 672 laetus
1576 635 1675 685 320

356 719 567 774 Pabu1a3
599 735 683 766 nec
709 730 809 766 tota
832 719 1018 766 claudes
1043 718 1226 767 foenilia
1248 718 1434 766 bruma.

356 811 425 858 At
448 826 575 867 vero,
599 808 832 872 Zephyris
857 825 1005 871 quum
1029 810 1139 856 laeta
1161 807 1440 856 vocantibus
1474 805 1609 854 aestas

356 900 417 948 In
434 900 574 948 saltus
591 912 846 962 utrumque
866 913 1062 961 gregem
1085 908 1224 960 atque
1241 898 1289 943 in
1303 895 1474 960 pascua
1492 895 1672 946 mittet:

358 992 573 1041 Luciferi
593 991 755 1055 primo
778 1006 891 1038 cum
913 989 1059 1036 fidere
1083 988 1258 1051 frigida
1279 1005 1387 1035 rura

404 1121 479 1161 318.
503 1128 595 1153 ventos
617 1123 786 1165 glaciemque
813 1119 959 1152 Parthas.
996 1126 1027 1150 et
1059 1125 1163 1161 quart.
1197 1120 1318 1149 Moret.
1382 1120 1524 1160 ventcffque
1561 1119 1675 1147 minaces

355 1173 484 1205 Vratiss.
530 1174 629 1217 niwfis
653 1176 805 1205 Venetus.
895 1180 970 1213 319.
1007 1171 1074 1212 Qo
1099 1171 1187 1199 minor
1217 1169 1449 1210 antiquissimus
1476 1179 1508 1201 et
1535 1167 1677 1211 optimus

356 1224 488 1266 quisque
504 1225 599 1256 Rom.
618 1223 734 1254 Medic.
751 1229 784 1253 et
805 1221 871 1259 alii,
893 1228 925 1252 et
940 1220 979 1251 fic
997 1230 1071 1250 cum
1088 1220 1177 1250 Serv.
1198 1231 1233 1250 ac
1255 1220 1400 1263 Philarg.
1421 1221 1524 1262 major
1545 1230 1618 1261 pars
1637 1218 1676 1248 li-

355 1276 490 1308 brorum
506 1276 616 1307 Hcins.
635 1282 667 1306 et
698 1273 846 1310 Martini,
871 1272 970 1303 etiam
998 1271 1098 1303 Goth.
1120 1279 1256 1312 uterque
1282 1283 1356 1303 cum
1377 1272 1465 1311 Erf.;
1489 1272 1569 1303 adde
1596 1270 1674 1301 edit.

353 1327 486 1370 Egnatii
502 1334 534 1358 et
550 1324 804 1357 aliasnonnullas
825 1324 1038 1365 antiquiore33
1063 1323 1178 1354 eodem
1193 1323 1280 1354 sensu
1311 1334 1347 1354 ac
1375 1326 1442 1367 Qo
1464 1326 1574 1360 minus3
1597 1322 1674 1363 poe-

355 1380 421 1412 tica
449 1379 575 1410 ratione
595 1377 785 1408 adverbium
812 1376 848 1407 in
877 1375 1046 1417 epitheton
1077 1382 1132 1405 aut
1168 1374 1365 1416 adjed‘civum
1403 1374 1522 1406 mutari
1553 1372 1678 1416 quoties
1714 1414 1716 1416 Ι

357 1431 427 1474 jam
439 1428 599 1461 vidimus!
623 1428 685 1459 Sed
702 1440 720 1458 a
735 1428 825 1459 sensu
842 1427 949 1458 versus
964 1426 1057 1468 plane
1074 1425 1264 1457 aberrabant
1287 1425 1397 1458 critici.
1423 1437 1452 1458 v.
1479 1427 1579 1463 Not.;
1601 1424 1678 1455 hine

357 1490 440 1520 erat,
461 1481 548 1524 quod
572 1480 710 1511 alterum
731 1479 1117 1521 praeferebant.———320.
1143 1479 1270 1509 Avertas
1299 1480 1428 1519 Menag.
1457 1477 1548 1509 alter.
1563 1477 1678 1508 Avertis

357 1534 443 1564 Ven.
486 1534 580 1573 largus
595 1530 734 1562 nlalebat
750 1533 802 1572 Jo.
822 1529 986 1560 Schrader.
1079 1537 1154 1567 321.
1177 1529 1279 1558 claudis
1308 1528 1424 1559 Medic.
1484 1529 1592 1557 claudas
1607 1526 1674 1559 Erf.

347 1585 462 1625 feralia
483 1579 631 1614 Parthas.
648 1593 666 1612 a
681 1593 724 1613 m.
746 1592 793 1623 pr.
883 1589 959 1620 322.
981 1579 1190 1621 Legebatur:
1215 1580 1259 1609 At
1282 1592 1349 1609 vero
1376 1580 1514 1621 Zephyris
1534 1591 1592 1609 cum
1613 1580 1678 1609 loeta

356 1636 513 1666 vocantibus
527 1636 622 1678 testas:
645 1635 682 1664 In
698 1635 791 1675 fitltus
815 1640 957 1674 utrumque
974 1644 1084 1674 gregem
1111 1639 1190 1673 atque
1213 1634 1242 1661 in
1258 1631 1364 1674 ptgsczm
1389 1634 1490 1662 mittes.
1537 1631 1584 1661 Tea
1600 1640 1678 1661 vero

357 1689 440 1720 dura
463 1695 532 1718 erat
556 1687 730 1718 verborum
752 1685 915 1728 jundfflra,
938 1695 1012 1716 cum
1034 1684 1248 1726 supplendum
1277 1683 1352 1714 esset
1368 1693 1483 1725 t-quum
1502 1684 1567 1714 'aeta
1586 1683 1679 1726 astas,

355 1739 422 1771 scii.
454 1739 527 1770 erit.
581 1737 726 1769 Obvium
752 1744 859 1767 tamen
883 1736 940 1774 est,
962 1735 1025 1766 duo
1045 1735 1153 1766 versus
1178 1743 1252 1774 322.
1278 1743 1340 1774 323
1372 1734 1432 1766 esse
1461 1733 1619 1776 protasm3
1644 1740 1677 1764 et

358 1795 448 1834 mit-et
462 1800 494 1823 et
510 1791 666 1823 leniorem
686 1798 718 1822 et
733 1789 964 1832 elegantiorem
982 1788 1162 1819 orationem
1179 1787 1301 1819 efficere
1313 1800 1326 1825 ;
1349 1789 1427 1830 aestas
1443 1790 1539 1825 mittit,
1551 1797 1614 1828 qua
1629 1786 1678 1817 in-

356 1845 496 1887 cipiente
510 1844 698 1875 mittuntur.
743 1844 785 1873 Et
801 1842 841 1873 fic
859 1841 1022 1872 Mediceus
1037 1851 1054 1871 a
1070 1851 1116 1882 pr.
1137 1851 1179 1871 m.
1198 1847 1230 1871 et
1254 1839 1329 1870 libri
1346 1840 1432 1881 apud
1448 1838 1601 1870 Urfinum
1621 1838 1678 1868 ha-

357 1896 435 1928 bere
464 1903 698 1927 memorantur.
752 1894 872 1925 Caeteri
903 1904 1025 1931 omnes,
1047 1893 1145 1923 etiam
1188 1892 1305 1933 fragm.
1337 1891 1444 1922 Varie,
1473 1902 1546 1922 cum
1573 1890 1678 1928 editis,

356 1950 458 1986 mittes,
477 1958 580 1991 prono
594 1947 694 1989 lapsu.
738 1948 832 1977 mittas
860 1947 968 1977 Franc.
1016 1944 1263 1986 Obtemperavit
1276 1943 1344 1984 jam
1373 1943 1519 1974 monenti
1535 1941 1676 1972 Brunck.

357 2001 400 2031 V.
435 2001 474 2031 C.
536 2002 565 2031 iu
595 2006 669 2030 ante
689 2000 795 2041 pascua
827 1996 913 2029 abest
943 1997 1099 2030 Rottend.
1127 1996 1181 2034 alt.
1271 2004 1348 2035 324.
1373 1997 1505 2037 Lucifero
1532 2001 1596 2025 tres
1623 2005 1672 2036 ap.

356 2052 471 2086 Burm.

359 2174 450 2212 quos
478 2167 608 2199 matres
629 2160 791 2199 educunt
817 2171 859 2196 ac
883 2158 988 2196 redu-

361 2222 464 2251 cunt.

415 2268 504 2314 318.
524 2263 582 2300 Eo
601 2261 714 2313 magis
732 2262 861 2313 frigus,
889 2263 991 2313 cujus

357 2314 705 2367 impatientissimum
739 2315 787 2351 est
825 2314 895 2351 hoc
929 2327 990 2365 pe-

362 2381 441 2412 cus,
479 2366 527 2404 ab
561 2380 605 2403 eo
641 2378 760 2403 arcere
793 2366 905 2410 stude,
954 2376 990 2403 et

360 2420 455 2457 hanc
482 2419 517 2455 ei
544 2431 690 2468 operam
709 2417 891 2467 impende,
918 2431 991 2467 quo

361 2470 483 2508 minus
497 2470 590 2507 illud
608 2469 646 2506 in
670 2469 807 2506 caeteris
823 2469 990 2506 omnibus

361 2522 468 2560 rebus
485 2534 572 2558 cura
588 2520 743 2558 humana
754 2520 921 2571 indiget3
949 2523 991 2570 (st

361 2576 483 2625 egssas
504 2573 554 2621 (h.
573 2572 698 2622 egent)
723 2589 812 2610 curae
829 2573 990 2610 mortalis.

363 2638 453 2674 320.
484 2624 600 2661 Conf.
635 2624 813 2675 Calpurn.
845 2623 898 2668 V,
940 2626 991 2673 96

360 2677 440 2726 sqq.
490 2689 703 2726 110-115,
755 2675 853 2712 laetus
897 2675 990 2712 refer

360 2728 409 2764 ad
426 2727 597 2770 studium,
625 2727 649 2763 fi
669 2726 747 2777 quis
764 2726 856 2763 facit
873 2740 993 2777 prom-

361 2789 414 2822 te,
441 2778 621 2816 iubentur.
677 2791 763 2826 32¹·
800 2778 848 2815 Et
879 2779 991 2815 inter-

362 2831 452 2878 dum
481 2829 588 2866 etiam
606 2842 669 2879 per
688 2829 881 2869 hibernum
900 2840 989 2869 tem-

361 2894 428 2935 pus
440 2881 580 2919 foenum
596 2881 642 2919 iis
659 2894 811 2932 appone.

1109 2170 1198 2208 322.
1232 2156 1346 2194 Refer
1379 2155 1425 2193 ad
1461 2169 1548 2207 295·
1589 2156 1679 2204 296·

1055 2209 1131 2248 vid.
1151 2209 1242 2246 Var.
1261 2208 1360 2246 Lefi.
1413 2208 1548 2245 AEstate
1558 2206 1679 2256 itaque

1055 2263 1227 2299 redeunte
1245 2274 1328 2298 oves
1344 2270 1380 2297 et
1405 2273 1520 2310 caprae
1542 2260 1582 2296 in
1599 2257 1678 2307 pas-

1055 2326 1123 2350 cua
1165 2312 1380 2350 educuntur.
1434 2310 1548 2348 Conf.
1589 2309 1680 2345 Cal-

1053 2378 1159 2415 pum.
1190 2363 1330 2414 Ecloga
1355 2361 1607 2414 elegantissima
1625 2360 1680 2405 V,

1060 2417 1224 2464 16—23,
1252 2415 1338 2452 ubi:
1376 2416 1426 2452 At
1454 2430 1552 2466 quum
1580 2413 1682 2464 longa

1053 2469 1120 2505 dies
1137 2469 1287 2517 sitientes
1314 2469 1444 2518 acfficret
1473 2468 1583 2515 testas,
1611 2466 1682 2508 Nec

1041 2524 1156 2571 fuerit
1176 2525 1340 2556 variante
1355 2520 1410 2556 deo
1432 2517 1590 2555 mutabile
1613 2533 1681 2554 cae-

1053 2571 1122 2608 lum
1136 2584 1148 2606 .·
1165 2570 1363 2620 Jamfil—vis
1379 2575 1534 2607 committe
1537 2583 1680 2620 gregem

1044 2626 1127 2674 jam
1154 2623 1282 2674 longius
1311 2621 1432 2660 herbas
1449 2621 1600 2670 Qaere5
1613 2619 1685 2667 sed

1057 2685 1134 2711 ante
1167 2677 1251 2712 diem
1286 2684 1384 2723 pecus
1424 2683 1532 2710 exeat.
1589 2683 1679 2718 324.

1056 2724 1251 2776 Sequentia
1268 2738 1288 2761 e
1304 2724 1470 2762 Varrone
1487 2724 1536 2760 R.
1556 2721 1606 2764 R,
1625 2721 1679 2764 Π,

1057 2791 1093 2823 2,
1127 2789 1285 2816 10—12.
1303 2775 1451 2826 Repetit
1466 2773 1584 2812 versus
1602 2772 1679 2810 Co-.

1055 2829 1202 2866 lumella
1235 2827 1328 2871 VH,
1358 2841 1395 2876 3,
1435 2840 1479 2874 23
1498 2841 1508 2870 ;
1538 2824 1679 2860 senten-

1054 2880 1144 2926 tiam
1167 2893 1253 2924 vero
1278 2889 1361 2918 curn
1389 2878 1507 2917 verbis
1540 2875 1679 2965 Ρεέἰᾶσὲ.

1658 2954 1680 2974 v2

1311 2974 1328 2982 ,α
