1821 3381
391 709 886 769 ECLOGA
998 704 1102 761 VI.

475 844 1034 896 SILENUS*.

343 1135 1177 1195 ARGUMENTUM.

104 1262 350 1347 Exonmo
367 1291 543 1347 praemisso
566 1291 676 1341 po'eta
692 1286 742 1332 se,
769 1299 895 1338 parum
917 1285 1078 1338 feliciter
1101 1295 1239 1326 tentato
1264 1289 1426 1330 carmine

105 1372 228 1423 cpico,
250 1367 366 1406 redire
385 1364 434 1403 ait
448 1364 493 1400 ad
512 1373 657 1398 carmen
672 1357 906 1403 bucolicum3
934 1356 1028 1394 Vari
1048 1367 1166 1394 tamen
1183 1357 1349 1396 laudibus
1367 1372 1426 1397 ce-

105 1438 287 1484 lebrandis
305 1445 340 1473 et
354 1435 424 1471 hoc
441 1430 537 1469 haud
558 1430 674 1479 impar
693 1427 771 1464 fore
798 1439 935 1464 1—12.
988 1425 1079 1463 Inde
1103 1436 1236 1471 narrat,
1263 1427 1336 1465 duo
1363 1429 1427 1466 Sa-

106 1516 206 1557 tyros
224 1517 307 1541 cum
327 1500 502 1551 Nympha
520 1498 627 1549 AEgle
641 1496 802 1533 Silenum
817 1497 997 1545 jacentem
1015 1496 1190 1546 aggressos
1204 1496 1371 1547 adegisse,
1388 1507 1429 1536 ut

108 1575 174 1613 fibi
192 1585 335 1610 carmen
356 1577 613 1615 caneret—³30.
668 1563 830 1615 Exponit
848 1563 934 1601 inde
961 1563 1166 1600 summatim
1193 1568 1301 1615 po'eta
1328 1579 1429 1614 31-

111 1646 175 1692 63.
200 1640 369 1680 carminis
387 1645 652 1689 argumentum,
672 1634 769 1684 quod
792 1632 992 1682 mythicum
1006 1633 1052 1670 est
1064 1648 1074 1677 3
1103 1633 1272 1683 attigerat
1289 1633 1432 1673 Silenus

110 1711 248 1748 fabulas
260 1708 378 1760 primo
394 1720 413 1744 e
427 1704 661 1755 cosmogonia
677 1715 851 1753 31—-403
871 1701 955 1738 inde
973 1701 1062 1738 alias
1081 1702 1282 1752 promiscue
1296 1715 1432 1741 memo·

111 1788 219 1820 tatas,
245 1778 338 1814 inter
365 1787 451 1825 quas
478 1772 656 1824 copiosius
672 1770 823 1821 exponit
842 1769 1028 1819 Paliphaes
1055 1769 1246 1807 infaustum
1273 1783 1434 1810 amorem

111 1847 208 1886 tauri
228 1846 393 1898 45—60.
447 1844 610 1894 Repente
629 1842 714 1880 inde
733 1842 787 1878 ‘ad
816 1840 967 1878 Gallum
993 1853 1137 1878 carmen
1163 1841 1372 1887 deducitur,
1398 1850 1436 1881 et

114 1918 161 1954 ad
176 1919 250 1967 ejus
268 1916 409 1953 laudem
425 1914 608 1966 poeticam
622 1923 656 1951 et
674 1911 835 1950 carmina
846 1909 1016 1948 inchoata
1033 1911 1158 1962 64--7
1166 1924 1200 1960 3.
1255 1911 1353 1948 Tum
1368 1912 1438 1949 ite-

115 1998 195 2023 rum
214 1986 259 2022 ad
277 1984 415 2022 fabulas
434 1982 526 2021 redit
547 1985 608 2031 84.
662 1979 822 2031 Vespere
847 1979 1038 2030 ingruente
1063 1978 1152 2016 facit
1170 1978 1309 2016 Silenus
1329 1979 1436 2018 finem

116 2053 272 2092 canendi
292 2054 352 2104 85.
376 2053 437 2090 86.

170 2120 274 2158 Felix
291 2120 329 2156 in
346 2119 452 2170 hujus
466 2118 613 2170 Eclogae
630 2124 842 2168 argumento
857 2123 893 2153 et
908 2115 984 2166 ejus
1003 2115 1214 2152 traetatione
1231 2113 1302 2152 fuit
1315 2119 1439 2167 poeta,

117 2189 386 2241 Jucundisfimis
401 2188 516 2233 enim,
536 2186 758 2230 dulciffimis,
776 2198 818 2223 ac
845 2184 1096 2236 pulcherrimis
1123 2197 1240 2222 rerum
1267 2185 1441 2236 imagini-

118 2259 186 2296 bus
212 2257 329 2295 omnis
346 2257 420 2295 haec
446 2256 604 2294 narratio
630 2255 795 2293 distinffla
820 2255 882 2298 est,
901 2267 972 2306 qua
1000 2253 1142 2291 Silenus
1169 2266 1215 2291 ex
1240 2253 1441 2305 antiquissi-

121 2341 263 2366 morum
287 2331 477 2378 poetarum
503 2340 544 2364 ac
571 2325 867 2377 philosophorum
893 2322 1096 2361 rationibus
1120 2322 1299 2374 originem
1326 2335 1445 2360 rerum

119 2395 234 2440 canit,
253 2403 358 2445 atque
377 2394 461 2432 inde
484 2407 547 2445 per
565 2394 702 2432 fabulas
719 2402 885 2431 ornatum
913 2391 1103 2443 poeticum
1129 2391 1288 2429 maxime
1312 2390 1447 2429 admit-

121 2476 235 2505 tentes
250 2474 413 2516 vagatur.
468 2465 558 2503 Non
576 2465 689 2510 enim,
707 2477 816 2515 quare
842 2477 925 2501 cum
946 2462 1228 2506 Grammaticis,
1244 2461 1309 2512 qui
1335 2459 1447 2510 Syro-

123 2549 207 2574 nem
225 2536 296 2573 huc
313 2544 445 2573 vocant
466 2536 527 2584 (de
550 2549 624 2587 quo
647 2549 684 2573 v.
707 2536 753 2573 ad
780 2535 1043 2573 Pseudodonat.
1066 2533 1094 2573 s.
1119 2535 1201 2585 79),
1230 2531 1277 2569 ad
1298 2528 1451 2581 Epicuri

168 2658 190 2677 ’Ἃ
211 2657 325 2689 Silenus.
359 2657 564 2698 Adscriptum
596 2661 755 2696 praeterea
819 2666 928 2692 norum,
950 2653 990 2685 ab
1013 2653 1083 2685 aliis
1103 2663 1175 2686 voc.
1194 2652 1327 2684 omnino
1349 2650 1449 2682 abest.

127 2700 161 2737 in
178 2701 247 2731 edd.
266 2702 433 2738 Faunorum,
453 2702 625 2740 Satyrorum,
648 2707 672 2728 et
697 2700 755 2728 Sil·
822 2698 887 2728 Pro
918 2698 1025 2729 Silenus
1054 2696 1088 2730 in
1126 2696 1195 2730 aliis
1228 2695 1450 2740 praescriptum

127 2756 261 2774 vanorum
276 2746 421 2776 delec‘Zatio.
459 2743 531 2773 Hoc
544 2750 574 2772 et
587 2742 680 2772 codd.
699 2742 756 2771 ha-
823 2742 932 2775 Varus.

129 2787 226 2828 bent3
246 2786 393 2820 nonnulli
407 2797 466 2831 pro
482 2786 662 2819 Silvanorum
682 2785 755 2831 ⁸¹⁷¹?

1233 2848 1452 2902 potiffimum
