1821 3381
410 269 954 364 GEGRG1CON‚
1008 307 1163 355 ΜΒ.
1220 310 1260 358 1.

1411 329 1500 378 219

183 444 317 493 illius
343 440 588 489 immensae
611 452 843 504 ruperunt
866 442 1033 488 horrea
1055 441 1236 491 meffes.

182 536 252 581 At
275 534 421 596 prius,
446 533 666 596 ignotum
692 530 817 581 ferro
839 547 986 594 quam
1010 531 1270 581 scindimus
1294 551 1471 599 aequor,

181 627 359 673 Ventos
390 637 436 671 et
457 624 644 670 varium
669 622 784 670 coeli
805 622 1088 685 praediscere
1110 639 1295 671 morem
1439 641 1493 689 51

181 716 306 763 Cura
330 715 401 772 fit,
423 731 476 762 ac
494 714 671 777 pandos
686 713 934 776 cultusque
952 713 1234 776 habitusque
1249 714 1465 762 locorum
1482 740 1496 772 ς

178 808 244 856 Et
278 807 393 871 quid
440 822 644 869 quaeque
692 805 809 852 ferat
853 805 1003 869 regiO,
1044 818 1091 852 et
1133 806 1250 868 quid
1296 824 1501 873 quaeque

307 897 504 946 recuset.

220 1073 275 1104 50.
298 1066 341 1095 At
351 1072 385 1107 p.
398 1078 409 1095 .·
432 1064 476 1096 ita
487 1072 518 1096 et
529 1064 646 1096 Medic.
666 1075 739 1096 cum
751 1064 811 1103 al.;
826 1072 857 1096 et
870 1064 925 1096 alii
939 1077 946 1097 :
959 1077 1002 1102 ac,
1019 1065 1117 1096 etiam
1128 1066 1308 1098 Romanus.
1344 1069 1500 1110 immmfiim

177 1116 305 1147 Servius
320 1116 352 1147 in
369 1117 424 1147 suo
440 1116 562 1148 habuit.

651 1125 705 1156 51.
719 1120 865 1159 proprium
882 1130 911 1149 ε.
922 1123 955 1159 p.
980 1130 1078 1147 morem
1093 1117 1144 1149 sex
1158 1125 1223 1149 vet.
1240 1118 1330 1150 codd.
1347 1120 1502 1153 exhibent

174 1178 226 1209 ap.
237 1167 450 1199 Columellam
468 1170 491 1207 ἶ,
507 1179 537 1205 4,
552 1179 572 1205 4
589 1176 620 1199 et
632 1170 852 1210 reponendum
865 1169 998 1211 putabat
1014 1169 1194 1200 Pontedera
1209 1170 1342 1212 Antiqq.
1357 1182 1389 1213 p.
1408 1181 1472 1213 479
1487 1184 1498 1211 3

175 1219 339 1259 quomodo
356 1219 454 1257 enim,
481 1219 566 1260 quod
584 1220 710 1251 varium
730 1220 780 1258 fit,
800 1219 943 1262 praedisci
967 1219 1057 1261 poffit
1073 1219 1085 1251 ?
1107 1221 1167 1251 Sed
1185 1221 1307 1252 variare
1327 1222 1432 1264 aliqua
1450 1234 1502 1255 res

175 1271 290 1312 potest,
312 1278 343 1301 et
360 1277 468 1302 tamen
485 1272 643 1313 cognosci,
668 1279 700 1303 et
716 1272 817 1303 multa
833 1272 879 1302 ita
893 1272 1031 1309 variant,
1046 1280 1081 1303 ut
1104 1273 1137 1303 in
1159 1283 1223 1303 uno
1243 1281 1351 1305 tamen
1370 1285 1499 1317 quoque

175 1320 257 1352 statu
274 1321 472 1362 aliquantum
490 1321 669 1353 consistant.
716 1323 789 1353 Hoc
817 1330 927 1353 autem
948 1322 1017 1353 loco
1046 1323 1148 1354 variat
1174 1324 1343 1366 tempestas
1364 1336 1424 1367 pro
1448 1337 1499 1358 re-

172 1372 308 1414 gionum
325 1372 514 1404 diversitate.
555 1376 704 1415 jaraedicere
719 1382 782 1405 tres
797 1385 846 1415 ap.
866 1375 990 1412 Burm.‚
1005 1385 1095 1406 more
1110 1374 1202 1406 solito
1213 1379 1372 1418 praediscere
1387 1378 1496 1411 firmat

174 1433 248 1453 cum
265 1424 393 1454 Colum.
411 1424 432 1454 l.
450 1424 482 1460 l.,
506 1432 576 1455 tum
594 1426 676 1455 Plin.
693 1427 810 1456 XVIII.
828 1435 869 1462 24
884 1426 906 1456 1.
926 1424 970 1464 56
987 1432 1065 1457 extr.

175 1474 287 1505 omiffo
304 1488 362 1516 quc,
387 1475 483 1506 multi
506 1476 591 1507 Pier.
620 1484 651 1507 et
677 1477 787 1512 Heius,
811 1478 892 1508 cultos
910 1476 995 1508 Gud.
1017 1484 1050 1509 et
1072 1488 1125 1521 ap.
1144 1477 1273 1511 Colum.
1291 1479 1315 1512 l.
1332 1479 1353 1512 I.

173 1528 241 1568 quid
251 1529 337 1567 firre
359 1528 457 1568 reczgfht
479 1527 626 1558 nonnulli
642 1538 691 1570 ap.
713 1528 797 1559 Pier.

172 1660 247 1688 turn
293 1663 338 1688 ex
386 1653 513 1690 eodem
561 1653 673 1691 Plinii
716 1655 799 1693 loco

171 1701 326 1746 XVIII,
355 1718 402 1741 20
424 1704 450 1742 s.
469 1718 534 1754 49,
561 1718 598 1741 n.
622 1719 640 1754 3
670 1707 799 1755 Spffus

157 1753 282 1803 solum,
297 1756 389 1804 ficut
411 1754 599 1807 plerumque
622 1763 658 1794 in
674 1759 796 1801 ltalia,

170 1811 279 1855 quinto
297 1805 391 1855 sulco
409 1810 484 1855 firi
517 1824 556 1844 mc
567 1808 629 1845 lius
662 1811 718 1858 est,
762 1816 797 1846 in

172 1855 284 1906 ‘Tuscis
308 1873 389 1894 vero
417 1874 505 1895 nono.
541 1860 592 1896 cf.
612 1859 795 1898 Harduin.

169 1906 268 1945 Mox
286 1920 405 1945 tamen
436 1924 471 1946 v.
505 1910 556 1958 64
579 1911 653 1960 sqq.
688 1916 796 1961 po'e'ta

168 1959 208 1997 in
241 1959 426 1997 communi
461 1974 558 1998 more
576 1962 798 2012 acquiescere

169 2010 327 2056 viderur,
373 2025 457 2049 curn
509 2012 644 2064 pingue
681 2015 795 2052 solum

126 2098 129 2099 γ
168 2075 265 2106 vere,
310 2073 416 2100 tenue
461 2066 652 2102 aufiumno
698 2080 797 2104 arare

163 2113 283 2163 jubet,
311 2125 350 2165 ut
378 2115 515 2152 scilicet
544 2115 608 2153 sub
639 2115 795 2155 hiemem

167 2165 388 2204 conseratur.
444 2166 525 2204 Nec
544 2181 629 2205 vero
653 2170 796 2219 prorsus

168 2215 296 2267 ignota
311 2217 382 2253 fuit
404 2216 498 2255 satio
525 2219 695 2256 frumenti
717 2234 794 2257 ver-

169 2280 237 2304 na:
299 2272 492 2318 tremcstrem
543 2272 792 2321 appellabant:

166 2335 238 2356 cum
254 2327 338 2370 cogit
360 2321 534 2367 neceffi'mm
561 2323 663 2359 addit
681 2323 795 2360 Colu-

167 2371 276 2408 mella
299 2372 352 2415 II,
378 2386 418 2422 9,
450 2387 486 2421 7.
540 2388 603 2424 49.
642 2385 798 2424 ruperunt

164 2421 299 2467 horrea,
339 2424 495 2473 replent:
538 2426 706 2475 praeclare
749 2427 796 2464 ad

168 2486 336 2524 magnam
395 2474 537 2524 copiam
594 2476 793 2526 significan-

168 2524 276 2561 dam:
306 2525 405 2562 conf.
425 2526 471 2562 ad
489 2526 575 2564 AEn.
593 2527 687 2573 XII,
707 2543 792 2580 527·

167 2575 312 2614 Tibull.
334 2577 385 2621 II,
416 2591 453 2627 5,
475 2580 524 2626 84
547 2580 794 2630 Dssendetspi—

165 2633 209 2663 [is
228 2627 346 2665 herren
362 2628 464 2677 plena
483 2630 595 2675 Ceres,
625 2630 689 2668 ubi
715 2632 792 2669 vid.

165 2679 260 2717 Not.
289 2680 434 2716 Colum.
469 2680 524 2724 X,
557 2695 628 2733 307
663 2683 793 2733 Pmff‘a-

163 2746 225 2781 que
245 2731 438 2780 flammeola
473 2743 649 2783 rumpatur
668 2736 795 2785 fiscitta

164 2781 293 2821 caltha-

221 2847 280 2884 50.
322 2839 466 2885 ignotum
495 2850 621 2886 aequor,
650 2849 794 2887 agrum,

165 2886 268 2934 cujus
296 2896 423 2924 natura
452 2887 557 2925 nobis
583 2886 709 2939 ignota
736 2888 792 2928 fit.

1153 1435 1206 1466 5²·
1231 1430 1315 1459 cultus
1331 1429 1498 1472 habittffque,

1442 1490 1499 1522 53·

868 1669 931 1708 51.
961 1655 1219 1702 caeli--morem
1264 1657 1359 1696 a‘e'ris
1392 1669 1497 1697 natu-

870 1721 960 1750 ram,
999 1709 1221 1758 temperiem,
1248 1714 1401 1754 varium,
1428 1724 1494 1762 pro

867 1758 1006 1795 diversa
1024 1759 1212 1810 regionum
1230 1771 1411 1805 naturane
1429 1762 1495 1799 situ

869 1810 1062 1848 diversum.
1126 1812 1331 1849 Columella
1358 1813 1425 1853 lib.
1458 1813 1495 1859 I,

867 1860 968 1911 praef.
992 1875 1036 1910 23
1064 1862 1158 1899 Caeli
1182 1874 1213 1900 et
1230 1871 1316 1901 anni
1322 1869 1496 1915 praestntis

868 1929 968 1949 mores
979 1917 1151 1951 intuentur
1160 1927 1173 1950 ι’
1200 1930 1300 1965 nequ?
1314 1918 1399 1954 enim
1414 1933 1493 1955 eun-

865 1965 952 2007 dem,
982 1964 1077 2003 velut
1101 1981 1145 2003 ex
1167 1969 1371 2017 praescmpto,
1395 1968 1493 2006 habi-

866 2026 935 2053 tum
949 2027 1072 2066 gerunt
1086 2027 1158 2055 ete.
1213 2017 1332 2055 Totus
1349 2018 1412 2057 ille
1436 2020 1492 2057 lo-

865 2080 927 2104 cus
946 2068 971 2105 s.
992 2081 1037 2105 22
1059 2068 1133 2119 sqq.
1152 2082 1217 2119 pro
1234 2071 1494 2109 commentario

867 2123 985 2166 po'etae
997 2120 1056 2158 est.
1112 2133 1173 2171 52.
1193 2120 1329 2159 habitus
1344 2121 1496 2169 locorum,

866 2170 904 2207 h.
932 2180 1112 2216 naturam,
1148 2170 1298 2221 genium
1326 2174 1422 2224 agri,
1448 2187 1494 2213 ex

865 2231 1045 2276 praecepto
1068 2223 1247 2267 omnium,
1286 2225 1350 2274 qui
1380 2225 1426 2263 de
1457 2239 1496 2265 re

867 2273 996 2312 rustica
1047 2274 1239 2312 tradidere.
1297 2276 1383 2315 vide
1437 2278 1495 2316 vel

868 2324 1041 2375 Xenoph.
1062 2326 1199 2363 OEcon.
1223 2327 1338 2372 XVI,
1359 2341 1379 2365 2
1399 2328 1493 2380 sqq.,

866 2389 972 2424 quem
997 2387 1079 2414 ante
1102 2378 1226 2415 oculos
1250 2378 1409 2416 habuisse
1440 2381 1495 2419 vi-

866 2427 973 2464 detur
991 2427 1185 2479 Virgilius.
1233 2435 1360 2481 patrios
1373 2431 1494 2476 cultus,

867 2479 1010 2516 colendi
1027 2481 1202 2518 rationem
1229 2481 1291 2520 usu
1315 2484 1491 2531 majorum

865 2530 1065 2580 probatam.
1124 2546 1183 2583 53.
1215 2533 1309 2572 Plin.
1340 2533 1494 2580 XVIII,

867 2595 914 2632 47
939 2593 1034 2620 extr.
1070 2584 1115 2620 In
1140 2591 1227 2621 omni
1249 2588 1375 2636 quidem
1394 2597 1495 2635 parte

866 2632 1157 2672 culturae-—valet
1182 2636 1349 2674 oraculum
1379 2637 1467 2675 illud
1479 2653 1493 2676 :

865 2687 949 2734 qaid
961 2701 1096 2737 quaeque
1113 2693 1199 2738 regio
1209 2695 1377 2737 patiatur.
1410 2689 1493 2737 Jam

866 2735 904 2772 in
921 2736 985 2780 iis,
1012 2751 1091 2787 qua:
1107 2737 1313 2787 sequuntur,
1340 2741 1493 2790 agnosce

868 2787 1050 2836 po'e'ticam
1070 2788 1261 2833 rationem,
1281 2791 1493 2841 propofitio-

867 2851 946 2874 nem
966 2841 1169 2889 generalem
1187 2854 1249 2891 per
1275 2842 1411 2892 singula
1429 2856 1492 2880 ex-

868 2891 987 2941 empla
1020 2891 1226 2931 declarandi
1258 2902 1294 2931 et
1323 2895 1491 2933 ornandi.

1338 2957 1398 2997 54·
1417 2945 1493 2998 sqq·
