1821 3381
358 268 838 354 BucoLICA,
892 293 1070 344 ECL.
1116 294 1176 344 v.

1307 308 1423 368 ·97

116 419 219 481 Aut
240 427 437 476 Alconis
458 429 600 476 habes
624 427 795 484 laudeS,
815 425 1070 491 autjurgia
1096 426 1257 475 Codri.
1360 443 1379 474 1
1397 440 1414 472 1

117 517 284 583 Incipe
298 545 311 577 ς
333 520 563 584 pascentis
586 519 787 567 servabit
812 518 1004 580 Tityrus
1029 518 1207 569 haedos.

663 627 874 660 MOPSUS.

113 700 275 751 Immo
296 705 415 761 hcec,
438 703 487 750 in
510 702 649 750 viridi
670 718 820 766 nuper
841 718 950 765 quae
970 703 1148 750 cortice
1169 701 1268 766 fagi

40 831 42 834 ,
112 792 338 841 Carmina
359 793 590 856 descripfi‚
613 804 658 839 et
679 792 926 839 modulans
949 792 1126 839 alterna
1145 790 1307 838 notavi

110 881 367 946 Experiar:
391 896 443 931 tu
462 881 817 946 deindejubeto
835 892 982 928 certet
1003 879 1252 942 Amyntas.

1356 889 1414 944 15

610 986 892 1019 MENALCAS.

108 1060 260 1110 Lenta
281 1062 393 1110 salix
415 1074 647 1126 quantum
668 1062 866 1125 pallenti
889 1063 1015 1110 cedit
1036 1063 1191 1120 olivae,

105 1151 321 1200 Puniceis
344 1152 538 1200 humilis
560 1163 792 1215 quantum
815 1151 1020 1200 saliunca
1039 1152 1200 1201 rosetis
1220 1172 1235 1208 εἸ

103 1243 296 1304 Judicio
317 1244 471 1292 nostro
493 1255 678 1291 tantum
702 1243 792 1290 tibi
816 1243 945 1292 cedit
969 1245 1216 1307 Amyntas.

644 1348 855 1381 mopsus.
926 1332 928 1334 ’

101 1424 191 1471 Sed
214 1436 264 1472 tu
288 1424 444 1473 define
464 1426 617 1489 plura,
639 1442 785 1490 puer;
809 1426 1102 1476 succeffimus
1127 1442 1279 1478 antro,

98 1516 398 1564 Exstindtum
421 1517 662 1581 Nymphae
685 1519 865 1566 crudeli
888 1519 1049 1567 funere
1068 1521 1301 1586 Daphnin
1345 1537 1407 1573 20

143 1678 197 1703 ΙΙ.
221 1678 250 1701 ut
263 1671 356 1702 Leid.
373 1671 510 1703 Mentel.

603 1682 652 1713 13.
676 1674 765 1704 Immo
784 1676 866 1705 etiam
881 1674 968 1706 viridi
988 1674 1116 1707 Zulich.
1160 1676 1189 1706 1⁰71
1205 1676 1293 1707 viridi
1304 1689 1333 1709 n.
1347 1689 1406 1719 qua

97 1725 126 1753 in
149 1737 173 1755 c.
199 1724 344 1757 Parrhas.
402 1725 551 1756 Heinsius
576 1726 802 1768 adscripserat:
835 1728 864 1757 in
893 1729 1110 1769 viridis—fagi.

1219 1738 1268 1766 14.
1292 1729 1405 1772 dfirixt'

97 1775 198 1806 Goth.
216 1786 264 1818 pr.
282 1786 321 1807 an
340 1776 494 1819 alssrinxi?
517 1776 578 1808 Sed
604 1777 720 1807 vitium
745 1776 810 1815 est;
832 1776 873 1808 fic
894 1777 982 1809 idem
1001 1779 1071 1809 Ecl.
1087 1780 1145 1817 VI,
1168 1787 1208 1811 12
1227 1782 1403 1823 praestrixit:

95 1830 281 1869 modulatffque
296 1829 404 1859 alterna
419 1828 544 1859 Zulich.
588 1831 695 1858 notavit
709 1828 826 1860 vitium
845 1829 889 1860 est
905 1829 982 1862 Ald.
1001 1839 1094 1869 1527·

1187 1840 1236 1870 15.
1249 1833 1354 1875 jubeto,
1373 1841 1405 1864 ut

95 1886 176 1912 certet
192 1881 234 1910 A.
259 1881 356 1910 Rom.
383 1879 534 1921 Longob.
561 1879 677 1910 Medic.
702 1879 786 1910 Pier.
803 1890 878 1911 cum
892 1888 1029 1922 quatuor
1045 1881 1154 1915 Heins.
1172 1890 1204 1915 et
1222 1884 1402 1925 Lengnich.

94 1931 303 1963 Ommittitur
318 1939 426 1963 tamen
442 1930 555 1962 melius
577 1938 618 1962 ut.

96 1993 170 2014 cum
187 1982 286 2013 Goth.
303 1983 351 2013 sec

95 2043 233 2067 —-20.
249 2035 395 2077 Daphnin.

81 2090 218 2132 feremus.
241 2086 324 2118 conf.
341 2086 382 2118 ad
394 2087 435 2125 11,
450 2084 506 2120 26.

92 2199 139 2236 de
167 2212 203 2237 re
229 2198 365 2237 dicium
390 2200 428 2237 in
447 2199 548 2238 Nota
565 2201 611 2239 ad
630 2202 711 2240 Ecl.

91 2250 147 2293 II,
168 2264 229 2301 ²4·
284 2251 384 2289 Male
407 2251 469 2289 hic
492 2262 554 2290 aut
576 2254 715 2304 Phyllis

91 2316 112 2340 a
128 2301 404 2352 Demophoonte
417 2314 548 2349 amata,
566 2315 627 2342 aut
636 2305 712 2343 Co-

82 2354 192 2398 drus,
211 2354 433 2392 Athenarum
451 2368 528 2400 rex,
547 2357 710 2395 nomina-

90 2415 200 2442 retur.
247 2405 303 2442 De
321 2405 448 2444 Codro
464 2407 599 2458 pastore
615 2409 710 2447 infra

87 2469 233 2507 quoque
255 2456 347 2501 VII,
381 2470 440 2496 22.
468 2461 530 2496 26.
583 2463 710 2512 jurgia

91 2509 209 2552 Codri,
238 2521 382 2546 carmen
407 2509 617 2560 respiciunt,
634 2525 708 2564 quo

87 2558 118 2596 is
133 2572 217 2596 cum
237 2559 309 2597 alio
326 2560 461 2610 pastore
486 2571 593 2600 cantu
619 2576 707 2600 con-

86 2611 263 2647 tenderat.
313 2610 369 2648 Ita
389 2610 468 2648 Ecl.
487 2612 545 2649 III
558 2614 707 2652 inscribi

83 2662 219 2712 poss'et:
245 2660 376 2713 Jurgia
391 2662 567 2703 Damoetae
577 2676 613 2704 et
626 2666 707 2704 Me-

85 2713 209 2751 nalcae.

145 2777 202 2812 14.
229 2762 364 2803 alterna
381 2771 512 2810 notavi,
529 2781 591 2818 per
601 2769 705 2806 alter-

86 2827 148 2859 na,
171 2815 372 2854 alternatim
399 2830 530 2857 canens
556 2821 704 2858 verficu·

85 2865 178 2953 ¹¹³¹,ss
203 2876 239 2904 et
264 2868 418 2907 eundem
439 2883 525 2910 mox
543 2870 706 2911 incidens

174 2929 248 2956 OM.
278 2931 311 2958 1.

712 1930 762 1962 18.
785 1932 853 1962 mihi
870 1932 997 1963 Zulich.

457 1993 504 2024 19.
527 1982 572 2014 ‘Tu
577 1985 632 2024 fid
642 1984 668 2015 d.
685 1983 841 2014 Rottend.
873 1984 1052 2025 succcedimus
1068 1992 1132 2017 tres
1146 1997 1218 2017 cum
1230 1988 1331 2019 Goth.
1348 1999 1399 2031 pr.

442 2034 548 2066 Etiam
563 2034 614 2065 hic
629 2033 683 2065 alii
697 2034 804 2078 scripti
820 2042 852 2067 et
866 2035 965 2069 editi:
988 2043 1021 2068 at
1044 2036 1102 2068 inf.
1120 2039 1255 2081 Daphnin
1274 2042 1314 2070 ad
1324 2042 1399 2084 qstra

1041 1935 1110 1964 cedet
1132 1941 1196 1965 tres
1215 1945 1267 1976 ap.
1288 1936 1400 1968 Burm.

777 2202 816 2242 in
846 2205 1035 2245 corticem.
1100 2208 1175 2247 Etfi
1207 2224 1279 2250 non
1307 2213 1397 2254 Ievis

775 2268 883 2306 opera
908 2259 975 2296 effe
1001 2259 1143 2305 debuit,
1169 2271 1284 2302 totum
1308 2266 1395 2312 hoc,

775 2309 875 2357 quod
897 2309 1056 2361 sequitur
1074 2324 1094 2349 a
1113 2326 1148 2350 v.
1168 2326 1233 2360 20,
1251 2329 1395 2355 carmen

773 2357 936 2398 incidere
986 2362 1130 2402 cortici.
1209 2380 1269 2419 15·
1299 2368 1390 2407 Vid.

773 2409 964 2450 Theocrit.
980 2412 1032 2459 V,
1051 2417 1113 2453 60.
1172 2431 1230 2468 17.
1235 2419 1396 2466 saliunca

770 2460 880 2501 herba
898 2464 1040 2514 ignota,
1066 2466 1158 2504 forte
1174 2471 1299 2508 nardus
1314 2473 1393 2509 Cel-

769 2518 847 2552 tica.
906 2515 983 2555 vid.
1013 2516 1168 2556 Martin.
1197 2521 1298 2568 Julio
1329 2524 1391 2560 Sa-

769 2563 860 2602 bino
874 2579 986 2617 genus
1001 2569 1152 2621 virgulti
1166 2572 1278 2622 asperi
1294 2575 1355 2612 est.

822 2629 885 2655 20.
909 2618 1038 2657 Lucius
1052 2622 1153 2672 super
1170 2622 1391 2674 Daphnidis,

768 2667 909 2719 antiqui
951 2669 1049 2708 istius
1090 2673 1236 2723 pastoris
1277 2675 1393 2714 Siculi

774 2721 890 2767 (conf.
915 2722 1104 2772 Argum),
1131 2736 1260 2770 morte,
1285 2740 1391 2777 quem

769 2772 877 2821 poeta
892 2786 985 2811 nunc
1004 2775 1174 2812 carminis
1199 2790 1388 2828 argumen-

769 2833 846 2860 tum
862 2823 966 2869 facit,
995 2826 1077 2863 satis
1098 2826 1255 2865 declarat
1273 2829 1389 2867 lusum

765 2872 922 2926 ingenii,
962 2890 1195 2966 nonGverum
1227 2880 1391 2919 affectum
