1821 3381
408 336 502 405 :378

586 332 641 381 P.
687 331 1074 381 VIRGILII

1143 334 1547 388 MARONIS

407 460 598 525 Justitia
621 461 851 507 excedens
873 460 1006 507 terris
1030 460 1231 526 vestigia
1253 460 1384 512 fecit.

472 553 561 600 Me
583 568 695 599 vero
718 552 936 615 primum
958 553 1118 600 dulces
1141 566 1250 602 ante
1270 556 1433 605 omnia
1450 557 1731 626 Musae‚475’

406 647 629 711 Qarurn
653 644 782 693 sacra
806 645 904 692 fero
927 645 1111 710 ingenti
1133 648 1372 712 percuffus
1394 667 1571 710 amore,

406 737 668 801 Adcipiant
686 760 699 792 ;
735 736 944 801 coelique
967 737 1065 784 vias
1087 749 1133 786 et
1156 737 1304 786 fidera
1328 741 1619 799 monstrent;

419 928 431 933 ψ
447 893 523 925 474.
546 886 733 929 vcstlgz‘aflgit
749 884 948 928 Cantabrig„
969 893 1004 918 ut
1021 887 1096 918 AEn.
1115 887 1174 925 VI,
1193 894 1265 929 159.

1356 896 1429 928 475.
1456 890 1516 920 Mc
1532 903 1598 921 vero
1607 892 1730 933 privum

403 938 545 969 malebat
563 939 719 977 Reiskhrs,
733 938 765 970 h.
790 949 816 970 e.
834 939 924 969 οἰκεῖον
939 939 988 969 καὶ
1003 937 1070 969 ’ἴδιον
1093 938 1215 974 ἓαητοιῖς,
1238 939 1293 970 fibi
1316 939 1482 971 addidium
1499 948 1530 972 et
1546 942 1727 984 proprium.

409 990 728 1033 —476.per.1·1ffes
755 1000 866 1021 omncs
892 990 1007 1032 optimi
1032 997 1063 1021 et
1090 989 1306 1032 antiquiffimi.
1350 993 1438 1024 Ante
1461 992 1572 1026 Heins.
1591 995 1688 1037 percu!
1700 1003 1732 1024 ut

404 1053 505 1085 prava
521 1052 697 1084 paucorum
714 1041 871 1073 librorum
888 1041 984 1072 lec‘tio
1002 1040 1179 1072 obtinebat.
1194 1041 1258 1073 vid.
1278 1041 1389 1074 Hcins.

388 1164 510 1212 οΙὶυιιΐῐ
536 1163 616 1201 sunt
637 1174 767 1214 patres,
794 1163 1030 1210 venerabiles,

401 1215 466 1264 qui
504 1214 620 1253 sancte
663 1229 703 1253 ac
747 1215 807 1266 pie
847 1217 1028 1255 coluntur.

402 1264 488 1304 Nifi
505 1267 668 1318 argutius
696 1267 773 1305 haec
791 1267 888 1305 dieta
907 1269 1027 1306 malis:

400 1316 485 1356 Illic
503 1320 649 1357 demum
681 1319 794 1362 sacra,
825 1331 907 1357 vere
932 1321 1031 1357 sacra

403 1372 486 1420 (pro
518 1371 625 1408 sacris
653 1384 736 1409 vere
762 1371 903 1420 habita)
933 1372 1030 1418 sunt,

401 1421 483 1459 illic
524 1422 647 1460 senum
684 1422 850 1461 sanffltas
885 1423 1024 1462 visitur.

398 1486 490 1523 474.
520 1486 671 1512 extrema
698 1485 757 1524 per
783 1474 852 1512 illos
885 1478 1028 1526 vestzgia

385 1529 491 1576 favit,
518 1539 603 1564 cum
637 1525 776 1564 scilicet
804 1527 880 1576 jam
911 1530 1027 1565 multo

399 1586 483 1615 ante
510 1578 606 1614 aulas
628 1586 664 1614 et
686 1578 817 1627 palatia
839 1578 1025 1616 beatorum

399 1628 609 1680 reliquiss'et.
662 1629 754 1666 Vid.
775 1631 881 1667 Arar.
904 1629 1025 1668 Phaen.

402 1692 476 1718 100
505 1682 579 1731 sqq.
636 1680 831 1731 Supersunt
853 1682 942 1718 adeo
970 1681 1025 1718 in-

396 1740 453 1768 ter
481 1733 630 1783 agrestes
658 1732 805 1783 vestigia
829 1733 954 1785 priscae
966 1734 1026 1784 ju-

395 1783 500 1821 stitiae
517 1794 552 1822 et
570 1784 796 1822 innocentiae.

445 1839 667 1887 475--489.
712 1836 890 1880 Primum,
943 1845 1025 1873 ante

392 1887 533 1932 omnia,
560 1888 686 1925 studiis
715 1887 952 1939 philosophiae
981 1900 1022 1925 ac

394 1949 530 1976 naturae
562 1940 807 1977 consecratam
842 1939 955 1977 vitam
985 1953 1022 1976 a·

392 2004 479 2042 gere
507 1991 542 2028 se
565 1992 656 2029 velle
681 1991 747 2036 ait,
775 1992 874 2042 quod
898 1992 923 2028 si
948 2005 1023 2029 non

392 2044 554 2086 licuerit,
609 2052 646 2080 at
698 2056 794 2081 certe
843 2044 1021 2081 rusticam.

392 2093 559 2145 Utraque
591 2095 691 2133 enim
725 2096 803 2133 vita
845 2096 950 2133 beata
987 2105 1023 2132 et

393 2147 635 2197 exoptabili53
666 2161 743 2198 490
763 2148 839 2198 sqq.
875 2147 1022 2184 alterius

391 2206 514 2234 tamen
541 2199 682 2237 deliciis
700 2213 740 2237 ac
757 2200 863 2236 bonis
887 2198 1020 2236 descri-

393 2249 522 2286 bendis
563 2250 789 2288 immoratur.
847 2251 1022 2301 Expreffit

391 2302 470 2339 haec
491 2302 614 2340 anaor
634 2302 786 2353 Dialogi
805 2303 851 2340 de
871 2303 1018 2341 Orator.

390 2367 425 2391 c.
451 2367 511 2402 13,
539 2354 670 2404 digno,
689 2355 753 2405 qui
775 2364 1017 2405 comparetur,

386 2406 484 2443 loco.
566 2407 709 2443 semina
764 2407 1018 2443 sententiarum

383 2457 481 2507 jacta
511 2457 588 2506 jam
621 2458 745 2495 videas
777 2458 815 2495 in
846 2458 1018 2495 Axiocho

391 2508 533 2546 Platoni
551 2510 606 2546 vel
629 2510 796 2547 AEsehini
823 2510 935 2546 tribui
963 2510 1017 2546 so-

386 2561 469 2598 lito.
527 2562 802 2612 Comparandus
837 2560 1018 2613 Thomffifon

383 2612 421 2649 in
441 2614 566 2662 Hyeme
584 2627 654 2665 572
672 2614 749 2665 sqq.

439 2680 485 2716 47
494 2680 528 2716 5.
565 2667 654 2716 476.
680 2673 827 2716 primum
855 2676 934 2702 ante
949 2680 1015 2702 om-

386 2722 461 2761 nia,
489 2728 529 2754 ut
540 2723 671 2768 primus
696 2729 776 2755 ante
799 2732 902 2754 omnes
928 2717 1012 2754 AEn.

387 2767 441 2811 ΙΙ,
470 2782 532 2819 40.
590 2768 643 2813 V,
669 2782 757 2819 49¹·
795 2781 884 2818 492.
922 2769 1012 2817 Jun-

386 2830 472 2870 gat,
496 2820 557 2857 cui
592 2821 706 2871 magis
736 2821 868 2872 placet,
906 2820 1014 2858 dulces

385 2882 464 2908 ante
481 2878 588 2909 omnia
606 2874 731 2922 [Uzgsae.
762 2872 867 2909 dulces
885 2871 1012 2924 MJgste,

385 2925 559 2975 μειλίχαι
588 2925 705 2962 Arato
724 2924 843 2962 Phaen.
868 2923 926 2964 16.
951 2936 1013 2976 17,

1096 1177 1205 1214 quem
1223 1164 1345 1202 locum
1371 1162 1411 1201 in
1436 1163 1559 1203 animo
1583 1164 1727 1204 habuit.

1094 1216 1209 1267 llffrgsae
1234 1222 1397 1266 accipiunt
1421 1228 1519 1260 eum,
1546 1217 1611 1267 qul
1629 1217 1662 1255 se
1679 1217 1728 1255 iis

1094 1267 1220 1311 tradit,
1248 1268 1446 1305 consecrat.
1499 1270 1607 1306 Sacra
1625 1274 1727 1320 ferre

1093 1319 1239 1370 proprie
1268 1320 1315 1357 est
1343 1320 1591 1365 sacrificantis,
1621 1334 1656 1358 v.
1687 1334 1724 1359 c.

1094 1371 1180 1408 AEn.
1209 1371 1283 1415 ΙΙΙ,
1316 1385 1377 1422 19,
1403 1380 1481 1408 turn
1499 1372 1652 1409 omnino
1671 1372 1725 1409 sa·

1093 1423 1266 1460 cerdotis.
1321 1422 1405 1471 jam
1443 1432 1562 1460 autem
1598 1421 1724 1476 po'etae

1094 1475 1271 1524 Musarum
1299 1475 1485 1523 sacerdotes
1519 1475 1724 1526 frequenter

1093 1526 1331 1576 appellantur.
1367 1525 1444 1564 vid.
1475 1526 1608 1564 Cerda.
1639 1527 1722 1564 No·
1776 1551 1780 1554 -

1093 1587 1172 1614 tum
1198 1577 1334 1615 Horat.
1369 1578 1495 1616 Carm.
1526 1578 1603 1623 ΙΙΙ,
1633 1591 1669 1623 1,
1698 1591 1720 1627 3

1092 1638 1128 1666 et
1164 1629 1324 1679 Propert.
1356 1629 1430 1674 ΙΙΙ,
1464 1643 1498 1674 1,
1525 1643 1546 1667 2
1585 1632 1723 1669 Primus

1092 1697 1148 1732 ego
1180 1683 1346 1733 ingredior
1363 1691 1449 1731 puro
1473 1684 1514 1719 de
1534 1686 1635 1733 fhnte
1664 1681 1719 1719 sa-

1091 1733 1216 1769 cerdos
1243 1733 1341 1771 Itala
1361 1743 1428 1782 per
1460 1734 1583 1771 Graios
1616 1733 1721 1784 orgia

1091 1784 1184 1823 ferre
1211 1784 1331 1822 choros.
1386 1784 1520 1824 Manil.
1551 1786 1585 1829 I,
1614 1786 1638 1823 6
1662 1786 1729 1823 Ad

1091 1838 1203 1874 viridi
1253 1847 1406 1875 nutantes
1447 1843 1572 1876 vertice
1601 1837 1722 1888 filvas

1092 1889 1233 1937 Hospita
1263 1891 1371 1937 sacra
1392 1893 1526 1939 ferens.
1605 1888 1721 1926 Porro

1092 1955 1212 1991 magno
1238 1941 1403 1990 perelgffus
1436 1956 1546 1979 amore
1576 1939 1720 1992 expres-

1091 1991 1167 2028 suan
1198 2003 1243 2027 ex
1272 1991 1419 2030 Lucret.
1455 1991 1489 2036 I,
1516 2004 1607 2044 922.
1643 2005 1718 2043 923

1078 2045 1148 2092 Jed
1172 2049 1247 2080 acri
1277 2044 1434 2093 Pes-cefft
1468 2044 1574 2095 tlgyrssz
1609 2043 1723 2082 laudis

1077 2098 1156 2144 spes
1182 2109 1308 2145 magna
1335 2112 1438 2134 meum
1467 2111 1531 2140 cor,
1559 2097 1605 2132 Et
1608 2095 1722 2146 simul

1091 2146 1217 2194 incuffi't
1221 2150 1372 2195 suavem
1390 2153 1436 2185 mi
1451 2150 1486 2184 in
1498 2153 1611 2197 pedus
1629 2162 1718 2184 amo-

1092 2213 1159 2235 rem
1178 2199 1378 2247 Musarum:
1405 2214 1465 2250 quo
1480 2214 1567 2236 nunc
1588 2200 1718 2250 irfiinc-

1088 2259 1154 2292 tus,
1187 2261 1290 2288 mente
1323 2257 1468 2303 ngentz}
1504 2251 1604 2288 Avia
1635 2251 1717 2288 Pie-

1089 2304 1198 2341 ridum
1226 2312 1372 2352 peragro
1404 2303 1474 2340 loca
1513 2311 1585 2339 etc.
1655 2301 1715 2339 Ex

1087 2366 1161 2403 quo
1191 2354 1273 2390 loco
1307 2344 1390 2391 satis
1422 2361 1534 2405 patet,
1565 2355 1716 2404 poetam

1087 2404 1224 2442 duxifl'e
1257 2404 1468 2456 phantasma
1512 2405 1558 2441 ab
1600 2404 1716 2455 orgiis

1086 2456 1251 2499 deorum,
1296 2471 1386 2508 quos
1422 2456 1487 2508 qui
1528 2456 1713 2501 colebant,

1084 2508 1292 2546 ἔνθεσιῶντες
1326 2508 1424 2547 sacra
1458 2507 1713 2553 celebrabant;

1085 2569 1126 2597 ut
1143 2560 1293 2604 Bacchi,
1322 2560 1488 2610 Cybeles.

1136 2625 1226 2664 477.
1257 2611 1392 2663 caelique
1420 2617 1501 2649 vias
1529 2622 1562 2649 et
1577 2612 1713 2662 sidera,

1084 2666 1182 2714 quod
1200 2664 1237 2701 in
1256 2663 1397 2714 vulgari
1415 2663 1594 2707 oratione,
1621 2663 1712 2700 fide-

1083 2728 1162 2752 rum
1197 2715 1340 2753 cursum
1368 2714 1414 2762 >in
1459 2716 1560 2752 caelo.
1627 2714 1709 2762 Jam

1082 2766 1248 2817 Orpbeus
1279 2767 1482 2817 Argonaut.
1511 2779 1582 2819 205
1617 2769 1648 2803 ὃς
1665 2771 1711 2815 ῥα

1079 2821 1212 2868 τοξείαις
1268 2819 1430 2868 Οὖξκνιάις
1478 2820 1584 2869 οἷς-ξων
1633 2817 1711 2858 ἐδάη

1080 2873 1201 2909 utI->mes
1232 2886 1268 2909 τε
1297 2873 1486 2910 πλάνη-ταις.
1538 2875 1613 2907 viae
1635 2870 1716 2908 caeli

1080 2936 1155 2961 non
1174 2936 1247 2960 uno
1273 2924 1386 2961 modo
1406 2923 1534 2960 dietae:
1563 2935 1598 2959 v.
1630 2921 1708 2973 sup,

1560 2973 1595 3019 1,
1613 2974 1706 3023 416.
