1987 3361
503 330 771 368 chxxvnr
875 310 1032 361 TIB.
1087 308 1200 358 CL.
1250 298 1574 350 DONATI

505 460 589 485 curn
636 444 771 484 caeteris
813 442 970 492 ejusdem
1015 437 1137 480 studii,
1195 429 1412 471 adversarios
1458 425 1616 478 Augusti
1664 422 1815 466 Caesari,

429 513 477 554 95
506 505 729 555 adjuverunt.
799 500 908 538 Unde
937 499 1070 536 saelum
1104 496 1167 539 est,
1209 501 1264 534 ut,
1306 501 1389 527 cum
1419 486 1535 524 vietor
1568 484 1748 534 Augustus
1773 481 1814 522 in

507 570 631 596 corum
666 568 769 605 agros
813 562 996 589 veteranos
1030 546 1163 586 deduci
1194 542 1349 594 juflisset‚
1398 551 1472 575 non
1505 535 1700 574 sufficiente
1724 545 1815 583 agro

509 612 821 656 Cremonensium,
848 607 1042 647 Mantuani
1072 615 1229 655 quoque,
1274 599 1313 637 in
1347 596 1480 648 quibus
1511 604 1587 631 erat
1617 591 1818 642 Virgilius,

511 673 705 711 maximam
734 681 870 722 partem
903 668 1045 705 suorum
1079 663 1205 702 finium
1235 654 1473 710 perdiderint,
1516 665 1560 690 eo
1594 651 1693 702 quod
1727 646 1820 686 vici.

435 734 487 786 96
515 733 551 769 ni
571 729 867 768 Cremonensibus
898 727 1054 764 fuerant.
1109 721 1178 760 Sed
1210 715 1405 766 Virgilius,
1447 709 1602 762 Augusti
1627 706 1821 755 familiari-

513 801 586 828 tate
605 789 737 839 suoque
765 786 921 824 carmine
936 784 1062 827 fretus,
1089 775 1307 817 Centurioni
1326 772 1437 810 Arrio
1454 771 1616 808 obsistere
1641 766 1743 804 ausus
1759 765 1822 804 est.

512 848 582 887 Ille
599 848 730 891 statim,
758 857 796 882 ut
815 845 930 888 miles,
959 843 1003 880 ad
1029 838 1194 892 gladium
1213 846 1357 873 manum
1377 828 1552 868 admovit.
1603 826 1771 874 Cumque
1787 823 1840 868 se,

514 908 553 946 in
584 907 710 957 fugam
728 903 952 956 proripuisset
980 905 1104 951 poeta,
1131 909 1203 935 non
1236 892 1335 945 prius
1369 886 1602 941 persequendi
1627 884 1707 922 finis
1736 881 1827 926 fuit,

514 979 625 1017 quam
645 965 677 1002 se
704 964 740 1001 in
761 963 911 1000 fluvium
932 958 1113 1010 Virgilius
1131 951 1343 1004 conjecisset.
1397 947 1464 985 Sed
1484 947 1616 997 postea,
1642 942 1825 980 Maecena-

516 1037 569 1071 te,
597 1035 631 1062 et
655 1023 830 1065 Pollione,
857 1031 892 1057 et
924 1018 1000 1069 ipso
1021 1015 1184 1067 Augusto
1216 1008 1434 1051 faventibus,
1461 1018 1565 1061 agros
1584 1004 1662 1040 snos
1680 999 1827 1050 recepit.

442 1096 490 1135 97
573 1082 723 1120 XXIII.
768 1077 926 1116 Intentio
957 1075 1059 1119 libri,
1102 1086 1210 1123 quam
1247 1070 1365 1108 σκοπὸν
1400 1064 1524 1103 Graeci
1556 1071 1701 1104 vocant,
1744 1059 1829 1096 imi-

518 1144 654 1180 tatione
690 1137 882 1177 Theocriti
913 1140 1029 1187 poetae
1062 1130 1305 1171 constituitur,
1345 1126 1409 1177 qui
1443 1122 1584 1168 Siculus
1614 1129 1650 1158 et
1677 1118 1830 1168 Syracu-

521 1202 625 1239 sanus
657 1199 742 1237 fuit,
797 1197 855 1234 Est
885 1194 1038 1233 intentio
1073 1190 1182 1228 etiam
1217 1188 1256 1225 in
1289 1185 1430 1224 laudem
1464 1180 1630 1223 Caesaris,
1673 1180 1709 1216 et
1733 1177 1832 1228 prin·

519 1259 644 1311 cipum
677 1266 900 1297 caeterorum,
955 1265 1018 1303 per
1058 1263 1148 1300 quos
1192 1247 1231 1284 in
1278 1246 1373 1282 sedes
1412 1242 1488 1280 suas
1525 1239 1657 1277 rediit:
1721 1238 1833 1281 unde,

524 1328 565 1354 ut
594 1328 630 1354 et
666 1314 936 1352 delectationem
964 1320 1001 1347 et
1031 1308 1227 1346 utilitatem
1262 1303 1341 1341 finis
1370 1300 1584 1343 contineret,
1639 1297 1834 1334 secundum

450 1383 500 1435 98
528 1386 702 1428 praecepta
716 1374 842 1411 cuncla
859 1370 1031 1409 confecit.
1085 1365 1211 1418 Qaeri
1241 1363 1344 1407 solet,
1383 1373 1448 1398 cur
1482 1372 1557 1396 non
1584 1357 1701 1408 plures
1726 1369 1836 1407 quam

528 1437 654 1473 decem
701 1433 853 1482 Eclogas
888 1426 1169 1477 conscripserit:
1228 1423 1325 1474 quod
1374 1431 1595 1469 nequaquam
1631 1416 1838 1455 mirandum

528 1496 712 1535 videbitur
762 1493 810 1536 ei,
873 1491 936 1542 qui
971 1485 1212 1526 consideravit
1259 1491 1401 1521 aetatem
1452 1479 1635 1516 scenarum
1685 1477 1840 1526 pastora-

529 1557 637 1605 lium,
682 1566 761 1602 quae
795 1550 890 1587 ultra
919 1549 1015 1584 hunc
1050 1557 1237 1582 numerum
1278 1554 1352 1578 non
1389 1538 1500 1589 potest
1534 1535 1710 1587 proferri3v
1753 1548 1842 1587 prae-

530 1615 653 1654 sertim
671 1625 752 1650 cum
780 1610 852 1660 ipse
879 1612 987 1659 poeta
1014 1601 1306 1655 circumspec'iior
1323 1591 1541 1646 Theocrito,
1568 1606 1607 1634 ut
1623 1595 1698 1646 ipsa
1716 1609 1769 1632 res
1787 1594 1842 1645 inf

529 1675 646 1716 dicat,
671 1671 835 1708 videatur
865 1676 1035 1710 metuere,
1063 1677 1107 1701 ne
1125 1663 1187 1699 illa
1205 1662 1360 1709 Ecloga‚
1387 1672 1467 1708 quae
1485 1656 1603 1702 Pollio
1620 1654 1844 1692 inscribitur:

532 1733 654 1770 minus
684 1729 811 1766 rustica
838 1727 1017 1768 videatur,
1061 1736 1144 1760 cum
1175 1720 1286 1772 ipsam
1316 1718 1362 1755 fic
1390 1718 1572 1768 praestruat
1588 1714 1677 1764 ipse,
1704 1714 1845 1758 dicens,

534 1792 684 1832 Sicelides
699 1790 826 1839 Ilffuste,
848 1787 964 1836 paullo
982 1787 1110 1836 majora
1124 1793 1304 1821 canamus:
1350 1787 1385 1814 et
1403 1777 1501 1815 idem
1521 1774 1684 1812 fimillter
1709 1774 1749 1810 in
1766 1774 1848 1813 aliis

460 1871 511 1911 99
539 1860 676 1903 duabus
692 1856 794 1895 facit.
847 1851 943 1891 Illud
964 1850 1156 1890 tenendum
1181 1847 1246 1884 effe
1265 1843 1492 1896 praedicimus
1509 1842 1549 1879 in
1568 1839 1748 1879 Bucolicis
1760 1841 1849 1878 Vir-

537 1918 638 1971 gilii,
663 1929 777 1965 neque
807 1912 995 1962 nusquam,
1022 1920 1138 1958 neque
1164 1905 1298 1955 ubique
1326 1902 1467 1952 aliquid
1492 1902 1643 1952 figurate
1661 1900 1752 1944 dici,
1776 1899 1849 1937 hoc

538 1980 603 2023 est,
629 1989 691 2027 per
708 1972 929 2023 allegoriam.
988 1968 1061 2005 Vix
1075 1966 1172 2004 enim
1187 1974 1332 2015 propter
1349 1962 1492 1999 laudem
1508 1959 1661 1997 Caesaris
1683 1969 1718 1996 et
1744 1959 1850 1997 amis-

539 2039 596 2077 sos
629 2048 734 2091 agros
758 2034 835 2070 haec
862 2028 1026 2079 Virgilio
1056 2026 1327 2068 conceduntur3
1370 2034 1455 2064 cum
1486 2019 1719 2066 Theocritus,
1745 2032 1852 2069 quem

540 2097 602 2135 hic
621 2095 737 2132 noster
764 2101 841 2130 toto
859 2088 976 2129 studio
1004 2085 1141 2133 imitari
1164 2092 1328 2131 conatur,
1354 2078 1561 2131 fimpliciter
1591 2077 1742 2116 omnino
1768 2091 1858 2126 conffi

542 2151 735 2203 scripserit.

446 2230 521 2257 100
598 2208 753 2248 XXIV.
811 2203 923 2256 Qod
954 2209 1072 2244 autem
1115 2200 1154 2242 in
1189 2198 1266 2250 ipso
1297 2196 1455 2235 carmine
1488 2195 1631 2233 trastari
1664 2195 1768 2242 solet,
1807 2198 1857 2239 est

447 2292 516 2319 101
548 2284 728 2314 numeruS,
780 2267 886 2310 ordo,
939 2261 1160 2313 explanatio.
1242 2259 1427 2295 Numerus
1466 2256 1686 2306 Eclogarum
1741 2257 1858 2295 mani..

549 2332 655 2369 festus
688 2330 749 2366 est.
805 2326 905 2362 Nam
936 2324 1062 2360 decem
1095 2319 1198 2357 sunt:
1250 2331 1294 2355 ex
1331 2317 1461 2367 quibus
1495 2315 1639 2366 proprie
1679 2315 1861 2356 Bucolica:

549 2391 628 2431 VII
655 2388 720 2426 effe
752 2385 971 2424 creduntur:
1025 2393 1108 2418 nam
1140 2389 1209 2417 tres
1239 2377 1377 2415 ultimae
1404 2376 1548 2428 proprie
1578 2375 1761 2413 Bucolicae
1784 2375 1864 2422 dici

595 2513 619 2545 ξ,
639 2521 692 2553 97.
727 2509 842 2539 Intfntio
866 2506 940 2536 libri.
1000 2501 1121 2534 Eadem
1142 2500 1176 2532 in
1239 2500 1313 2532 dem
1330 2498 1521 2540 Eclogarum
1537 2496 1623 2529 tituIi
1634 2496 1800 2528 commode
1812 2507 1865 2529 ex-

551 2550 639 2589 Serv.
656 2553 732 2584 ibid.
751 2553 775 2592 ἦ.
793 2551 820 2581 8.
1239 2542 1329 2586 presfi
1346 2543 1430 2573 sunt.

598 2599 624 2639 ξ,
643 2597 694 2639 98.
722 2596 823 2638 Queri
835 2594 913 2633 solet.
969 2589 1032 2621 Vix
1063 2587 1179 2618 habeas
1287 2588 1435 2616 Przt'aemon.
1503 2585 1632 2615 Sueton,
1676 2583 1715 2614 de
1752 2582 1865 2613 illustr,

552 2643 669 2678 dicere,
690 2646 761 2669 utra
776 2636 916 2668 stolidior·
929 2632 977 2671 fit,
995 2631 1123 2674 quaestio
1140 2641 1179 2661 ne
1246 2632 1422 2659 Grammat.
1442 2638 1471 2658 c.
1498 2636 1538 2666 23
1561 2627 1600 2657 de
1626 2624 1778 2656 Remmio
1806 2627 1867 2657 Pa-

553 2697 594 2719 an
607 2685 671 2726 ejus
681 2681 803 2713 solutio.
1244 2673 1401 2704 laemone:
1442 2671 1610 2712 Arrogantia
1626 2671 1693 2710 fuit
1722 2668 1812 2706 ἷαηία,
1839 2675 1870 2698 ut

600 2730 626 2768 ᾗ,
644 2737 696 2768 99.
733 2737 812 2764 neque
838 2722 976 2762 mgfiinam,
1013 2730 1092 2758 neque
1121 2717 1179 2746 uhi-
1243 2728 1376 2744 —nomen
1404 2727 1464 2744 emm
1490 2716 1518 2743 1⁴12
1544 2714 1677 2743 Bucolicis
1703 2725 1752 2742 non
1775 2720 1872 2742 temere

555 2785 605 2814 que
616 2786 625 2805 ‚-
651 2770 710 2800 hoc
726 2777 802 2797 vero
813 2772 902 2796 acute
918 2762 998 2794 dixit
1011 2763 1180 2791 Gramma·
1239 2759 1365 2801 pqfitum,
1411 2759 1474 2797 fid,
1525 2758 1702 2798 preestzgiente
1742 2752 1871 2796 Virgilib,

556 2816 647 2847 ticus.
694 2809 811 2840 Eadem
826 2809 857 2838 in
870 2809 955 2837 Serv.
971 2805 990 2836 l.
1004 2804 1023 2836 l.
1041 2805 1069 2844 (3.
1085 2813 1114 2844 9.
1131 2811 1179 2834 10,
1234 2804 1304 2844 fore
1331 2803 1481 2841 quandoque
1510 2801 1625 2829 omnium
1665 2792 1809 2840 pok'tahmt
1838 2810 1873 2829 ae

554 2858 621 2891 vid.
635 2854 751 2896 disput.
768 2855 798 2882 de
812 2851 920 2881 bucolico
935 2850 1063 2879 carmine.
1239 2847 1395 2888 pok'matum
1411 2843 1725 2888 Palaemonemjuaffcem,

600 2900 626 2945 ᾖ.
647 2906 718 2931 101.
742 2897 840 2927 Prima
857 2895 950 2937 igitur.
997 2891 1047 2923 Ne
1063 2889 1097 2921 hi
1112 2887 1184 2932 qui·
1611 2884 1615 2891 ¹
1659 2877 1662 2880 ¹

1748 2928 1774 2970 §-
1798 2935 1874 2971 104,
