1987 3361
536 301 745 333 Lxxvnr
881 287 997 334 DE
1066 285 1509 333 VIRGILII

523 424 647 469 duaa,
674 424 860 475 quousque
887 422 1063 474 progressa
1091 423 1145 466 fit,
1173 421 1319 472 quando
1338 421 1481 459 cursum
1500 421 1691 459 mutaverit
1709 431 1770 460 aut
1786 422 1844 462 in-

522 484 683 528 flexerit,
711 498 828 534 quove
856 493 1013 532 tempore
1041 481 1202 518 nobilior
1219 481 1340 531 aliqua
1359 481 1475 518 editio
1494 481 1706 525 successerit,
1733 495 1845 532 quam

520 550 703 591 tamquam
731 543 861 579 ducem
887 542 1052 590 vulgares
1079 540 1225 591 reliquae
1248 541 1496 590 sequerentur;
1524 539 1620 576 idem
1641 540 1844 579 institutum

520 601 558 638 in
580 601 746 652 Virgilio
779 602 802 638 s1
837 600 916 651 quis
947 601 1166 650 sequendum
1186 599 1251 636 srbi
1268 600 1334 636 effe
1353 599 1570 642 credidisset,
1597 599 1790 637 verendum
1807 599 1843 638 ei

521 673 593 698 non
613 661 679 697 ess‘e
697 661 925 710 putabamus,
953 672 996 695 ne
1015 659 1181 696 inutilem
1207 667 1244 695 ct
1267 672 1394 695 vanam
1421 671 1567 708 operam
1589 657 1716 694 locaffe
1739 657 1842 699 vide-

521 727 632 757 retur.
686 716 773 766 Jam
798 732 881 755 cum
916 717 1058 754 confilii
1093 717 1196 766 hujus
1227 716 1443 766 exsequendi
1472 715 1606 765 duplex
1630 715 1723 752 ratio
1753 715 1842 753 iniri

523 778 646 828 postet,
676 789 736 815 aut
767 789 806 814 ut
836 790 958 814 omnes
987 775 1153 812 omnium
1182 784 1385 825 temporum
1411 774 1589 811 editiones
1613 773 1650 810 in
1675 773 1843 811 manibus

521 837 686 882 haberes,
713 849 906 886 earumque
932 834 1200 883 comparatione
1218 832 1454 883 cognationes
1472 842 1506 869 et
1525 833 1706 869 stemmata
1723 832 1843 883 fingu-

519 896 636 935 larum
665 896 868 934 editionum
900 894 1132 944 intelligeres,
1162 902 1222 928 ant
1254 901 1294 927 ut
1324 891 1479 927 aliorum
1508 890 1614 927 fidem
1634 890 1843 940 sequereris,

523 966 558 992 ct
575 970 620 992 ex
640 955 698 996 iis,
726 967 804 1004 quae
822 953 892 990 sive
910 951 1048 989 criticis
1065 962 1099 987 et
1117 949 1335 992 editoribus,
1361 949 1431 985 five
1457 962 1477 985 a
1505 948 1591 985 viris
1619 949 1750 994 doctis,
1777 949 1841 1000 qui

523 1024 654 1052 veteres
672 1024 706 1051 et
726 1012 877 1049 rariores
894 1009 1072 1046 editiones
1099 1016 1441 1049 commemorarunt,
1468 1006 1513 1043 de
1541 1006 1687 1057 fingulis
1704 1006 1840 1045 editio-

521 1072 627 1109 nibus
645 1071 787 1122 prodita
806 1068 901 1112 sunt,
929 1067 1083 1111 ratione,
1107 1066 1250 1116 judicio
1269 1064 1324 1101 seu
1345 1066 1551 1115 conjectura
1568 1067 1713 1104 eliceres
1732 1076 1840 1117 atque

519 1129 766 1181 expiscareris,
793 1127 839 1164 ad
873 1139 978 1177 quam
1009 1134 1190 1175 tamquam
1221 1124 1364 1175 stirpem
1397 1138 1616 1175 unaquaeque
1643 1126 1759 1179 editio
1785 1140 1841 1164 re-

519 1188 665 1225 serenda
683 1187 786 1224 eflet:
816 1184 915 1236 prior
943 1184 1005 1221 illa
1036 1184 1093 1220 via
1120 1194 1154 1220 et
1182 1183 1276 1220 ratio
1305 1183 1402 1220 haud
1429 1184 1542 1221 dubie
1565 1185 1680 1223 tutior
1703 1195 1778 1224 erat
1802 1196 1839 1225 et

522 1247 651 1285 melior
663 1261 673 1290 ;
703 1246 742 1283 in
761 1243 925 1295 Virgilio
945 1253 1063 1280 tamen
1082 1242 1183 1279 nullo
1201 1243 1313 1280 modo
1332 1242 1420 1280 iniri
1441 1252 1595 1293 poterat,
1622 1257 1706 1282 cum
1725 1258 1841 1296 neque

521 1308 629 1346 ullam
648 1305 910 1344 bibliothecam
929 1304 1048 1340 adhuc
1067 1302 1286 1340 audierimus
1312 1303 1393 1346 effe,
1422 1316 1501 1353 quae
1519 1305 1690 1354 majorem
1714 1303 1840 1342 saltem

518 1367 720 1404 editionum
733 1363 1023 1415 Virgilianarum
1040 1371 1176 1412 partem
1191 1362 1397 1407 contineat3
1418 1375 1532 1413 neque
1545 1362 1727 1413 expefiari
1744 1363 1840 1414 posse

513 1426 770 1469 existimamus,
798 1433 837 1461 ut
865 1424 1008 1461 cunetas
1035 1421 1215 1458 editiones
1244 1421 1365 1471 aliqua
1400 1434 1445 1459 ex
1463 1431 1564 1472 parte
1583 1423 1838 1461 memorabiles

518 1500 630 1524 unum
649 1485 688 1522 in
706 1484 826 1521 locum
846 1482 1024 1532 congestas
1051 1479 1182 1530 aliquis
1208 1480 1347 1526 videat3
1377 1480 1486 1517 altera
1513 1490 1631 1518 autem
1653 1481 1734 1519 satis
1755 1482 1838 1532 qui-

518 1545 601 1582 dem
621 1543 775 1587 lubrica,
794 1539 1081 1582 difficultatibus,
1101 1537 1277 1588 impedita
1297 1548 1332 1575 et
1347 1539 1527 1576 erroribus
1546 1538 1706 1576 obnoxia
1722 1540 1841 1578 videri

518 1604 684 1642 debebat.
740 1602 837 1638 Cum
865 1610 984 1637 tamen
1016 1598 1194 1649 optimum
1215 1607 1252 1635 et
1270 1597 1494 1635 utiliffimum
1519 1598 1709 1636 confilium
1733 1599 1840 1638 aliter

516 1662 640 1715 perfici
658 1661 836 1711 nequiret,
863 1659 908 1696 ab
927 1659 998 1696 alio
1016 1668 1132 1695 autem
1162 1670 1205 1694 ne
1224 1656 1352 1694 tentari
1370 1656 1515 1707 quidem
1536 1658 1662 1707 pofl‘et,
1687 1657 1753 1695 nifi
1771 1657 1837 1709 qui

518 1723 555 1760 in
574 1721 740 1772 Virgilio
756 1719 1025 1770 interpretando
1044 1716 1256 1761 versaretur,
1285 1726 1320 1753 et
1345 1715 1498 1766 publicae
1526 1715 1679 1766 alicujus
1701 1717 1835 1755 biblio·

518 1783 631 1819 thecae
658 1777 840 1816 litterariis
867 1776 981 1827 copiis
1009 1775 1195 1812 instructus
1217 1775 1325 1819 effet3
1353 1788 1507 1825 cumque
1524 1776 1580 1812 vel
1599 1776 1646 1813 fic
1664 1775 1839 1826 aliquote-

516 1854 581 1877 nus
611 1837 808 1889 progressus
839 1836 905 1873 effe
934 1834 1005 1888 tibi
1035 1833 1151 1871 videri
1186 1834 1302 1884 possis,
1340 1833 1451 1871 modo
1485 1834 1640 1872 fundum
1674 1836 1835 1887 aliquem

517 1897 694 1950 posueriS‚
721 1895 781 1933 cui
799 1894 1032 1936 inaedificare,
1059 1902 1110 1938 et,
1138 1894 1237 1943 quod
1256 1893 1326 1930 tibi
1344 1893 1553 1945 contingere
1570 1907 1640 1930 non
1655 1904 1837 1944 potuerat,

519 1971 596 1994 rem
631 1969 651 1993 a
681 1967 714 1992 te
744 1954 951 1990 inchoatam
980 1953 1162 2002 perficere,
1201 1951 1282 1989 aliis
1309 1952 1347 1989 in
1379 1963 1523 2002 promtu
1549 1953 1613 1989 fit:
1642 1965 1757 2003 neque
1787 1953 1836 1991 fic

517 2029 661 2067 operam
680 2015 771 2052 hanc
791 2012 1049 2063 defugiendam
1077 2012 1142 2048 effe
1169 2011 1336 2048 arbitrati
1355 2010 1486 2049 sumus.
1540 2010 1579 2048 Si
1604 2011 1702 2048 enim
1731 2011 1836 2049 semel

517 2074 719 2112 editionum
746 2072 868 2122 stirpes
896 2084 938 2107 ac
966 2070 1120 2107 familias
1141 2070 1197 2107 vel
1223 2069 1429 2120 pinguiore,
1457 2079 1497 2106 ut
1523 2070 1640 2111 aiunt,
1667 2071 1835 2110 Minerva

516 2132 709 2183 descriptas
735 2129 984 2167 habuerimus:
1015 2127 1223 2178 unicuique,
1250 2128 1313 2177 qui
1333 2127 1529 2165 editionem
1549 2128 1652 2166 nobis
1673 2139 1735 2166 aut
1759 2140 1834 2167 non

517 2193 628 2229 visam
646 2201 681 2229 et
699 2189 899 2240 cognitam,
914 2198 974 2225 aut
988 2202 1060 2225 non
1072 2187 1155 2225 satis
1171 2197 1336 2225 accurate
1353 2198 1386 2224 et
1404 2188 1587 2239 explorate
1605 2188 1836 2240 descriptam,

517 2252 582 2288 sub
601 2265 706 2288 manu
725 2249 890 2286 babuerit
907 2249 945 2293 ἦ,
972 2248 1080 2285 facile
1098 2258 1133 2286 et
1150 2247 1361 2298 expeditum
1387 2248 1472 2293 erit,
1500 2248 1677 2300 dispicere
1703 2262 1744 2286 ae
1769 2250 1832 2287 de-

516 2311 636 2354 finire,
662 2311 708 2347 ad
736 2310 834 2359 quod
862 2308 1064 2346 editionum
1088 2321 1213 2358 geum,
1241 2307 1286 2344 ad
1314 2321 1422 2358 quam
1440 2308 1594 2353 classem,
1623 2322 1664 2346 ea
1683 2309 1724 2346 fit
1742 2309 1832 2346 refe-

518 2371 646 2414 renda,
672 2369 841 2419 quodque
868 2368 957 2404 adeo
988 2368 1142 2418 pretium
1174 2367 1208 2404 ei
1236 2367 1278 2404 fit
1306 2368 1544 2410 statuendum,
1572 2382 1695 2419 quaeve
1722 2382 1766 2406 ex
1789 2382 1831 2407 ea

517 2430 587 2467 five
605 2429 650 2465 ad
668 2442 742 2465 rem
758 2427 923 2464 criticam
951 2428 1020 2464 five
1047 2428 1090 2464 ad
1119 2427 1448 2477 interpretationem
1477 2427 1616 2464 utilitas
1641 2428 1683 2465 fit
1702 2442 1831 2479 expec-

516 2488 637 2525 tanda.
693 2487 747 2523 Ita
762 2487 903 2523 tandem
924 2487 947 2523 fi
966 2487 1082 2537 plures
1100 2500 1154 2532 ea,
1183 2501 1262 2537 quae
1289 2486 1351 2537 ipsi
1379 2486 1717 2532 animadverterint,
1745 2487 1832 2526 dili-

517 2557 641 2598 genter
669 2556 705 2583 et
733 2555 896 2583 accurate
923 2546 1154 2590 tradiderint,
1181 2546 1316 2596 sperare
1333 2545 1431 2591 licet,
1457 2546 1567 2584 alium
1594 2548 1670 2597 post
1699 2560 1762 2584 nos
1787 2560 1831 2585 eo

516 2615 768 2657 perventurum
796 2605 876 2648 effe,
908 2614 947 2640 ut
976 2605 1235 2641 accuratiorem
1272 2614 1388 2641 textus
1414 2604 1617 2655 Virgiliani
1644 2605 1831 2644 historiam

515 2674 696 2716 pertexere
727 2672 762 2700 et
792 2662 969 2713 pleniores
988 2664 1193 2701 editionum
1220 2663 1362 2701 annales
1390 2664 1547 2701 condere
1572 2664 1688 2715 poflit.
1742 2664 1831 2716 Qo

558 2784 578 2803 θ(-
601 2781 674 2813 Post
691 2782 766 2813 edit.
786 2783 924 2824 primam
941 2784 1044 2816 multa
1059 2784 1153 2827 hujus
1168 2785 1295 2828 generis
1310 2786 1371 2818 suae
1385 2786 1519 2819 Notitiae
1535 2785 1682 2829 scriptor.
1700 2785 1830 2817 latinor.

516 2827 688 2858 inseruerat
710 2826 829 2858 Harles.
848 2834 893 2859 to,
911 2829 935 2866 Ι,
950 2839 982 2871 p.
1001 2829 1064 2871 296
1081 2830 1127 2872 sq.

1710 2897 1834 2949 itaque
