1821 3381
388 312 477 371 278
591 302 1071 354 P.V1RG1L11
1129 302 1517 352 MARONIS

389 442 605 504 Adparet
628 436 816 501 liquido
839 433 1058 481 sublimis
1082 433 1131 480 in
1156 433 1259 482 aere
1281 434 1441 492 Nisus,

390 535 453 581 Et
476 549 563 596 pro
584 543 823 594 purpureo
845 542 1012 589 poenas
1035 526 1116 573 dat
1139 525 1296 588 Scylla
1318 526 1522 591 capillo:
1602 541 1694 590 405

390 624 706 686 Qacumque
723 617 806 663 illa
819 618 975 664 levem
991 616 1175 682 fugiens
1193 618 1315 665 secat
1328 619 1505 666 aethera
1517 620 1702 684 pennis,

391 714 524 760 Ecce
549 708 790 764 inimicm,
813 719 963 764 atrox,
989 723 1167 771 magno
1192 708 1390 757 stridore
1414 726 1500 773 per
1523 726 1655 757 auras

393 800 658 864 Insequitur
679 797 849 845 Nisus:
881 814 972 861 qua
995 797 1040 844 se
1062 797 1150 855 fert
1175 798 1319 847 Nisus
1342 801 1400 847 ad
1423 817 1573 859 auras,

395 895 486 942 Illa
506 893 661 939 levem
684 888 870 953 fugiens
896 889 1072 952 raptim
1096 888 1219 937 secat
1248 892 1422 938 aethera
1453 893 1637 954 pennis.

397 1063 479 1092 quam
495 1057 597 1080 exercet
611 1062 633 1079 c.
680 1050 727 1079 At
740 1047 878 1079 Eduard.
898 1046 998 1088 King.
1011 1055 1019 1077 2
1045 1046 1360 1087 Nequicquamfirvans
1375 1044 1502 1085 occafit7n,
1522 1043 1639 1085 quippe
1655 1042 1710 1083 qui

398 1102 431 1132 in
462 1108 551 1132 tanta
577 1099 645 1131 caeli
672 1099 839 1131 serenitate
867 1097 923 1129 vix
949 1096 1040 1140 poflit
1060 1096 1233 1127 observari.
1280 1094 1417 1132 Servius,
1438 1104 1535 1136 quem
1550 1093 1648 1136 vulgo
1664 1093 1709 1123 se-

399 1158 541 1192 quuntur
563 1150 764 1191 interpretes,
786 1150 957 1190 nequicquam
973 1157 1032 1188 pro
1048 1157 1112 1177 non
1129 1145 1204 1188 poni
1220 1144 1303 1177 vult.
1349 1145 1402 1186 J0.
1421 1143 1586 1174 Schrader.
1601 1153 1709 1174 emen-

399 1200 514 1232 dabat:
541 1201 733 1240 Nequaquam.
821 1207 895 1236 404.
919 1198 1014 1227 <ethere
1042 1198 1138 1226 Rom.
1165 1206 1245 1226 unus
1272 1194 1382 1225 Mead.
1472 1193 1654 1235 406-409,
1677 1193 1710 1223 iu

401 1250 470 1281 Ciri
484 1257 692 1292 repetuntur:
718 1258 735 1287 5
742 1247 781 1287 38
798 1247 842 1288 sq.
891 1248 1088 1290 Qamczmque
1120 1244 1219 1283 Gud.,
1241 1243 1335 1275 male.
1379 1247 1447 1274 αἶγα
1459 1254 1539 1274 unus
1556 1242 1709 1276 Arundel.

395 1302 490 1342 pinnis
514 1298 637 1330 Medic.
663 1298 747 1329 Gud.
777 1298 858 1338 Reg.
889 1295 1044 1333 Mentel.,
1066 1295 1116 1326 hic
1139 1302 1171 1325 et
1193 1303 1267 1335 409.
1356 1293 1431 1331 408.
1452 1295 1616 1335 quafertse
1630 1294 1713 1324 Rot-

401 1350 649 1389 tcnd.-—-—409.
675 1353 785 1389 raptum
803 1345 925 1376 Medic.
943 1356 960 1375 a
976 1354 1022 1375 m.
1039 1355 1087 1386 pr.
1103 1351 1136 1375 et
1156 1344 1235 1374 alter
1252 1345 1381 1385 Menag.
1420 1346 1527 1384 partim
1543 1343 1665 1374 Probus
1681 1343 1712 1374 in

402 1400 631 1431 Grammatica.
677 1399 781 1440 rapidis
798 1395 887 1427 Voff.
912 1395 992 1426 alter
1008 1402 1039 1426 et
1064 1395 1163 1425 Goth.
1186 1395 1244 1425 sec.
1278 1396 1355 1436 ficat
1369 1397 1438 1425 affra
1454 1394 1596 1426 Parrhas.
1641 1396 1717 1431 Cae-,

401 1462 508 1485 terum
524 1451 581 1481 hos
590 1457 654 1480 tres
666 1448 950 1488 versus407—409
962 1449 1192 1486 ταυτολογὲντας
1209 1453 1240 1476 et
1255 1445 1375 1488 spurios
1389 1446 1559 1477 damnabat
1571 1446 1716 1479 Reiskius

403 1512 436 1536 et
449 1504 487 1535 ab
504 1501 580 1533 edit.
596 1502 738 1542 Argent.
754 1498 854 1530 abesse
871 1498 1012 1529 notabat.
1057 1498 1165 1529 Essent
1191 1497 1308 1528 idcirco
1323 1497 1464 1530 transsati
1479 1509 1497 1530 e
1513 1498 1581 1530 Ciri
1601 1507 1714 1542 putan-

403 1558 447 1590 di.
484 1556 537 1586 -At
554 1554 593 1586 fic
608 1553 672 1591 406
688 1554 867 1596 Qacuquaee
882 1550 973 1582 fimul
987 1550 1048 1582 erit
1062 1550 1293 1582 rescindendus.

403 1687 566 1737 adeoque
583 1684 770 1722 continuo.
799 1683 947 1721 Noflua
966 1683 1031 1720 ob-

403 1739 543 1775 servans
577 1737 660 1773 solis
700 1735 881 1780 occasum,
924 1745 1032 1784 atque

405 1792 496 1827 adeo
515 1790 671 1831 noeiem,
699 1786 820 1823 sedens
839 1786 877 1823 in
894 1786 1032 1823 arboris

407 1840 609 1884 cacumine,
651 1838 750 1875 canit
782 1838 925 1880 affidue,
971 1838 1031 1874 sed

406 1893 555 1929 frustra:
601 1890 693 1927 Avis
727 1889 823 1926 enim
868 1888 1032 1939 quamvis

406 1942 585 1987 ominosa,
628 1940 909 1991 tempestatisque
945 1939 1033 1978 alias

407 1995 546 2037 nuntia,
574 2007 667 2030 nunc
699 2003 834 2035 tamen,
861 2006 933 2042 quo
965 1991 1031 2028 mi-

408 2060 473 2082 nus
505 2044 670 2082 serenitas
697 2043 832 2087 redeat,
861 2057 934 2080 non
964 2043 1033 2080 im-

406 2097 520 2147 pedit.
576 2095 671 2133 Plin.
710 2094 861 2136 XVIII,
892 2099 936 2145 87
982 2095 1035 2132 Sic

408 2155 526 2186 ⁷102sz
543 2155 578 2185 in
598 2146 699 2184 imbre
719 2146 867 2197 garrula
899 2147 1035 2196 (praesa-

409 2199 465 2249 git
485 2199 740 2245 serenitatem),
768 2201 936 2246 atserem,
954 2209 1034 2234 tcm-

405 2253 575 2300 pfstatem.
630 2249 737 2287 Nihil
771 2248 863 2285 mihi
890 2249 1037 2285 videtur

410 2302 527 2352 magis
545 2302 611 2338 effe
627 2299 834 2351 expeditum
863 2300 928 2337 hac
957 2299 1036 2337 nos-

412 2363 467 2389 tra
503 2353 662 2398 ratione3
708 2366 744 2389 v.
791 2361 909 2388 tamen
947 2351 1036 2388 Var.

411 2403 511 2441 Leffl.

463 2468 551 2504 404.
572 2453 630 2490 De
649 2453 784 2502 Scylla,
805 2467 883 2503 quae
901 2463 1036 2504 patrem

411 2506 544 2544 Nisum
584 2505 709 2542 Minoi
740 2505 963 2555 prodiderat,
1000 2506 1037 2541 in

410 2571 511 2594 avem
540 2570 610 2594 una
641 2570 721 2593 cum
758 2567 855 2605 patre
889 2566 1037 2601 mutata,

412 2608 486 2659 ipsa
517 2609 555 2645 in
587 2607 694 2652 cirin,
721 2620 833 2657 pater,
862 2607 899 2644 in
918 2608 1036 2646 haliae-

410 2671 508 2696 etum
526 2676 536 2704 3
561 2659 623 2709 qui
642 2672 719 2695 earn
739 2672 832 2695 nunc
864 2659 1037 2708 pertinaci

410 2711 499 2748 odio
531 2710 767 2762 persequitur,
791 2710 815 2746 fi
843 2711 1036 2760 conspexe-

409 2762 471 2800 rit.
504 2777 539 2800 v.
577 2761 684 2798 Cirin
702 2771 738 2798 et
757 2762 1035 2811 Argumentum.

411 2812 547 2850 Fabula
562 2826 619 2862 ap.
650 2813 763 2849 Ovid.
803 2813 895 2848 Met.
924 2813 1035 2852 VIII.

410 2865 510 2903 conf.
544 2865 622 2916 sup.
658 2865 705 2902 ad
739 2863 821 2904 Ecl.
858 2864 929 2909 VI,
972 2879 1034 2916 74.

1093 1684 1234 1735 liquidus
1250 1683 1342 1721 a'e'ris
1359 1694 1519 1722 naturam
1539 1693 1575 1721 et
1600 1685 1716 1723 mobi-

1095 1735 1164 1772 lem
1200 1736 1362 1785 denotet,
1415 1745 1451 1772 et
1484 1736 1716 1786 pellucidam,

1095 1787 1255 1837 adeoque
1305 1787 1483 1824 interdum
1548 1788 1716 1827 serenam.

1095 1852 1183 1889 407.
1228 1842 1387 1883 inimicus,
1431 1849 1555 1885 atrox;
1607 1843 1719 1891 potest

1094 1889 1145 1926 ita
1163 1889 1298 1940 accipi,
1324 1899 1364 1926 ut
1395 1890 1544 1927 alterum
1570 1905 1637 1942 pro
1656 1894 1717 1929 ad-

1097 1941 1221 1978 verbio
1256 1943 1319 1978 fit:
1363 1951 1468 1978 atrox
1503 1942 1613 1980 Nisus
1649 1944 1719 1981 ini-

1098 1992 1192 2029 mice
1224 1992 1447 2042 insequitur:
1493 1995 1720 2046 quandoqui-

1097 2044 1180 2080 dem
1226 2044 1357 2081 docent
1391 2043 1460 2080 viri
1498 2045 1611 2090 docti,
1646 2059 1720 2083 non

1099 2094 1291 2141 beneduo
1318 2095 1474 2145 epitheta
1499 2097 1627 2147 jungi3
1656 2098 1722 2134 nifi

1099 2147 1247 2183 alterum
1282 2146 1517 2197 participium
1553 2150 1607 2185 fit.
1642 2150 1719 2186 vid.

1099 2197 1239 2247 Georg.
1284 2197 1355 2242 ΙΙΙ,
1415 2211 1498 2249 149.
1544 2199 1617 2244 IV,
1663 2214 1721 2252 19.

1100 2250 1186 2287 AEn.
1206 2248 1279 2293 ΙΙΙ,
1297 2262 1358 2299 70.
1412 2249 1491 2287 Ubi
1509 2260 1626 2288 tamen
1643 2265 1723 2289 ora-

1101 2301 1193 2338 tioni
1212 2301 1347 2340 δεινότης
1370 2301 1490 2351 aliqua
1517 2302 1618 2348 inest,
1651 2316 1723 2341 non

1103 2353 1194 2389 male
1217 2363 1294 2389 tum
1328 2352 1402 2390 duo
1437 2352 1594 2403 epitheta
1615 2355 1725 2405 jungi

1102 2414 1224 2454 putem
1244 2404 1290 2440 ad
1307 2405 1508 2454 augendam
1527 2406 1578 2444 rei
1603 2407 1723 2456 gravi-

1102 2465 1225 2499 tatem,
1245 2455 1312 2492 five
1329 2456 1543 2506 adjedfivum
1560 2457 1631 2495 five
1645 2471 1723 2508 par-

1102 2506 1271 2557 ticipium
1289 2507 1354 2544 fit:
1384 2518 1423 2544 ut
1449 2508 1488 2544 in
1520 2508 1599 2553 illo,
1625 2510 1725 2559 quod

1100 2557 1196 2595 infra
1213 2558 1278 2596 lib.
1298 2557 1369 2603 ΙΙΙ,
1391 2572 1460 2610 149
1471 2559 1588 2610 Asper,
1605 2561 1726 2599 acerba

1088 2613 1226 2658 sonam.
1282 2610 1384 2647 Idem
1419 2610 1525 2648 etiam
1561 2621 1637 2648 tum
1672 2612 1724 2649 lo-

1101 2673 1185 2697 cum
1204 2661 1324 2706 habet,
1354 2675 1435 2698 cum
1462 2676 1518 2699 res
1545 2676 1608 2712 per
1624 2664 1727 2713 plura

1101 2711 1289 2756 attributa,
1326 2714 1507 2762 adjunfta‚
1546 2723 1608 2751 aut
1640 2715 1727 2759 alia,

1106 2776 1184 2812 quae
1227 2764 1277 2800 rei
1309 2765 1455 2815 propria
1485 2764 1578 2808 sunt,
1606 2766 1725 2802 decla-

1104 2814 1215 2851 randa
1243 2828 1284 2852 ac
1312 2815 1544 2853 describenda
1567 2817 1640 2854 est:
1671 2817 1725 2854 uti

1102 2866 1187 2905 AEn.
1215 2866 1302 2913 IV„
1317 2870 1362 2906 28
1369 2881 1388 2916 3
1411 2868 1526 2906 Ulmus
1543 2879 1659 2919 opaca,
1677 2874 1727 2904 in-

1626 2934 1725 2970 gens,
