1987 3361
357 266 516 323 PER'
550 271 814 321 ANNOS
861 268 1223 317 DIGESTA.
1340 283 1469 314 ccxv

163 411 277 450 Unde
310 411 396 448 AEn.
434 409 507 455 VI,
535 420 608 460 795⁶
631 409 738 457 ficper
777 406 876 444 Indos
917 406 1070 455 Prqfhret
1104 409 1286 454 imperium.
1340 402 1468 452 Itaque

165 483 382 522 magnopere
400 468 565 519 inprimis
582 480 603 503 a
620 467 738 518 po'e'tis
755 479 796 503 ea
813 477 866 502 res
878 462 1066 501 extollitur
1081 471 1116 498 et
1134 460 1334 513 magnificis
1353 460 1473 497 verbis

163 540 327 573 ornatur,
355 538 395 566 ut
412 528 458 565 de
474 525 678 579 profligatis
699 523 852 567 Parthis,
878 521 1001 560 everso
1030 534 1154 557 eorum
1181 520 1349 570 imperio,
1377 519 1474 556 νὶἐῖο

166 589 336 632 Oriente,
355 587 462 625 India
479 586 670 627 debellata,
688 597 748 621 eos
765 583 868 633 loqui
886 582 1022 619 videas.
1077 594 1112 617 v.
1139 580 1221 617 loca
1239 593 1297 630 ap.
1314 579 1475 616 Cerdam

167 648 214 686 ad
235 648 311 685 VII
330 649 414 685 AEn.
447 647 537 685 606.
590 645 654 681 Ad
679 644 774 680 hunc
800 643 922 693 itaque
945 654 1078 678 annum
1097 638 1215 676 versus
1233 643 1348 689 po'etae
1367 638 1476 677 nostri

167 707 242 746 Ge.
270 707 328 744 IV
346 706 458 751 extr),
483 704 539 750 II,
570 715 787 755 170—173,
813 701 887 746 111,
915 701 1063 748 26--33
1090 711 1111 735 a
1128 697 1310 735 nonnullis
1334 696 1477 740 referri,

166 767 270 818 supra
287 767 331 804 ad
351 780 386 804 a.
405 778 480 817 724
497 761 785 814 fignificavimus.
836 759 1028 811 Infigniter
1051 759 1193 795 auRum
1219 757 1265 793 est
1281 757 1351 794 hoc
1380 756 1477 793 idem

167 826 256 864 AEn.
283 825 357 870 VI,
385 837 459 875 799
489 825 602 874 Hujus
621 830 656 860 in
680 823 863 858 adventum
879 822 962 871 jam
977 832 1064 856 mmc
1079 828 1111 855 et
1131 818 1256 865 Caspia
1275 832 1378 868 regna
1396 816 1478 862 Res-

160 886 275 936 p07fis
300 883 433 921 horrent
460 883 595 926 divum,
622 892 654 918 et
681 880 825 916 Maeotia
857 878 966 922 tellus,
994 879 1041 915 Et
1045 880 1171 927 st‘ptem
1186 881 1314 926 gemini
1340 875 1479 913 turbaiit

167 944 298 993 trepida
308 945 386 993 ostia
405 938 493 979 Nili.

221 1003 330 1052 Occg'fiz
347 1002 515 1043 Artaxia,
541 997 604 1048 qui
623 995 702 1034 aliis
720 996 919 1034 Artabazes
942 993 1011 1031 five
1042 991 1271 1036 Artavasdes,
1293 1001 1358 1042 per
1372 991 1480 1029 dolum

161 1065 432 1112 propinquorum,
457 1059 558 1095 datus
585 1074 609 1095 a
638 1057 777 1104 Caejsare
804 1057 975 1094 Armeniis
1007 1052 1155 1104 (majori
1187 1051 1384 1099 Armeniae)
1420 1052 1481 1088 ‘Ti-

163 1135 305 1174 granes,
330 1119 544 1167 deduli‘usque
568 1122 604 1152 in
627 1131 764 1166 regnum
788 1130 811 1151 a
829 1114 963 1152 Tiberio
978 1114 1105 1149 Nerone
1122 1111 1246 1148 Tacit.
1276 1110 1411 1147 Annal.
1427 1109 1482 1151 Π,

171 1192 208 1228 3.
239 1193 274 1216 v.
309 1177 385 1217 Dio
404 1176 511 1220 LIV,
538 1188 561 1225 9
581 1184 617 1211 et
635 1174 689 1211 ibi
708 1173 854 1210 Fabric.
883 1171 985 1210 Add.
1005 1171 1136 1208 Vellei,
1156 1170 1210 1214 H,
1238 1182 1303 1219 94,
1335 1183 1353 1218 3
1373 1179 1409 1206 et
1427 1169 1482 1206 ibi

173 1237 322 1274 Ruhnk.
379 1235 482 1272 Hinc
514 1232 670 1284 Virgilii
695 1232 787 1269 illud
815 1232 889 1269 Ge.
923 1230 996 1275 ΠῙ,
1026 1243 1074 1280 30
1095 1229 1284 1280 puffilmque
1315 1228 1487 1277 Nipkalen

173 1296 253 1347 (qui
284 1295 469 1333 Armeniae
495 1307 597 1331 mons
624 1293 686 1335 est,
715 1292 807 1329 male
835 1305 856 1328 a
882 1290 1001 1342 poetis
1029 1289 1212 1326 nonnuliis
1239 1301 1306 1338 pro
1333 1287 1486 1325 flumine

169 1354 327 1399 habitus,
356 1366 508 1405 quorum
538 1352 618 1389 loca
648 1365 684 1388 v.
721 1350 817 1400 apud
852 1349 1008 1386 Maffon.
1037 1347 1129 1384 Vita
1156 1346 1305 1383 Horatii
1337 1360 1372 1397 p.
1408 1347 1484 1395 306

169 1415 264 1466 sqq.)
294 1414 470 1451 illustrant
487 1411 559 1450 viri
578 1410 693 1449 doffi.
747 1409 817 1446 Sed
837 1409 883 1445 ad
901 1422 955 1446 res
969 1421 1051 1445 cum
1072 1406 1212 1443 Parthis
1230 1420 1262 1444 a.
1283 1420 1357 1457 724
1375 1405 1486 1442 trans-

171 1475 265 1512 aetas
283 1473 414 1511 referre
433 1486 473 1509 ea
490 1472 642 1522 praestat.
695 1468 891 1506 Ominatur
906 1472 1017 1519 po‘e'ta
1036 1477 1218 1517 tamquam
1249 1466 1289 1503 in
1309 1465 1485 1503 vaticinio

172 1543 318 1571 eventus
333 1533 487 1575 futuros,
514 1543 587 1567 non
607 1543 658 1566 res
675 1540 754 1565 vere
767 1528 878 1578 gestas
894 1536 1047 1566 enarrat.

226 1592 258 1628 E
277 1591 381 1641 Syria
401 1591 580 1640 Augustus
597 1590 636 1625 in
655 1588 799 1624 Samum
816 1587 970 1624 reversus
987 1585 1126 1623 ibidem
1150 1585 1280 1623 iterum
1298 1584 1486 1622 hiemavit.

177 1649 394 1701 Frequentes
421 1650 481 1687 hic
510 1649 554 1685 ad
573 1661 654 1685 eum
672 1647 871 1698 legationes
899 1655 1160 1689 convenerunt,
1187 1654 1222 1682 et
1240 1643 1325 1681 Indi
1344 1655 1487 1694 pacem,

174 1723 281 1760 quam
300 1719 403 1746 antea
417 1722 478 1760 per
489 1718 646 1749 oratores
662 1707 852 1757 petierant,
879 1714 964 1755 tunc
983 1705 1191 1755 interpofito
1208 1704 1340 1741 foedere
1360 1703 1486 1739 sanxe-

176 1778 259 1805 runt
277 1778 313 1806 et
333 1769 427 1805 dona
448 1767 631 1805 miserunt.
664 1765 739 1802 Dio
758 1765 864 1808 LIV,
893 1778 930 1814 9.
987 1764 1051 1803 Cf.
1072 1764 1167 1801 difta
1186 1765 1262 1814 sup.
1282 1764 1327 1800 ad
1346 1775 1378 1800 a.
1399 1775 1488 1814 724.

175 1827 414 1864 Garamantes
445 1839 588 1877 quoque
612 1825 680 1862 hoe
712 1837 805 1867 anno
835 1823 924 1859 vic'fi
957 1837 977 1860 a
1010 1823 1055 1861 L.
1090 1823 1202 1859 Balbo
1234 1821 1395 1866 Proeos„
1423 1821 1487 1870 qui

175 1899 270 1928 anno
287 1885 450 1936 sequente
468 1884 525 1920 VI
544 1884 627 1920 Kal.
650 1883 739 1933 Apr.
758 1895 802 1918 ex
824 1880 951 1918 Africa
967 1881 1217 1931 triumphavit.
1249 1894 1284 1917 v.
1315 1879 1411 1916 Plin.
1432 1878 1487 1922 V,

177 1959 216 1997 5,
245 1945 307 1995 qui
324 1946 479 1982 clafficus
497 1943 597 1980 locus
615 1943 676 1983 est,
704 1951 740 1978 et
761 1941 877 1978 Solin.
899 1953 960 1990 ²9·
1018 1941 1119 1979 Add.
1151 1940 1292 1990 intpp„
1321 1938 1489 1989 inprimis

176 2005 328 2042 Ruhnk.
348 2005 394 2041 ad
411 2002 546 2040 Vellei.
565 2001 619 2044 ΙΙ,
650 2015 712 2052 51,
740 2015 776 2052 p.
800 2015 887 2051 249.
943 2001 1038 2038 Bene
1057 2001 1180 2051 itaque
1204 2000 1290 2036 AEn.
1311 1998 1385 2042 VI,
1414 2009 1488 2049 793

162 2067 269 2114 super
283 2075 315 2101 et
333 2062 571 2099 Garamantas
589 2073 620 2099 et
642 2062 739 2098 Indos
756 2062 908 2111 Proseret
923 2066 1105 2110 imperium.
1162 2059 1270 2096 Forte
1294 2067 1371 2095 tum
1400 2071 1491 2108 quo-

175 2136 245 2173 que
282 2121 505 2159 Nasamones
533 2119 664 2157 deleti:
695 2134 731 2157 ν.
765 2119 940 2156 Priscian.
978 2118 1117 2170 Perieg.
1149 2130 1233 2169 194.
1261 2127 1297 2154 et
1325 2116 1372 2153 ad
1399 2128 1431 2155 e.
1461 2116 1493 2156 l·

177 2181 269 2220 Exc.
290 2181 344 2222 X.
362 2181 402 2219 in
416 2178 646 2217 Wemsdorfii
669 2178 770 2216 Poet.
791 2178 875 2215 Lat.
894 2177 1024 2215 minor.

687 2303 752 2349 U.
791 2301 846 2348 C.
885 2313 994 2363 735.

256 2387 302 2434 C.
329 2388 498 2434 Sentius
522 2388 794 2434 Saturninus.
863 2385 925 2450 0⁶2,-
956 2384 1186 2430 Lucretius
1212 2383 1404 2444 Vespillo.

485 2478 526 2506 a.
555 2459 602 2505 C.
633 2475 704 2521 19.
778 2459 952 2520 Virgilii
975 2469 1180 2518 51-—52.

233 2542 399 2579 Donatus
417 2539 456 2576 in
473 2540 563 2577 Vita
581 2539 612 2589 ᾧ.
635 2552 676 2589 51
701 2539 803 2577 Anno
830 2538 1252 2590 quz'nqngcfimostcund0‚
1279 2544 1318 2572 ut
1342 2533 1494 2570 ultimam

182 2617 317 2640 manum
334 2600 483 2637 AEneidi
508 2605 694 2649 imponeret,
709 2601 833 2648 statuit
860 2605 895 2635 in*-
924 2599 1095 2638 Graeciam
1121 2608 1151 2633 et
1178 2596 1294 2644 Asiam
1334 2595 1496 2636 decedere,

182 2666 382 2711 triennioque
411 2664 558 2696 continu-o
585 2673 704 2695 omnem
729 2668 858 2707 operam
884 2657 1051 2693 limationi
1070 2657 1167 2698 dare,
1194 2666 1231 2692 ut
1259 2653 1388 2702 relisum
1416 2658 1497 2687 »vim

184 2731 314 2758 tantum
331 2718 545 2769 philosophiae
575 2730 729 2755 vacares.
782 2720 851 2754 Sed
862 2733 931 2755 (um
962 2718 1114 2767 ingrcffts
1142 2721 1206 2751 iter
1230 2713 1367 2749 Athenis
1392 2725 1499 2747 occur—

186 2781 273 2828 rffit
301 2780 462 2829 Augusto,
491 2777 536 2813 ab
568 2778 706 2814 Oriente
729 2777 862 2814 Romam
890 2780 1073 2813 rever-lumi
1090 2773 1203 2823 (quod
1222 2784 1344 2808 verum
1363 2770 1425 2806 cst.
1460 2783 1496 2810 v.

189 2837 269 2876 Dio
288 2837 396 2883 LIV,
429 2840 507 2887 10),
533 2852 602 2876 una
619 2853 690 2876 cum
717 2837 855 2886 Caesare
881 2836 988 2875 redire
991 2837 1128 2891 statieit.
1179 2833 1231 2871 Ac
1246 2847 1317 2870 cum
1336 2830 1500 2879 Mzgara,

755 2910 775 2948 5
1355 2903 1505 2932 ‘virinum
1544 2907 1547 2910 ⁴
