1821 3381
336 266 852 342 BUCOLICA,
920 284 1256 334 ECL.1V,
1382 292 1438 350 87

133 408 345 472 Oppida,
379 427 487 473 quae
502 408 701 473 jubeant
725 410 881 457 telluri
906 410 1134 458 infindere
1156 410 1321 457 sulcos.

133 500 272 548 Alter
293 502 382 549 erit
405 514 510 549 tum
533 502 733 565 Tiphys,
768 514 814 548 et
837 503 977 548 altera
1000 518 1109 565 quae
1133 504 1270 549 vehat
1293 503 1427 567 Argo

1377 608 1436 656 35

131 681 294 745 Atque
309 683 479 730 iterum
491 683 550 730 ad
562 682 756 747 Trojam
772 700 972 746 magnus
988 683 1203 730 mittetur
1214 684 1441 732 Achilles,

133 592 352 641 Delectos
376 595 566 649 heroas;
602 607 737 640 erunt
760 594 905 640 etiam
928 594 1071 640 altera
1095 594 1217 641 bella
1231 618 1243 649 ;

132 771 285 831 Hinc,
318 774 403 820 ubi
417 773 520 838 jam
545 776 731 821 firmata
753 775 912 821 virum
936 788 982 822 te
1007 775 1171 822 fecerit
1193 789 1323 835 aetas,

132 864 283 912 Cedet
305 878 350 913 et
371 866 469 930 ipse
491 868 612 914 mari
637 867 793 913 vector
807 891 819 922 ;
855 883 940 914 nec
965 866 1153 913 nautica
1177 868 1316 929 pinus

133 956 348 1004 Mutabit
371 975 577 1006 merces:
612 961 768 1006 omnis
794 959 909 1005 feret
933 957 1092 1004 omnia
1117 958 1273 1004 tellus.

131 1044 246 1091 Non
270 1047 432 1094 rastros
451 1048 652 1110 patietur
673 1049 861 1105 humus,
875 1064 969 1094 non
995 1047 1131 1093 vinea
1156 1046 1355 1102 falcem3
1378 1061 1444 1108 40

131 1133 367 1182 Robustus
390 1136 695 1202 quoquejam
722 1137 863 1184 tauris
877 1136 996 1202 juga
1021 1136 1165 1183 solvet
1189 1150 1358 1186 arator.

130 1225 233 1273 Nec
256 1227 407 1273 varios
429 1227 575 1274 discet
599 1228 792 1274 mentiri
818 1228 922 1274 lana
944 1229 1127 1275 colores
1148 1246 1158 1274 :

176 1368 230 1398 33.
252 1361 394 1401 infundere
417 1366 492 1395 tres,
514 1358 714 1390 aberratione
735 1358 836 1392 solita.

894 1361 991 1390 tellure
1018 1360 1177 1391 Rottend.
1205 1367 1280 1392 tert.
1322 1361 1446 1391 tellurem

126 1410 334 1452 2’1fi11deresulco
350 1413 445 1441 Rom.
457 1422 547 1442 unus.
580 1412 668 1451 sidcis
686 1410 790 1441 Vatic.
809 1410 953 1453 oblong.,
974 1412 1060 1452 quod
1076 1419 1107 1442 et
1124 1412 1227 1454 ipsum
1238 1412 1318 1442 bene
1334 1412 1363 1442 se
1380 1412 1438 1442 ha-

124 1460 367 1501 beret.——-34.
390 1464 482 1504 Argos
498 1463 572 1499 duo,
583 1462 686 1500 maie3
708 1472 782 1493 mox
799 1462 862 1493 duo
878 1462 1146 1502 Achillis.——37.
1171 1464 1231 1494 Hic
1247 1463 1390 1495 Parrhas.
1408 1471 1440 1495 et

127 1513 255 1543 Veu.——
266 1513 351 1552 —38.
373 1516 459 1543 maris
478 1513 577 1545 Goth.
605 1513 663 1543 sec.
689 1523 718 1544 a.
733 1524 776 1544 m.
797 1524 843 1555 pr.
888 1517 979 1545 vicJor
1000 1515 1134 1546 Mentel.
1167 1522 1197 1546 et
1215 1516 1298 1546 Dan.
1316 1515 1431 1551 Heius,

127 1564 319 1602 ed.--40.
345 1564 400 1595 Nec
431 1564 558 1595 Vratiss.
576 1572 608 1595 et
625 1566 757 1603 Franc.;
779 1565 860 1596 alter
873 1573 906 1597 et
924 1576 998 1596 mox
1014 1578 1058 1595 nec

290 1625 343 1654 41.
365 1617 486 1659 Robzstis
502 1617 584 1647 Ven.
604 1623 635 1647 et
652 1615 811 1654 Parrhas..
834 1617 887 1648 sed
903 1624 933 1647 et
950 1616 1029 1648 illud
1054 1617 1223 1660 epitheton
1245 1624 1350 1650 ornat.

127 1625 200 1658 Rag-

125 1724 284 1762 lustravit
300 1724 491 1763 Mitscherl
509 1726 623 1763 noster
631 1724 748 1765 Lestt,

125 1776 165 1812 in
184 1777 319 1814 Catuli.
335 1791 370 1827 p.
392 1790 426 1824 3.

179 1841 343 1879 37—45.
372 1828 470 1865 Cum
506 1827 612 1886 ‚virili
644 1837 747 1866 aetate

124 1879 322 1927 perfeffium
342 1879 387 1917 ab
416 1878 517 1916 omni
535 1890 633 1930 parte
650 1880 746 1917 redi-

125 1929 181 1967 bit
200 1930 364 1968 saeculum
393 1930 613 1975 Saturnium,
641 1944 747 1969 aurea

124 1992 218 2019 aetas.
272 1983 333 2019 Ab
364 1984 429 2019 hac
459 1983 589 2040 itaque·
596 1983 746 2020 aberunt

123 2046 245 2070 omnes
260 2035 367 2084 pestes
385 2044 420 2071 et
438 2035 530 2070 mala
554 2034 652 2078 vitae,
670 2048 748 2084 quae

122 2098 186 2135 per
203 2085 418 2135 cupiditates
445 2086 634 2123 hominum
655 2086 747 2124 infe-

123 2147 262 2174 runtur.
317 2137 459 2173 Contra
495 2137 658 2174 omnium
694 2150 746 2174 re-

124 2201 201 2224 rum
215 2187 348 2238 ubique
359 2202 421 2238 per
436 2198 607 2226 terrarum
621 2188 745 2226 orbem

122 2240 228 2290 copia
259 2240 329 2276 erit
357 2241 506 2283 summa,
535 2246 633 2278 omnis
650 2245 747 2291 feret

121 2298 230 2328 omnia
245 2291 355 2336 tellus,
382 2302 420 2328 ut
436 2291 667 2341 navigatione
684 2304 745 2327 ex-

122 2351 224 2379 terna
253 2341 347 2379 bona
374 2355 418 2379 ne
448 2353 565 2392 petere
597 2343 744 2392 quidem

122 2394 254 2429 necesse
285 2393 340 2431 fit.
405 2394 520 2430 Nulla
550 2394 640 2432 adeo
676 2395 745 2432 erit

121 2443 308 2494 navigatio
333 2459 367 2482 v.
396 2447 454 2493 38.
477 2459 553 2496 393.
572 2445 640 2483 erit
658 2459 744 2483 con-

121 2505 176 2532 tra
197 2496 341 2545 frugum
361 2497 593 2547 omniumque
613 2510 634 2533 e
652 2507 746 2534 terra

120 2547 340 2584 nascentium
362 2558 552 2598 proventus
573 2548 645 2585 fine
666 2549 745 2586 cul·

120 2607 161 2635 tu
195 2612 246 2648 40
277 2598 351 2649 sqq.
386 2612 464 2648 quae
493 2600 541 2636 est
574 2610 745 2650 perpetua

120 2650 196 2687 laus
227 2650 341 2687 aetatis
366 2663 495 2695 anteat,
522 2662 566 2687 ex
594 2652 743 2701 antiquo

119 2700 280 2738 sermone
308 2701 435 2752 petita.
488 2700 617 2753 Qid?
645 2703 743 2752 quod

119 2752 211 2790 adeo
228 2753 399 2802 loquendi
419 2766 495 2791 mos
519 2753 686 2798 invaluit,
702 2763 743 2790 ut

116 2803 227 2841 etiam
249 2804 389 2854 populi,
413 2805 502 2856 qui]
489 2804 662 2854 justitiam
679 2818 742 2842 co-

119 2855 181 2901 lit,
207 2855 282 2893 vita
309 2856 437 2895 eodem
478 2855 589 2895 modo
622 2856 743 2895 redhi-

305 2920 327 2957 3

1077 1569 1158 1596 vinea
1164 1568 1201 1607 j]
1238 1568 1332 1607 falces
1354 1567 1431 1598 Me-

815 1725 942 1764 beatur
959 1727 1005 1764 ab
1025 1727 1186 1765 Hesiodo
1201 1727 1273 1779 Op.
1291 1742 1336 1777 23
1344 1741 1363 1765 2
1384 1729 1439 1780 sq.

816 1790 861 1813 2
844 1780 904 1827 36
923 1792 1010 1829 237.
1031 1779 1143 1817 Adv.
1162 1782 1325 1828 3.8-—40
1318 1742 1439 1817 3-Nul

812 1804 861 1865 la³
858 1843 965 1880 opera
976 1832 1131 1867 humana
1145 1831 1326 1882 indigebit
1338 1845 1439 1883 ager.

811 1880 863 1917 cf.
893 1882 999 1920 Arat.
1035 1881 1214 1920 Phaenom.
1241 1896 1437 1922 110.111.

813 1931 939 1970 Genus
958 1946 1072 1983 operae
1089 1934 1126 1970 in
1143 1948 1165 1970 v
1169 1933 1273 1971 itium
1284 1948 1372 1972 cura
1390 1936 1438 1972 est

812 1985 1027 2034 amputatio,
1043 2000 1075 2023 v.
1095 1986 1141 2022 ad
1165 1985 1199 2030 Ι,
1220 1999 1279 2036 57,
1300 1986 1353 2029 JI,
1373 2000 1437 2038 70.

812 2034 985 2085 Respexit
1015 2046 1136 2074 autern
1166 2038 1283 2074 noster
1308 2038 1438 2074 Catul-

810 2087 885 2124 lum
886 2050 1052 2132 p,LXHI
1083 2103 1129 2139 39
1159 2088 1237 2139 sqq.
1270 2088 1324 2126 uti
1357 2089 1438 2127 nos-

810 2148 904 2175 trum
925 2139 1083 2176 Ovidius
1102 2140 1195 2177 Met.
1215 2140 1248 2184 I,
1274 2154 1359 2178 101.

861 2203 1027 2241 42--45.
1056 2191 1207 2228 Novum
1232 2205 1273 2228 ac
1303 2193 1435 2232 mirum

809 2241 1044 2289 phantasma'
1034 2256 1072 2279 m
1103 2242 1300 2280 vaticinio!
1327 2257 1438 2294 pecu-

810 2291 866 2328 dis
893 2293 994 2330 color
1024 2294 1166 2330 nativus
1193 2295 1260 2331 erit
1295 2309 1431 2346 purpu-

809 2356 902 2388 reus,
923 2358 1071 2382 croceus
1101 2358 1140 2382 ac
1163 2346 1292 2384 roseus.
1346 2347 1435 2385 Hoc

808 2394 860 2431 ita
887 2395 1100 2441 declaravit,
1120 2406 1159 2434 ut
1186 2397 1355 2447 tingendi
1374 2412 1435 2436 ne-

808 2447 997 2485 cessitatem
1015 2448 1138 2485 abfore
1154 2448 1265 2486 dicat.
1293 2450 1442 2488 Mentiri

810 2497 894 2535 lana
911 2499 1065 2544 dicitur,
1093 2500 1180 2536 dum
1211 2500 1373 2538 fucum
1363 2515 1434 2539 lm-

808 2548 920 2594 bibit,
950 2551 1070 2588 alieno
1105 2552 1229 2589 colore
1264 2552 1434 2602 tingitur.

810 2601 874 2637 Ad
905 2602 1090 2640 Etruscam
1118 2602 1350 2653 disciplinam
1380 2618 1435 2642 re-

809 2652 901 2689 ferre
935 2653 1005 2691 hoc
1062 2654 1138 2691 vult
1176 2668 1259 2691 cum
1306 2654 1435 2693 Servio

809 2703 1079 2742 Grammaticus
1097 2719 1154 2756 ap.
1173 2704 1344 2744 Macrob.
1357 2707 1432 2752 ΙΙΙ,

808 2767 829 2806 7
848 2771 858 2800 3
886 2768 932 2792 ex
958 2769 999 2792 ea
1026 2757 1149 2794 enirn:
1172 2768 1335 2807 purpureo
1367 2775 1433 2797 au-

806 2822 905 2844 reove
920 2807 1018 2846 colore
1038 2815 1110 2845 ovis
1126 2811 1255 2858 ariesve
1265 2810 1307 2857 ſs
1322 2813 1434 2859 asper-

801 2868 935 2911 gatur:
960 2859 1119 2911 principi
1149 2859 1291 2912 generis
1323 2861 1432 2898 clari-

1320 2920 1430 2953 tatem
