1987 3361
509 308 634 341 κων
875 292 988 339 DE
1056 290 1486 340 VIRGILII

511 429 728 476 rietatem
751 437 986 472 enotatam
1019 424 1231 469 exhibuit
1266 423 1500 472 Bottarius
1535 425 1655 473 libro
1689 427 1825 490 supra

513 510 702 558 laudato
726 525 774 570 p.
807 512 891 566 187
929 506 1054 567 sqq.‚
1090 505 1213 552 unde
1237 523 1319 552 nos
1344 507 1389 552 in
1416 523 1507 554 var.
1544 508 1648 555 lect.
1676 510 1826 556 trans-

513 591 779 651 cripsimus,
867 589 1035 650 Neque
1076 587 1373 651 Ambrogius
1415 589 1604 635 aliunde
1642 591 1825 653 petiisse

511 675 712 730 videtur,
737 688 1026 735 quamquam
1051 671 1088 716 is
1122 671 1277 733 ipsum
1306 672 1522 719 codicem
1556 673 1826 736 excerpsisse

510 756 661 803 videri
687 756 802 801 vult.
839 755 1085 816 Qantum
1105 753 1299 814 quidem
1323 754 1679 818 nobis-judicare
1697 757 1826 802 licet»

511 854 538 883 a
558 836 750 883 librario
769 835 901 880 valde
922 834 1111 880 indocto
1133 846 1178 879 et
1195 835 1254 880 ab
1272 837 1495 899 exemplo
1513 837 1684 884 nullius
1709 837 1825 884 boni

510 919 666 967 critici
701 934 841 980 opera
877 916 1127 962 emendato
1163 916 1358 979 scriptus
1396 919 1491 972 est;
1538 936 1633 981 quo
1664 933 1827 967 tamen

506 1003 611 1066 ipso
636 1001 752 1048 fides
781 1000 822 1046 ei
847 1011 977 1044 tanto
1005 999 1157 1061 major
1189 1002 1398 1054 accedit3
1437 1002 1521 1048 nili
1553 1004 1678 1065 quod
1703 1003 1825 1067 saepe

506 1085 879 1150 gloffemaribus,
899 1084 1244 1128 contaminatus
1264 1085 1342 1139 est,
1365 1101 1409 1131 v.
1430 1101 1472 1132 c.
1495 1084 1582 1131 Ge.
1607 1086 1690 1142 IV,
1711 1088 1822 1146 482.

506 1171 615 1229 488.
677 1165 911 1226 Expertus
948 1165 1092 1210 etiam
1116 1165 1180 1211 est
1208 1183 1403 1214 manum
1436 1168 1823 1226 emendatricem,

506 1249 702 1299 testante
727 1245 934 1292 Bottario
959 1247 1005 1291 in
1032 1246 1166 1308 praef.
1196 1247 1318 1294 laud‘
1343 1265 1392 1311 p.
1421 1248 1563 1297 XXI.
1637 1253 1717 1299 Ad
1745 1272 1824 1301 or-

506 1327 807 1393 thographiae
830 1327 995 1373 veteris
1014 1328 1353 1375 reconditiores
1377 1332 1575 1379 rationes
1603 1334 1703 1382 usus
1726 1337 1823 1402 ejus

504 1427 792 1477 permagnus
830 1411 917 1457 effe
938 1411 1105 1473 potest,
1140 1424 1186 1460 et
1220 1426 1448 1474 provocat
1481 1418 1729 1481 aliquoties
1762 1421 1823 1468 ad

505 1512 615 1544 eum
646 1495 796 1541 Aldus
833 1496 880 1541 in
915 1495 1039 1542 libro
1072 1496 1131 1543 de
1165 1495 1535 1562 Orthogiaphia.
1608 1503 1822 1554 Omnino

503 1578 737 1629 diversam
770 1594 797 1624 a
832 1578 1059 1626 Mediceo
1092 1580 1323 1626 rationem
1356 1580 1575 1643 sequitur,
1610 1603 1654 1632 v.
1691 1605 1732 1634 c.
1772 1590 1821 1637 in

504 1671 672 1721 quarto
696 1658 801 1705 casu
821 1676 906 1722 per
928 1677 984 1716 ω,
1008 1673 1060 1707 ut
1084 1670 1252 1718 montes,
1268 1661 1391 1708 urbes
1405 1686 1418 1717 ς
1444 1664 1654 1729 adeoque
1678 1672 1822 1719 etiam

501 1742 554 1789 in
578 1742 685 1800 hoe,
714 1742 792 1790 sed
817 1744 969 1790 multo
993 1745 1144 1808 magis
1170 1745 1218 1791 in
1242 1746 1338 1809 ipsa
1362 1747 1576 1806 lectione,
1599 1750 1729 1798 suam
1753 1753 1824 1800 fa-

504 1824 693 1872 miliam
717 1825 866 1872 ducit.
936 1827 1244 1890 Deduxitque
1268 1845 1350 1875 nos
1382 1829 1537 1876 sedula
1559 1831 1822 1882 observatio

504 1906 697 1957 tandem
721 1923 791 1963 e0,
811 1918 866 1953 ut
884 1908 1081 1954 omnino
1102 1908 1215 1955 duas
1241 1912 1458 1959 codicum
1480 1914 1694 1972 familias,
1730 1919 1821 1966 sals

506 2001 608 2037 tem
635 1990 685 2036 in
708 1990 925 2048 AEneide,
951 1991 1422 2054 deprehenderemuS‚
1443 1999 1634 2045 alteram
1661 2002 1823 2064 Apro⁴¹

505 2071 698 2118 nianarn
737 2072 818 2133 (de
848 2088 941 2135 qua
974 2074 1134 2136 paullo
1165 2076 1310 2137 post),
1348 2077 1573 2127 Mediceo
1606 2083 1820 2139 auctore;

505 2154 700 2200 alteram
723 2154 783 2200 ab
805 2172 861 2202 eo
885 2155 1134 2217 diversam,
1168 2158 1217 2204 in
1253 2175 1346 2222 qua
1376 2161 1596 2226 princeps
1632 2166 1695 2211 est
1721 2165 1822 2213 Ro-

507 2250 676 2282 manus
700 2236 734 2283 s.
758 2237 1031 2292 Vaticanus,

575 2316 748 2365 Com-:x
787 2335 1093 2380 PALATINUS,
1130 2324 1226 2373 Ms.
1267 2333 1383 2389 1631
1414 2328 1636 2378 biblioth.
1665 2332 1818 2381 Vatic.

506 2399 908 2462 membranaceUS‚
963 2404 1193 2469 scriptura
1246 2410 1485 2468 continua,
1540 2414 1820 2472 uncialibus,

506 2493 622 2541 quas
646 2478 880 2528 Bottarius
905 2498 1057 2542 vocat,
1080 2485 1158 2533 seu
1182 2489 1349 2547 verius,
1372 2491 1652 2553 capitalibus
1684 2496 1821 2542 rusti-

509 2559 717 2606 cioribus
752 2561 922 2609 litteris
956 2565 1107 2614 nitide-
1139 2567 1356 2632 scriptus,
1391 2571 1632 2631 Bucolica,
1666 2575 1821 2622 Geor-

507 2639 632 2702 gica,
657 2651 702 2686 et
719 2640 973 2692 AEneidem
993 2649 1272 2711 complexus
1289 2650 1367 2698 sed
1390 2651 1558 2699 misere
1579 2665 1822 2704 truncatus

509 2733 556 2767 et
581 2720 708 2767 foede
730 2724 923 2773 arrosus,
981 2728 1057 2776 De
1080 2747 1135 2777 eo
1154 2748 1198 2779 v.
1218 2732 1395 2780 Bottar.
1411 2737 1549 2797 praef.
1570 2737 1627 2783 ad
1645 2736 1822 2801 fragm.

509 2800 664 2854 Vatic.
690 2819 740 2866 p.
766 2803 808 2851 V
830 2819 876 2853 et
899 2807 1032 2868 XVI,
1056 2813 1139 2879 qui
1160 2824 1206 2860 et
1228 2813 1468 2882 specimen
1487 2817 1664 2873 codicis
1687 2820 1821 2870 dedit

1721 2919 1820 2969 1³·ss
