1821 3381
351 334 409 376 ηε
478 325 529 371 Ρ.
585 319 933 369 VIRGILII
978 317 1491 377 MARONIS,&c.

349 458 563 499 lustrandam
595 452 868 494 commemorari
902 460 1056 504 poterat.
1109 451 1200 488 Sunt
1229 461 1349 490 autem
1379 452 1492 490 multa
1521 451 1559 489 in
1589 451 1658 491 hae

349 528 490 579 ecloga,
517 526 557 563 in
584 525 712 575 quibus
737 521 902 560 subtilius
920 525 1035 572 po'etae
1057 519 1239 570 judicium
1257 520 1444 559 defideres.
1498 519 1659 559 Primum

350 598 550 650 ipsumhoc
568 607 678 646 genus
696 591 910 643 argumenti,
938 590 1036 640 quod
1064 588 1110 625 ad
1137 588 1343 640 allegoriam
1369 588 1526 634 accedit,
1551 590 1660 628 adeo-

351 679 419 718 que
437 665 474 702 in
492 672 665 715 perpetuo
683 673 799 698 rerum
816 672 856 696 ac
876 658 1068 696 verborum
1094 657 1170 694 lusu
1187 656 1360 701 versatur,
1379 656 1443 694 vix
1461 655 1541 694 satis
1559 669 1659 708 mag-

353 749 435 773 nam
454 732 663 785 gravitatem
679 744 720 768 ac
738 730 952 780 dignitatem
973 740 1128 778 unquam
1150 727 1278 764 habere
1293 727 1416 778 potest.
1461 728 1542 766 Nec
1561 725 1600 763 in
1616 738 1661 764 eo

352 803 473 855 potuit
490 801 572 839 vitae
591 800 727 838 rusticae
742 799 885 850 propria
899 798 952 835 vis
969 811 1010 834 ac
1027 796 1119 834 ratio
1140 796 1392 844 (charaezerem
1409 796 1552 842 vocant)
1567 796 1661 833 reete

354 873 497 913 servari.
550 870 586 908 V
590 870 626 907 ix
646 882 666 906 e
683 867 830 920 persona
848 866 991 917 pastoris
1009 864 1206 916 apotheofis
1232 863 1295 900 illa
1322 862 1400 900 heri
1426 862 1506 900 satis
1523 864 1663 914 placere
1683 896 1692 908 .-

355 942 478 995 potest.
531 937 769 990 Comparatio
795 945 914 973 autem
940 935 996 972 seu
1015 932 1188 983 allegoria
1213 944 1287 969 non
1312 931 1448 982 ubique
1470 932 1663 970 commode

356 1009 532 1064 procedit.
587 1007 660 1044 Sic.
679 1020 715 1043 v.
737 1007 782 1044 28
811 1004 979 1054 Tityrus,
1006 1012 1045 1040 ut
1076 1002 1278 1039 libertatem
1297 1000 1478 1050 impetret,
1507 1000 1664 1040 Romam

356 1079 619 1135 proficiscitur;
644 1076 784 1113 obtinet
802 1076 847 1109 ab
864 1076 950 1109 hero
968 1071 1169 1108 libertatem
1187 1069 1353 1121 pascendi
1371 1084 1380 1108 z
1409 1069 1497 1120 quid
1516 1069 1665 1107 mirabi-

359 1164 441 1190 mur
455 1151 525 1187 hoc
543 1148 690 1190 faustum,
718 1144 743 1181 fi
761 1144 907 1194 quidem
925 1143 987 1180 ille
1005 1142 1132 1179 heriles
1148 1154 1274 1192 greges
1290 1141 1401 1192 pascit
1416 1143 1429 1178 ?
1454 1156 1488 1179 v.
1509 1144 1560 1190 46
1578 1143 1665 1193 Pas:

359 1225 435 1265 cite,
452 1229 487 1256 ut
504 1228 595 1261 ante,
613 1215 722 1253 boves.
767 1212 812 1249 In
829 1211 1008 1249 sententiis
1025 1221 1143 1248 autem
1162 1223 1202 1247 ac
1220 1209 1335 1247 verbis
1353 1208 1505 1259 plurima
1523 1209 1601 1247 sunt
1618 1210 1666 1248 ab

363 1290 434 1327 hoc
455 1299 571 1324 rerum
593 1295 628 1321 et
645 1282 835 1321 hominum
853 1293 981 1332 genere
1000 1280 1127 1317 aliena.
1173 1278 1266 1330 Qis
1284 1278 1374 1314 ferat
1392 1279 1430 1314 in
1449 1277 1582 1328 pastore
1599 1279 1665 1316 sta-

363 1358 430 1397 tim
445 1371 453 1394 :
475 1353 802 1406 Mffamfilvfstrem
819 1353 1004 1389 meditari?
1032 1349 1086 1385 Ita
1103 1349 1220 1399 plures
1236 1345 1354 1384 versus
1371 1345 1451 1382 sunt
1466 1346 1541 1383 fere
1557 1346 1670 1400 epici⁸

366 1437 406 1466 ut
425 1442 444 1479 7
462 1426 550 1463 illst-‚15
565 1440 663 1463 aram
680 1426 772 1475 ἂψ(
785 1435 878 1462 tener
893 1425 1001 1473 ›lqssm's
1017 1421 1061 1461 ab
1078 1419 1223 1459 ovilibus
1242 1417 1360 1456 imbuet
1377 1432 1496 1470 agnus·
