1821 3381
331 324 420 383 238
522 318 576 365 P.
633 313 1017 365 VIRGILII
1088 301 1477 361 MARONIS

329 455 462 502 Huic
487 471 513 500 a
536 454 677 514 stirpe
700 451 842 514 pedes
865 462 995 497 temo
1017 460 1264 510 protentus
1285 449 1333 494 in
1356 449 1495 502 octog
1553 456 1636 511 171'

330 550 462 596 Binae
486 563 633 602 aures,
657 544 838 606 duplici
861 555 1083 605 aptantur
1107 541 1314 587 dentalia
1337 541 1491 587 dorso.

331 639 546 686 Caeditur
568 649 612 682 ct
638 635 738 682 tilia
760 645 865 680 ante
882 632 1002 697 jugo
1024 632 1153 688 levis,
1177 632 1364 693 altaque
1389 632 1523 694 fagus

330 733 569 792 Stivaquc,
594 743 702 790 quae
726 740 887 771 currus
911 740 936 768 a
959 735 1094 785 tergo
1119 733 1338 784 torqueat
1362 722 1484 767 imos
1499 744 1513 776 ς

330 822 396 869 Et
420 818 634 883 suspensa
658 817 774 864 focis
799 816 1008 878 explorat
1034 814 1201 860 robora
1226 813 1401 860 fumus.

1554 825 1641 875 175
1688 879 1693 882 ,

376 984 450 1014 171.
472 974 506 1005 ab
520 973 614 1016 stirpe
637 969 760 1002 Medic.
790 980 806 999 a
823 979 866 999 m.
883 968 940 999 sce.
960 974 991 998 ct
1007 965 1048 997 al.
1085 967 1228 1009 protetfiaes
1255 966 1390 1008 Menng.
1408 976 1457 1008 pr.
1496 970 1646 1008 praetentus·

331 1026 458 1058 Rioret.
484 1030 751 1067 quart.—-—172.
788 1022 864 1050 Bina
889 1021 966 1048 auris
994 1020 1115 1048 Moret.
1147 1028 1209 1058 pn,
1245 1016 1358 1058 probat
1389 1016 1513 1054 Hcins„
1541 1013 1647 1056 rejicit

330 1078 443 1110 Burm.
494 1078 570 1107 Bina
595 1073 693 1104 etiam
718 1072 819 1104 Goth.
843 1081 904 1112 pr„
931 1071 1040 1099 Aemilia
1066 1069 1190 1099 Moret.
1213 1067 1272 1098 sec.
1320 1067 1478 1109 Copulam
1500 1066 1647 1108 nuspiam

331 1129 447 1171 adjici:
481 1128 629 1170 duplicique
659 1124 781 1161 niiror3
815 1132 888 1152 cum
918 1120 1058 1151 sollenne
1089 1120 1149 1150 hoc
1172 1120 1209 1150 sit
1234 1120 1547 1159 librariis.————173.
1571 1120 1647 1149 talea

332 1180 432 1218 Gud.,
453 1179 550 1216 male,
570 1184 600 1207 et
620 1175 804 1206 adversante
821 1180 937 1203 metro,
984 1172 1089 1201 Editur
1103 1178 1130 1200 et
1145 1170 1278 1201 Mentel.
1296 1177 1370 1200 tert.
1465 1178 1536 1211 174.
1559 1170 1647 1200 Stiva

331 1244 432 1274 quoque
455 1238 478 1260 el
502 1238 598 1260 currus
615 1226 663 1257 ed.
680 1227 762 1255 Ven.
807 1225 941 1263 Stivaque
959 1234 1055 1251 currus
1071 1221 1194 1252 Bodlei.
1240 1220 1379 1252 Molesta
1402 1221 1511 1262 utIque
1532 1220 1647 1263 copula

333 1284 368 1314 in
385 1284 528 1322 Stivaque.
571 1277 718 1309 Debebat
745 1275 804 1307 esse
823 1278 925 1316 fagus,
939 1274 1031 1317 stiva,
1053 1284 1109 1314 per
1136 1271 1378 1315 appositionem,
1399 1283 1469 1313 qua:
1495 1272 1532 1304 fit
1555 1272 1649 1304 stiva.-

334 1334 499 1367 Martinus
515 1342 579 1364 non
595 1329 677 1361 male
698 1327 932 1359 emendandum
957 1324 1128 1356 arbitratur
1150 1326 1257 1365 altaque
1270 1326 1361 1365 fagus
1378 1324 1465 1354 Stivae
1480 1337 1536 1365 quae
1556 1337 1579 1356 c.
1596 1323 1646 1354 uti

322 1391 406 1431 jugo,
428 1385 460 1415 h.
486 1391 523 1415 ut
549 1393 586 1413 ex
609 1392 645 1412 ea
667 1380 782 1421 jugum
802 1377 869 1414 fiat,
891 1378 1000 1407 caditur
1021 1377 1095 1406 tilia.
1143 1375 1240 1418 Qod
1260 1374 1453 1416 tamenstiva
1467 1377 1576 1405 creditu,-
1591 1374 1647 1405 ab-

334 1436 426 1469 surde
443 1434 565 1466 dietum
581 1431 708 1463 videtur
725 1430 794 1460 viro
809 1428 917 1465 docto,
942 1427 1051 1458 mirari
1067 1427 1162 1463 licetg
1184 1436 1247 1456 non
1264 1422 1436 1466 cogitabat,
1456 1425 1486 1455 se
1502 1425 1534 1456 in
1550 1428 1648 1468 po'ffta

334 1487 464 1524 versari,
485 1485 534 1516 cui
560 1483 620 1515 dici
647 1488 772 1524 poterat
800 1481 934 1520 Sti-vaque
959 1489 1038 1520 pro:
1069 1485 1100 1508 et
1124 1477 1230 1515 arbor,
1255 1488 1325 1518 qnaz
1350 1469 1428 1506 stiva
1455 1475 1503 1507 fit.
1546 1477 1647 1519 Apud
1690 1510 1692 1512 v

335 1539 474 1571 eundem
490 1534 539 1567 vir
555 1535 668 1566 doetus
683 1532 789 1575 paullo
814 1531 881 1573 post
906 1530 1030 1571 legebat
1051 1531 1162 1570 cursus;
1185 1539 1249 1559 non
1264 1529 1356 1559 bene.
1402 1529 1487 1558 Nam
1503 1537 1645 1560 aratrum

334 1601 401 1622 non
414 1591 514 1626 currit,
535 1598 591 1618 nec
606 1587 711 1626 cursum
727 1586 821 1614 aratri
837 1580 1003 1623 quisquam
1019 1580 1110 1612 facile
1127 1580 1255 1611 dixerit.
1299 1581 1349 1621 J0.
1367 1579 1531 1611 Schrader.
1546 1581 1648 1612 trans-

334 1642 427 1684 ponit
458 1650 527 1680 174.
558 1647 628 1678 173·
694 1636 744 1666 De
772 1634 894 1665 caeteris
919 1632 984 1663 vid.
1011 1633 1144 1663 Notam.
1255 1640 1326 1670 175.
1351 1633 1476 1673 explorat
1506 1633 1647 1674 reposuit'

336 1692 448 1724 Heins.
469 1702 485 1721 e
509 1688 632 1720 Medic.
661 1698 679 1717 a
703 1698 748 1717 m.
776 1697 826 1727 pr.
854 1692 885 1716 et
909 1684 988 1721 aliis,
1013 1691 1048 1714 ut
1068 1691 1099 1713 et
1117 1682 1218 1712 Goth.
1233 1682 1292 1712 sec.
1337 1682 1386 1712 Sic
1403 1693 1529 1724 quoque
1547 1683 1646 1715 Pierii

336 1746 434 1775 Rom.
462 1749 493 1773 et
522 1739 675 1780 Oblong.‚
697 1745 732 1768 ut
760 1747 832 1767 curn
858 1737 967 1766 caditur
991 1734 1169 1765 conveniat.
1188 1733 1298 1774 Vulgo
1319 1733 1352 1764 in
1369 1733 1461 1766 editis
1476 1742 1508 1766 et
1522 1727 1649 1779 scriptis

335 1797 466 1839 exploret.
510 1791 631 1823 Eadem
647 1789 782 1820 varietas
797 1788 829 1818 in
845 1786 992 1830 Anglicis
1008 1785 1085 1817 Mis.
1102 1797 1153 1828 ap.
1168 1785 1300 1816 Martin.

337 1917 537 1969 descripsit,
564 1930 673 1968 quam
691 1917 729 1954 in
748 1916 827 1967 ipsis
848 1915 957 1966 scrip-

336 1971 477 2009 toribus
521 1970 593 2007 Rei
623 1969 781 2006 Rustieae
825 1967 958 2005 facium

337 2022 514 2073 legimus:
559 2031 685 2072 praeter
713 2033 823 2057 unum
860 2019 960 2056 enim

338 2073 516 2111 Varronis
541 2074 663 2110 locum
698 2072 732 2115 I,
775 2086 833 2120 ις),
866 2085 886 2109 2
924 2072 963 2107 de

339 2125 426 2163 bura
449 2129 592 2176 frasta,
633 2124 731 2160 nulla
768 2122 856 2159 alibi
898 2121 964 2158 bu-

339 2191 387 2215 rae
415 2176 472 2213 seu
490 2175 589 2213 buris
607 2175 743 2212 mentio
762 2175 853 2210 facta
871 2186 959 2210 con-

339 2229 407 2265 stat
423 2242 433 2272 3
457 2237 497 2264 ut
515 2240 579 2264 nec
598 2228 643 2263 de
663 2225 799 2262 dentali
818 2239 858 2261 ac
876 2224 960 2261 reli-

339 2279 433 2329 quis.
486 2279 569 2328 Jam
597 2279 663 2315 effe
690 2277 797 2314 burim
825 2286 961 2327 partem

339 2330 451 2367 aratri
479 2329 667 2380 posticam,
698 2328 840 2378 tignum
872 2326 964 2363 illud

339 2382 584 2423 incurvatum,
612 2379 670 2417 cui
687 2389 722 2416 et
750 2389 844 2416 temo
859 2380 965 2428 junc-

339 2443 399 2469 tus
428 2433 475 2470 est
504 2442 539 2469 et
574 2444 702 2469 vomer
736 2431 822 2481 ipse,
858 2431 894 2466 h.
928 2442 961 2468 e.

341 2484 483 2534 lignum
535 2483 595 2520 seu
649 2483 780 2520 ferrum
836 2482 963 2518 rostra-

341 2545 435 2579 tum,
464 2535 658 2571 aduncum.
686 2534 807 2585 glebas
823 2545 962 2577 eruens,

341 2600 416 2624 non
458 2586 659 2624 dubitatur.
739 2584 823 2621 Fuit
861 2584 961 2621 buris

342 2638 539 2687 aliquando
585 2651 650 2687 pro
686 2636 838 2672 temonis
873 2646 962 2672 tam-

343 2703 451 2739 quam
479 2689 550 2725 bafi
570 2702 610 2725 ac
635 2689 769 2731 fund03
800 2688 914 2737 postea
930 2686 964 2723 ei

342 2740 472 2777 inserta
488 2741 534 2776 est
553 2749 588 2776 et
607 2740 765 2788 injunRa
789 2739 884 2774 trabs
903 2739 961 2774 seu

342 2791 496 2842 pertica,
524 2805 602 2841 quse
621 2804 684 2841 pro
704 2801 844 2826 temone
858 2789 959 2827 effct:

343 2843 400 2879 Ita
417 2842 501 2879 huic
520 2842 617 2886 buti,
645 2845 795 2892 (istit-pe,
814 2841 853 2877 in
871 2840 964 2876 infe-

344 2894 440 2932 riore
480 2904 594 2946 parte,
651 2903 763 2938 temo,
813 2893 964 2938 ῐςοβοεῦε,

1022 1915 1153 1966 pedum
1174 1915 1271 1957 ooo,
1299 1924 1375 1950 tum
1392 1926 1492 1950 aures
1509 1924 1541 1950 et
1557 1913 1646 1950 den·

1025 1968 1113 2004 talia
1150 1968 1351 2017 jungunter
1391 1975 1426 2002 et
1468 1975 1647 2015 aptantur.¹

1024 2019 1130 2056 Aures
1156 2019 1221 2055 effe
1249 2017 1416 2053 videntur
1438 2016 1646 2067 prominen-

1026 2070 1087 2107 tiae
1114 2071 1208 2113 duae,
1236 2068 1304 2105 five
1336 2067 1433 2104 affixi
1464 2068 1646 2117 utrimque

1027 2120 1187 2158 affereuli
1211 2129 1273 2157 aut
1301 2118 1527 2163 ferramenta,
1567 2119 1647 2169 qui-

1022 2172 1088 2209 bus
1114 2172 1230 2209 sulcus
1264 2170 1373 2207 latior
1400 2170 1570 2214 efficitur,
1608 2180 1647 2208 et

1022 2225 1091 2261 lira
1122 2224 1179 2260 seu
1211 2234 1321 2274 porca
1352 2222 1472 2259 altior.
1540 2222 1646 2261 Hinc·

1025 2275 1208 2315 Palladius
1235 2274 1292 2311 tit.
1320 2272 1353 2317 I,
1382 2287 1446 2324 43,
1480 2287 1493 2310 1
1523 2285 1649 2312 aratra

1024 2334 1140 2365 aurita
1168 2333 1354 2364 memorat.
1406 2326 1538 2362 ,dratra
1559 2327 1647 2375 βημ-

1019 2379 1138 2429 plicia,
1167 2379 1242 2423 vel,
1259 2377 1299 2425 si
1316 2376 1428 2426 plana
1459 2384 1544 2427 regio
1566 2387 1648 2427 per-1

1025 2437 1139 2473 mittit,
1166 2436 1294 2471 aurita,
1314 2428 1429 2478 quibus
1442 2428 1555 2477 βψω
1573 2445 1646 2467 con-

1024 2493 1083 2520 tra
1088 2484 1245 2531 stationes
1260 2481 1400 2517 humoris
1418 2480 1550 2516 hiberni
1562 2482 1649 2528 sala

1024 2534 1147 2583 celsiore
1173 2533 1264 2580 sulco
1311 2531 1432 2569 attolli.
1500 2531 1650 2568 Dentale

1025 2585 1246 2635 accipiebam
1283 2598 1367 2623 cum
1408 2583 1502 2627 aliis,
1554 2583 1650 2619 duce

1027 2635 1167 2680 Servio,
1199 2637 1244 2673 de
1262 2636 1380 2687 ligno,
1407 2634 1504 2685 quod
1523 2645 1647 2671 vome-

1030 2700 1104 2725 rem
1134 2687 1274 2738 recipit,
1303 2687 1363 2726 cui
1391 2699 1513 2723 vomer
1534 2684 1651 2722 inclu-

1025 2739 1145 2784 ditur3
1200 2739 1333 2791 quippe
1366 2739 1466 2786 cujus
1498 2737 1649 2774 rostrum

1025 2790 1258 2841 proscindens
1309 2791 1444 2828 dictum
1478 2790 1527 2826 est
1571 2787 1651 2825 dens

1027 2841 1122 2892 apud
1147 2842 1296 2879 Colum.
1314 2842 1373 2886 II,
1399 2855 1436 2890 4,
1456 2840 1494 2884 6,
1512 2849 1547 2876 et
1577 2838 1649 2875 inf.

1031 2896 1103 2934 262
1122 2900 1262 2933 vomeris
1287 2894 1390 2946 obtzgli
1409 2893 1533 2929 dentem
1547 2905 1559 2927 :
1587 2889 1649 2926 sed

1465 2940 1651 2993 quomodo
