1821 3381
324 319 416 369 218
485 313 539 362 P.
598 308 985 361 VIRGILII
1055 306 1458 355 MARONIS

323 445 554 511 Depresso
578 443 776 508 incipiat
789 442 896 508 jam
919 453 1023 488 tum
1047 439 1168 488 mihi
1193 451 1350 487 taurus
1373 450 1525 486 aratro
1583 451 1642 502 45

325 538 593 602 Ingemerc,
617 547 663 582 et
688 534 816 582 sulco
836 534 1034 582 adtritus
1057 531 1379 596 splendescere
1403 547 1580 583 vomer.

325 628 416 676 Illa
439 628 567 692 seges
590 626 788 673 demum
813 625 935 672 votis
960 622 1211 687 respondet
1234 623 1361 669 avari

326 720 588 784 Agricolae‚
623 718 695 764 bis
720 733 829 781 quae
853 716 1017 774 solem,
1051 716 1123 763 bis
1150 715 1326 779 frigora
1349 713 1509 768 senfit3

368 837 423 876 4⁶·
445 838 533 867 vomis
559 836 683 867 Medic.
707 846 725 867 a
748 845 792 866 m.
816 834 875 867 sec.
898 842 972 867 tert.
997 833 1137 866 Mentel.
1153 834 1236 875 Reg.
1253 844 1270 863 a
1287 842 1330 863 m.
1345 832 1428 871 sec.;
1451 831 1491 863 sic
1512 830 1568 862 inf.
1588 830 1650 863 162
1682 872 1687 876 '

900 898 952 927 47.
975 889 1033 917 voti
1049 888 1146 916 Rom.
1189 887 1289 915 avaris
1307 883 1576 921 Zulich.-——48.
1593 895 1651 924 quae

327 897 362 922 et
377 900 427 932 ap.
446 888 543 920 Ovid.
560 888 639 919 Fast.
659 889 715 926 IV,
736 896 812 930 927.

326 942 367 972 bis
381 942 411 982 s.
438 942 568 981 Menag.
594 938 687 969 alter.
733 938 773 968 bis
796 950 895 979 quoque
906 939 938 979 s.
966 937 1110 969 Parthas.
1146 937 1232 980 fintit
1258 934 1387 966 Zulich.
1403 935 1465 966 duo
1483 935 1600 965 Moret.
1618 939 1652 965 et

324 991 443 1034 fragm.
458 990 556 1033 ejusd.
572 989 672 1021 Goth.
690 999 740 1032 pr.
755 1000 829 1021 cum
843 987 912 1020 Erf.

328 1118 412 1144 cum
451 1103 517 1142 nix
568 1102 753 1154 liquescit,
780 1111 816 1139 et
850 1111 959 1146 terra,

329 1170 352 1194 a
385 1155 524 1207 frigore
578 1155 783 1199 constrieia,
828 1153 961 1205 tepidae

329 1220 425 1246 aurae
460 1208 581 1245 affiatu
630 1206 834 1244 resolvitur.
897 1216 962 1256 pu-

329 1259 556 1312 tris—gleba,
573 1258 736 1296 emollita
751 1268 888 1309 tepore,
909 1270 962 1294 re-

330 1311 448 1349 soluta
465 1321 501 1348 et
518 1321 652 1353 tenera,
679 1323 714 1347 v.
733 1310 780 1346 ad
800 1309 853 1354 ΙΙ,
874 1323 963 1359 204.

332 1376 382 1414 45
412 1362 464 1413 sq.
484 1361 606 1414 Qam
625 1371 750 1399 ornate
767 1374 834 1412 pro
851 1374 860 1398 ε
886 1362 961 1410 jam

332 1424 410 1451 tum
435 1414 608 1451 arationis
644 1413 793 1450 initium
827 1412 962 1450 facien-

332 1465 422 1503 dum
449 1465 520 1503 est!
550 1465 698 1502 Lucret.
727 1463 779 1500 V.
808 1478 882 1515 ²09
909 1469 966 1500 evis

331 1516 650 1556 humana-valido
677 1518 823 1566 conficeta
847 1516 970 1552 bidenti

333 1569 502 1621 Ingemere
520 1580 550 1606 et
566 1579 692 1605 terram
703 1566 814 1617 prsffis
826 1569 967 1617 proscin-

334 1622 410 1659 dere
427 1625 571 1658 aratris.

388 1685 452 1723 47.
481 1675 543 1720 48.
571 1670 646 1708 Illa
657 1669 858 1723 figes—bis
892 1684 970 1720 quae

321 1723 443 1775 solem,
477 1723 526 1760 bis
549 1727 691 1775 frigora
715 1723 832 1771 setfit.
875 1725 970 1771 figes

336 1776 373 1813 h.
391 1777 417 1813 l.
436 1776 483 1813 est
502 1784 608 1817 terra,
627 1786 725 1825 ager.
767 1772 970 1824 Trepidant

337 1828 376 1865 in
404 1827 441 1865 h.
479 1827 504 1864 l.
537 1826 698 1877 Interpp.
731 1826 807 1876 jam
835 1825 921 1861 inde
949 1838 970 1861 a

339 1879 475 1923 Probo,
494 1889 534 1915 ut
552 1886 773 1928 componant
791 1876 867 1913 haec
887 1889 969 1913 cum

337 1931 500 1968 aratione
517 1928 638 1973 tertia,
665 1942 735 1979 qua
754 1928 865 1978 vulgo
884 1941 970 1964 con-

338 1984 403 2020 stat
432 1981 499 2019 seri
527 1980 675 2018 solitum
707 1979 823 2024 fuisse,
851 1980 902 2016 ita
931 1989 972 2016 ut

340 2047 423 2072 vere
446 2034 592 2071 ineunte
619 2045 704 2083 ager
727 2031 972 2082 proscindere-

341 2096 414 2130 tur,
425 2086 539 2124 aestate
557 2084 761 2127 iteraretur,
780 2084 973 2119 audiumno

342 2138 562 2180 tertiaretur,
588 2147 696 2186 atque
726 2134 778 2171 ita
809 2133 974 2171 sementis

342 2189 454 2227 fieret.
483 2187 532 2225 cf.
559 2186 628 2225 inf.
652 2200 726 2236 219
747 2185 824 2236 sqq.
843 2196 878 2222 et
892 2185 975 2223 vide

343 2255 378 2278 v.
414 2254 448 2279 c.
485 2239 634 2278 Colum.
668 2238 722 2282 ΙΙ,
750 2248 829 2286 4et
846 2236 898 2281 Π,
937 2239 973 2275 8.

345 2295 401 2331 At
431 2291 529 2330 enim
565 2290 594 2327 ii
628 2289 810 2340 agrieolae,
837 2290 901 2339 qui
934 2288 975 2326 in

345 2355 441 2382 terra
470 2343 539 2380 rite
568 2341 769 2392 subigenda
799 2339 975 2377 summam

345 2396 495 2433 culturae
511 2393 706 2445 ponebant,
734 2392 850 2429 solum
871 2393 975 2443 paul-

345 2448 384 2485 lo
404 2446 577 2498 pinguius
594 2455 718 2495 quater
743 2444 905 2488 arabant,
924 2444 976 2481 se-

347 2501 419 2537 mel
462 2499 609 2549 quidem
652 2499 727 2545 jam
761 2495 824 2532 sub
867 2497 976 2533 finem

346 2549 546 2593 auctumni,
575 2559 653 2585 tum
690 2560 770 2584 vere
809 2547 894 2585 anni
927 2547 978 2584 se-

346 2601 504 2653 quentis,
544 2613 629 2637 mox
665 2600 792 2642 aestate,
835 2599 980 2636 tandem

348 2656 556 2696 auffhmmo,
586 2665 669 2688 cum
711 2649 857 2688 sationis
891 2661 981 2688 tem-

348 2720 414 2757 pus
449 2705 604 2742 instaret.
661 2702 802 2739 Graecis
837 2703 877 2739 id
913 2703 982 2740 sol-

349 2759 454 2794 lenne
487 2755 588 2792 fuisse
635 2754 792 2798 videtur,
822 2764 862 2791 ut
906 2755 983 2791 col.

346 2808 440 2858 ligas
457 2822 477 2846 e
495 2806 683 2856 Theophr.
714 2806 833 2842 Cauff.
860 2804 977 2843 Plant.

350 2860 424 2904 ΠΙ,
457 2875 490 2898 c.
528 2872 574 2909 25
604 2858 663 2896 nal
690 2861 770 2894 ὅτκν
800 2859 893 2904 μετὰ
921 2858 980 2894 τὲς

350 2916 484 2962 'ageres
495 2914 616 2962 ἀξότὸς
635 2912 772 2949 wedowo:
791 2920 861 2948 etc.
892 2909 979 2947 Hoc

1024 1113 1109 1140 vero
1127 1098 1325 1142 faciebant,
1352 1109 1390 1135 ut
1405 1099 1508 1148 solem
1532 1109 1565 1135 et
1577 1100 1657 1151 fri-

1019 1169 1085 1208 gus
1101 1167 1185 1204 ager
1194 1154 1349 1200 sentiret,
1368 1153 1453 1189 ὅπως
1472 1150 1657 1201 χειμασὲᾗ

1027 1206 1086 1245 καὶ
1101 1202 1272 1255 »ὅλκια-θῇ,
1291 1210 1331 1240 ut
1348 1202 1446 1241 idem
1466 1203 1655 1253 Theophr.

1028 1257 1150 1310 paullo
1185 1265 1279 1292 ante.
1350 1255 1398 1292 bis
1429 1268 1528 1297 vero,
1568 1254 1657 1304 quia

1029 1310 1087 1347 bis
1121 1308 1158 1346 in
1187 1306 1394 1349 hibernum,
1422 1306 1477 1343 bis
1504 1306 1541 1342 in
1569 1305 1657 1343 aesti-

1026 1375 1112 1398 vum
1151 1361 1250 1410 (vere
1278 1367 1314 1395 et
1344 1359 1471 1407 aestate)
1502 1367 1656 1406 tempus,

1028 1412 1143 1450 aratio
1161 1408 1244 1447 talis
1257 1408 1402 1447 incidit.
1418 1411 1494 1446 vid.
1509 1408 1656 1445 Salmas.

1031 1465 1164 1501 Exere.
1197 1460 1293 1498 Plin.
1325 1474 1361 1511 p.
1395 1475 1480 1512 5¹0·
1537 1460 1658 1497 Etiam

1032 1515 1127 1565 apud
1159 1513 1321 1550 Tlieocr.
1349 1511 1406 1549 Id.
1428 1511 1563 1554 XXV,
1594 1525 1657 1561 25,

1033 1567 1096 1604 ubi
1125 1566 1170 1602 de
1203 1563 1334 1614 Augiae
1362 1564 1513 1614 opibus:
1544 1566 1660 1612 τξιπό-

1032 1630 1099 1657 λοις
1133 1618 1249 1666 &wigor
1283 1621 1310 1653 ἐν
1344 1620 1463 1653 νεωῖσιν
1494 1615 1566 1653 ἐ’σ5’
1605 1618 1659 1652 ὅτε

1032 1674 1213 1714 βάλλοντες
1281 1666 1338 1705 καὶ
1408 1671 1661 1718 τετξκπόλοισιυ

1033 1725 1159 1770 ὁμοίως,
1213 1720 1414 1770 Vulgarior
1439 1731 1557 1757 tamen
1592 1730 1663 1756 ter-

1033 1772 1194 1813 tiationis
1221 1772 1300 1810 usus
1330 1772 1393 1819 (e-f.
1423 1774 1526 1809 Arat.
1558 1769 1662 1815 Dios.

1035 1841 1103 1877 321
1155 1825 1230 1874 sqq.
1263 1824 1309 1860 de
1343 1823 1517 1860 lentiscot
1549 1823 1661 1860 latine

1035 1878 1142 1916 vertit
1160 1876 1246 1913 Cic.
1268 1876 1312 1912 de
1331 1875 1419 1912 Div.
1439 1875 1469 1922 I,
1488 1878 1543 1926 9),
1563 1875 1664 1925 isque

1033 1932 1109 1981 jam
1147 1927 1300 1964 Hesiodi
1347 1938 1464 1971 aetate,
1501 1927 1527 1963 fi
1563 1939 1664 1963 corn-

1038 1995 1135 2032 pares
1155 1988 1235 2030 Εςιγ.
1268 1981 1356 2028 384.
1382 1981 1456 2027 448
1488 1978 1539 2027 sq.
1571 1979 1664 2026 462,

1037 2043 1072 2070 et
1103 2037 1171 2071 νεῖον
1200 2033 1351 2081 τξίπολον
1378 2030 1452 2080 ipse
1482 2030 1667 2066 Homerus

1038 2095 1213 2123 memorat
1237 2082 1345 2120 Iliad.
1388 2100 1426 2126 σ,
1454 2095 1541 2132 541.
1579 2095 1667 2131 542,

1038 2147 1075 2174 et
1107 2136 1233 2184 Odyff.
1271 2152 1298 2179 ε,
1331 2148 1414 2186 127.
1475 2132 1586 2170 Plinii
1614 2134 1667 2169 lo-

1040 2202 1103 2225 cus
1139 2186 1275 2231 XVII,
1318 2199 1368 2224 20
1404 2185 1511 2223 unica
1562 2184 1668 2234 hujus

1039 2240 1157 2277 versus
1222 2237 1494 2287 interpretatio:
1551 2246 1671 2287 quarto

1025 2295 1100 2342 stri
1119 2290 1211 2341 sulco
1261 2290 1293 2325 V
1290 2289 1418 2340 itgilius
1464 2291 1672 2339 exssimatur

1038 2344 1189 2394 voluffi,
1233 2356 1305 2380 cum
1354 2342 1456 2383 dixit,
1514 2346 1668 2390 optimam

1039 2398 1098 2446 {ff}
1143 2397 1302 2445 stsgelem,
1351 2408 1428 2443 quoe
1476 2392 1526 2430 bis
1566 2390 1671 2440 solem

1042 2448 1090 2484 bis
1106 2450 1245 2497 frigora
1261 2444 1430 2494 fitfiffi’t;
1460 2457 1543 2481 cum
1570 2442 1668 2480 scili-

1043 2508 1100 2535 cet
1140 2498 1250 2546 vulgo
1286 2495 1381 2532 trina
1416 2495 1578 2532 aratione
1607 2493 1671 2531 de-

1045 2549 1280 2599 fungerentur
1310 2556 1464 2584 aratores
1502 2545 1604 2591 Itali,
1630 2546 1670 2585 h.

1043 2601 1264 2639 tertiatione.
1293 2612 1330 2635 v.
1350 2598 1459 2635 Varr.
1485 2599 1519 2643 I,
1539 2610 1601 2649 29.
1620 2597 1672 2636 cf.

1049 2665 1112 2700 32.
1136 2665 1198 2700 33.
1228 2663 1306 2708 34..
1322 2650 1470 2687 Colum.
1491 2649 1545 2693 ΙΙ,
1564 2662 1604 2697 4,
1631 2663 1671 2699 4.

1048 2704 1278 2755 Qarnquam
1296 2702 1393 2738 idem
1413 2701 1551 2738 Plinius
1563 2701 1672 2738 innu-

1049 2767 1107 2792 ere
1134 2756 1291 2798 videtur,
1314 2754 1389 2803 jam
1419 2763 1495 2790 tum
1520 2751 1675 2789 diversas

1045 2808 1090 2844 de
1109 2807 1178 2844 hoc
1197 2807 1284 2843 loco
1301 2805 1490 2853 sententias
1511 2803 1674 2854 viguiffe.

1044 2870 1161 2909 quarto
1165 2857 1258 2907 sulco
1275 2869 1360 2894 vero
1375 2869 1440 2906 pro
1458 2865 1584 2905 quarta
1597 2867 1675 2891 ara-

1043 2911 1143 2947 tione
1160 2909 1298 2947 dietum
1325 2917 1402 2946 tum
1419 2920 1483 2959 per
1511 2906 1545 2944 se
1563 2915 1675 2957 patet,

1598 2967 1676 2995 tum
