1821 3381
347 291 876 351 GEORGICON‚
931 293 1082 342 LIB.
1138 296 1180 344 1.
1323 299 1419 366 285.

109 427 341 491 Denique‚
362 427 479 491 quid
503 427 667 490 vesper
690 427 812 474 serus
835 428 986 484 vehat,
1010 429 1134 476 unde
1155 429 1333 479 serenas

109 518 287 566 Ventus
304 530 411 582 agat
436 517 598 573 nubeS,
616 516 732 579 quid
753 515 931 579 cogitet
956 516 1178 565 humidus
1202 519 1387 579 Auster,

108 609 188 655 Sol
212 609 298 655 tibi
320 608 450 671 figna
471 608 603 654 dabit
622 626 632 654 :
670 607 828 654 Solem
851 608 954 670 quis
978 608 1134 656 dicere
1155 610 1325 660 falsum

1320 703 1417 764 464

108 787 246 852 Saepe
260 799 437 844 monet,
449 786 756 851 fraudemque
769 800 814 835 et
830 799 992 851 operta
1008 789 1262 837 tumescere
1276 791 1414 840 bella.

108 697 328 747 Audeat?
363 698 442 745 ille
464 698 607 745 etiam
630 714 782 745 caecos
806 698 973 745 instare
996 702 1224 749 turnultus

149 938 225 977 461.
252 941 338 984 Qod
338 942 420 981 serus
438 939 565 972 Zulich.
600 942 686 982 firat
702 940 824 972 Medic.
842 952 859 971 a
875 950 918 971 m.
934 950 982 983 pr.
999 942 1163 973 Romanus
1179 949 1210 974 et
1228 943 1417 986 Cantabrig.

195 989 269 1028 462·
290 993 348 1032 agit
365 993 450 1033 Reg.
466 991 598 1022 Martin.
642 993 708 1022 unde
719 994 850 1033 firenans
867 993 962 1022 Eurus
977 1000 1042 1034 agat
1058 993 1244 1034 conjiciebat
1260 995 1420 1035 Reiskius,

107 1047 210 1078 acute,
227 1048 263 1072 ut
280 1040 354 1072 esset
369 1041 456 1082 quod
471 1041 573 1084 Azstro
589 1041 810 1084 responderet3
835 1049 867 1072 et
891 1042 965 1083 quia
991 1044 1120 1083 po'c'tam
1146 1043 1276 1075 decebat
1303 1045 1418 1087 niagi3‚

107 1091 218 1121 Eurum
244 1101 340 1133 quam
360 1099 469 1122 ventum
493 1092 641 1123 excitare.
687 1092 794 1123 Etiam
817 1093 867 1134 JO.
886 1092 1051 1123 Schrader.
1077 1093 1283 1134 conj-serenus
1300 1096 1418 1126 Earus:

108 1148 144 1171 ut
170 1151 245 1183 opp.
266 1143 388 1171 humidus
404 1142 515 1185 A1ster.
562 1142 749 1180 Enimvero,
773 1145 839 1172 unde
862 1144 967 1174 Eurus
987 1143 1105 1182 veniat,
1127 1144 1268 1185 ignorari
1284 1147 1418 1188 nequit;

106 1191 172 1229 sed,
195 1192 279 1223 unde
301 1199 414 1223 ventus
435 1200 589 1223 venturus
613 1193 661 1231 fit,
683 1203 746 1234 quo
769 1193 867 1224 nubes
890 1193 1105 1236 dispellantur‚
1128 1195 1188 1226 hoc
1205 1196 1342 1228 dubitari
1358 1209 1417 1240 po-

108 1242 178 1274 test.
229 1245 294 1284 quid
313 1246 404 1284 cogitet
432 1242 603 1284 accipiebat
628 1243 785 1281 Reiikius,
809 1243 904 1285 quafi,
925 1244 1075 1286 'coagitet
1099 1252 1130 1276 et
1157 1247 1346 1288 co1npellat;
1368 1248 1419 1280 uti.

108 1300 174 1334 agat
190 1292 227 1325 fit
242 1292 325 1335 quasi
340 1293 458 1334 abigat.
503 1295 628 1324 Locum
645 1294 817 1325 declaravit
840 1294 989 1336 Spencius
1006 1295 1163 1336 Polymet.
1186 1298 1276 1334 XIII,
1293 1308 1323 1339 p.
1343 1308 1419 1339 203.

108 1346 175 1385 quid
184 1352 259 1386 cogat
273 1352 297 1375 et
312 1345 383 1375 edd.
400 1345 495 1375 Aldd.
514 1355 562 1387 pr.
578 1353 610 1376 et
626 1345 682 1376 sec.
705 1356 777 1376 cum
788 1348 877 1388 Junt.
893 1357 931 1376 ex
945 1348 1012 1388 cogit
1025 1354 1051 1376 et
1065 1357 1124 1388 pro
1139 1347 1269 1389 cogitet,
1285 1357 1320 1379 ut
1336 1349 1418 1393 saepe

108 1402 261 1426 erratum.
277 1405 308 1425 v.
324 1396 432 1426 Burm.
467 1399 513 1436 qui
527 1399 624 1437 cogitat
641 1397 762 1427 Moret.
783 1403 885 1438 quart.
905 1396 1043 1438 Kingius
1055 1397 1086 1428 in
1101 1408 1172 1440 app.
1190 1399 1268 1430 edit.
1283 1401 1416 1433 Martin.

109 1445 143 1476 τὸ
164 1448 256 1488 cogitet
281 1456 344 1476 non
366 1446 533 1478 ferendum
557 1447 617 1478 esse
637 1447 788 1489 putabat3
811 1448 918 1489 itaque
934 1448 1072 1480 malebat
1094 1457 1169 1492 cogat
1182 1458 1208 1482 et
1229 1459 1283 1483 aut
1297 1455 1419 1484 concitet.

110 1497 183 1527 Hoc
207 1497 261 1534 est,
286 1497 391 1528 minus
415 1498 577 1539 poeticum
592 1498 742 1540 praeferre
758 1499 861 1536 alteri,
876 1499 961 1540 quod
976 1500 1108 1540 poeticae
1133 1501 1249 1533 rationi
1276 1502 1319 1535 est
1342 1513 1416 1535 con-

109 1547 302 1579 sentancum.
390 1548 465 1589 463·
486 1551 553 1580 dedit
569 1550 693 1582 Nioret.
708 1561 756 1593 pr.
843 1549 884 1589 46
885 1558 918 1590 5.
939 1557 1036 1592 aperta
1051 1550 1173 1582 Bodlei.

162 1682 378 1731 461—463.
412 1679 550 1727 Verbo,
577 1696 621 1720 ex
658 1682 731 1720 sole

109 1733 279 1784 praesagia
301 1732 450 1770 omnino
478 1734 630 1784 petimus
655 1747 730 1771 ce:-

111 1785 253 1827 fiflima,
293 1798 374 1834 quae
418 1784 514 1821 circa
551 1785 730 1835 vesperam

112 1835 190 1872 caeli
215 1835 337 1879 facies,
374 1835 492 1873 serena
521 1849 564 1872 an
592 1835 732 1881 nubila,

109 1886 230 1923 futura
261 1886 322 1930 fit3
366 1900 386 1923 a
421 1900 490 1936 qua
522 1888 599 1924 caeli
633 1898 733 1937 parte

112 1948 235 1976 ventus
262 1939 372 1975 siccus
388 1951 432 1974 an
450 1938 590 1988 pluvius
606 1949 730 1975 ventu-

112 2003 171 2026 rus
190 1989 242 2027 fit.
296 1991 384 2039 462.
416 1991 498 2040 quid
515 1995 627 2041 cogitet
646 1991 732 2039 Aus-

111 2052 176 2084 ter,
202 2041 384 2091 praeclare,
411 2050 518 2078 vento
547 2041 585 2078 in
615 2041 730 2091 perso-

112 2105 194 2128 nam
237 2102 398 2129 mutato:
429 2101 469 2128 ut
502 2104 558 2142 ap.
598 2093 730 2131 Horat.

111 2145 315 2192 quodcunque
363 2143 546 2180 minabitur
605 2145 730 2182 Eurus‘

798 1682 974 1721 emblema
1001 1684 1186 1730 carminis,
1212 1686 1271 1724 seu
1300 1687 1420 1738 episo-

796 1734 913 1778 dium,
954 1748 1027 1771 non
1059 1736 1253 1787 inelegans,
1292 1752 1420 1789 quam-

795 1798 901 1835 quam
920 1786 966 1823 ad
986 1787 1101 1824 nostra
1119 1797 1279 1838 tempora
1300 1790 1420 1828 minus

793 1838 1129 1884 accommodatum3
1156 1853 1228 1889 quo
1256 1845 1365 1890 poeta
1382 1851 1419 1879 et

795 1886 888 1924 illud
919 1889 1052 1934 effecit,
1092 1900 1132 1926 ut
1158 1891 1328 1929 varietate
1352 1892 1419 1929 ali-

796 1951 866 1988 qua
895 1939 1173 1991 distingueretur
1213 1945 1420 1993 argumenti

796 1999 911 2035 tenor,
945 2001 981 2028 et
1013 1992 1109 2035 esset,
1137 1991 1199 2030 ubi
1231 1994 1419 2045 ingenium

794 2043 911 2090 poe'tae
929 2042 962 2079 se
976 2043 1107 2091 jaciare
1124 2044 1246 2093 poffet.
1307 2048 1419 2085 Caecos

794 2093 954 2130 tumultus
978 2093 1076 2131 dixit
1106 2095 1253 2133 bellicos
1278 2110 1322 2134 ex
1355 2111 1419 2135 oc-

795 2143 894 2180 culto
957 2154 1080 2190 nat053
1140 2146 1284 2184 eosdem
1335 2162 1422 2187 mox

114 2193 284 2244 Expreffit
306 2203 426 2231 tamen
447 2203 482 2231 et
506 2207 559 2230 ars
584 2204 730 2231 ventos:
783 2196 936 2244 fraudes
969 2205 1004 2233 et
1039 2196 1183 2233 infidias
1227 2201 1419 2249 conjuran-

113 2244 223 2294 inque
248 2245 303 2283 his
330 2246 513 2288 Austrum,
541 2245 635 2282 facie
659 2255 732 2282 tru-

114 2297 271 2340 culenta,
316 2296 463 2340 minaci,
506 2295 733 2346 superciliosa

117 2349 168 2394 (v.
198 2361 255 2397 ap.
276 2347 457 2384 Stuartum
482 2349 680 2398 Antiquities
700 2353 745 2399 qs

114 2397 241 2436 Athens
258 2412 291 2435 c.
319 2398 376 2435 III
395 2399 434 2435 in
452 2398 541 2435 turri
558 2400 735 2450 ociogona

116 2449 322 2486 Andronici
364 2450 576 2498 Cyfflwstae,
613 2461 647 2486 ct
681 2451 732 2487 cf.

114 2500 305 2550 Spencium
315 2501 489 2548 Poiymet.
504 2500 602 2537 Dial.
619 2501 734 2545 XIII,

123 2553 202 2599 13).
257 2554 343 2600 463.
372 2551 473 2588 Hinc
492 2553 594 2589 color
610 2553 736 2590 duetus

116 2602 249 2640 Manil.
267 2602 319 2647 II,
344 2617 426 2652 134·
453 2616 520 2653 135·
538 2604 638 2652 Qcod
654 2604 733 2640 For-

116 2665 199 2691 tuna
234 2665 344 2691 ratum
365 2660 498 2705 saciat,
531 2661 600 2704 quis
633 2657 736 2692 dicere

105 2705 237 2755 falsum
267 2706 417 2748 Audeat,
439 2716 471 2742 et
485 2710 733 2756 tantoestffra-

78 2771 84 2774 ·
113 2763 176 2808 gia
205 2762 336 2792 vincere
348 2760 448 2804 sortis
462 2758 480 2792 !
506 2756 634 2794 Noster
653 2757 736 2809 ficl-

117 2810 183 2844 sum
196 2819 261 2857 pro
276 2806 414 2844 fallenti
432 2807 543 2846 dixit.

170 2861 258 2913 464.
284 2857 492 2909 Ingeniosus
511 2860 672 2899 transitus
689 2860 737 2898 ad

799 2245 904 2289 tium,
932 2256 968 2284 et
994 2257 1106 2297 operta
1134 2248 1222 2286 bella
1249 2251 1420 2301 explicat.

798 2296 970 2335 Nostrum
1005 2309 1087 2336 ante
1126 2300 1250 2338 oculos
1293 2302 1422 2340 habuit

798 2345 933 2387 Manil.
969 2350 1003 2394 I,
1040 2354 1111 2399 893
1145 2352 1240 2400 Qin
1269 2363 1301 2389 et
1331 2353 1420 2391 bella

797 2411 918 2438 canunt
939 2408 1027 2452 {gates
1037 2402 1226 2453 ficbilqsque
1247 2404 1421 2450 tumultus,

797 2452 845 2488 Et
864 2451 1068 2502 clmqustinis
1079 2456 1258 2504 surgentia
1270 2459 1422 2504 flandi-

799 2502 857 2540 bus
880 2518 993 2541 arma.
1043 2509 1212 2553 tumescere
1238 2519 1322 2544 vero
1348 2507 1420 2544 ele-

797 2553 940 2603 gantius
972 2568 1078 2605 quam
1110 2556 1215 2598 oriri,
1256 2557 1395 2608 surgere
1405 2573 1419 2603 3

797 2605 985 2643 trahuntur
1018 2606 1115 2643 enim
1143 2607 1317 2644 attributa
1344 2622 1420 2646 ma-

800 2655 848 2692 ris
865 2670 906 2693 ae
924 2658 1161 2707 procellarum
1180 2659 1226 2694 ad
1244 2657 1419 2698 bellorum

800 2717 929 2745 motus.
1018 2708 1078 2746 Sic
1123 2718 1159 2745 et
1192 2709 1291 2759 οἱδᾷν.
1364 2712 1419 2748 At

801 2758 1041 2797 Ruhnkenius
1057 2759 1104 2797 ad
1122 2759 1252 2797 Vellei.
1280 2760 1334 2804 II,
1357 2775 1370 2799 1
1380 2775 1418 2813 ς,

799 2823 836 2860 p.
866 2824 905 2847 11
915 2823 935 2861 ς
967 2811 1012 2847 ab
1035 2811 1202 2848 arborum
1229 2821 1265 2849 et
1281 2813 1420 2862 planta-

800 2874 879 2899 rum
897 2862 1046 2912 gemmis
1063 2863 1192 2902 ducere
1209 2863 1359 2901 mavult.

1212 2916 1304 2963 466.
1333 2914 1419 2953 Pro·
1475 2928 1478 2932 ·
