1821 3381
332 311 391 376 56

506 307 560 354 P.
612 296 1011 352 VIRGILII
1080 288 1481 341 MARONIS

330 442 398 490 Et
421 439 555 487 sucus
578 435 751 501 pecori,
776 446 821 480 et
844 433 913 478 lac
939 428 1216 476 subducitur
1239 424 1389 489 agnis.

837 532 1129 567 DAMOETAS.

335 617 527 666 Parcius
553 614 636 660 ista
659 612 771 659 viris
795 624 955 657 tamen
977 602 1249 670 objicienda
1271 613 1530 648 memento.

337 705 577 754 Novimus
601 715 646 749 et
667 701 749 765 qui
771 713 830 756 te,
855 693 1110 745 transversa
1133 690 1369 739 tuentibus
1393 691 1554 748 hircis,

337 797 401 844 Et
426 811 550 859 qu03
588 793 665 841 sed
687 790 846 839 faciles
871 786 1115 850 Nymphae
1139 780 1276 829 risere
1291 803 1304 835 3
1339 779 1523 827 sacello.

845 889 1129 922 MENALCAS.

343 979 489 1034 Turn,
504 973 659 1030 credo,
671 989 818 1035 quum
835 987 910 1016 me
925 968 1166 1015 arbustum
1182 966 1339 1013 videre
1352 965 1561 1014 Miconis
1598 978 1614 1009 1
1625 979 1658 1013 0

343 1071 506 1132 Atque
531 1066 653 1113 mala
676 1064 785 1110 vitis
810 1061 1018 1108 incidere
1043 1059 1161 1106 falce
1179 1058 1400 1106 novellas.

390 1209 424 1241 6.
438 1210 520 1250 simus
537 1206 655 1247 ubique
672 1204 885 1245 antiquiores:
911 1214 928 1233 a
944 1202 1093 1244 sugendo.

1188 1209 1216 1239 7.
1242 1201 1381 1230 Parcis-cs:
1403 1199 1465 1243 ssa,
1486 1198 1532 1229 ita
1553 1197 1662 1230 distin-

346 1268 451 1303 guunt
478 1258 580 1289 Codd.
612 1256 758 1287 nonnulli
789 1262 820 1285 et
845 1254 993 1285 Servius:
1018 1253 1106 1294 atqui
1133 1252 1173 1283 sic
1199 1252 1259 1283 csse
1286 1251 1437 1282 debebat:
1466 1252 1516 1294 ssa
1539 1252 1612 1280 viris
1637 1257 1663 1280 te

347 1314 456 1356 objicere
479 1311 640 1340 memineris.

731 1307 761 1338 8.
785 1308 891 1347 hirquis
916 1305 1126 1336 Grannnatici
1143 1312 1174 1335 et
1190 1315 1261 1346 pars
1278 1304 1382 1340 codd.,
1404 1302 1466 1333 slve
1489 1310 1523 1333 ut
1548 1301 1584 1333 sit
1604 1312 1663 1342 pro

349 1365 443 1400 hircis,
465 1360 587 1392 diversa
618 1359 784 1399 scriptura,
806 1356 869 1388 five
896 1364 931 1387 ut
957 1355 1015 1386 sint
1040 1357 1129 1393 ἵλλοι,
1151 1354 1317 1385 oculorum
1348 1352 1467 1394 anguli.
1512 1351 1573 1383 Sed
1599 1351 1665 1382 vid.

350 1416 430 1446 Not.

525 1421 571 1442 10.
599 1411 725 1441 Miconis
749 1419 832 1439 nunc
854 1407 958 1450 scripsi
979 1419 996 1438 e
1011 1406 1184 1437 Theocrito
1211 1405 1271 1436 hoc
1295 1404 1362 1446 ipso
1389 1403 1471 1441 loco,
1494 1413 1590 1445 quem
1613 1413 1665 1434 ex-

351 1465 455 1509 pressit
470 1476 477 1499 3
502 1463 619 1495 Μίκωνος
637 1460 728 1501 ldyll.
743 1462 786 1498 V,
799 1468 871 1491 112.
917 1457 1026 1500 Vulgo
1043 1459 1185 1500 llffyconis.

407 1609 444 1645 7.
474 1594 613 1630 Parcius
638 1594 699 1642 ssa
725 1595 824 1627 viris.
877 1588 979 1625 Con-

354 1646 493 1683 vicium
530 1641 698 1680 convicio
726 1639 876 1692 opponit
908 1641 982 1676 Da-

357 1707 498 1740 rnoetaS‚
529 1706 564 1732 et
593 1694 769 1731 Menalcae
794 1691 981 1729 infamiam

356 1748 510 1799 pathicae
522 1745 685 1784 libidinis
695 1744 901 1794 exprobrat.
915 1742 983 1779 Di-

359 1801 411 1837 cit
430 1800 563 1848 itaque,
582 1796 717 1833 etiamsi
736 1796 810 1833 haec
826 1796 904 1844 jure
922 1807 984 1830 ex-

360 1849 525 1903 probrari
555 1847 646 1887 mihi
676 1848 826 1899 possent,
859 1857 894 1883 at
923 1845 986 1882 ista

361 1914 481 1940 tamen
497 1899 664 1938 convicia
677 1909 771 1935 certe
788 1912 861 1935 non
874 1897 987 1933 bomo

363 1954 497 1996 mollis,
511 1952 734 1989 effeminatus
748 1961 784 1986 et
797 1949 925 1999 turpss,
943 1948 989 1984 iis

363 2006 485 2044 facere
512 2003 679 2046 debebat,
704 2001 766 2051 qui
790 1999 869 2037 sunt
894 1999 990 2050 puris

365 2056 547 2100 moribus,
588 2055 624 2092 h.
662 2053 781 2097 mihi3
823 2063 861 2089 ut
896 2052 992 2101 apud

367 2109 465 2145 Suet.
487 2105 597 2157 Vesp.
626 2119 704 2155 cap.
740 2118 780 2152 13
806 2102 990 2153 Vespasia-

367 2174 434 2198 nus
465 2168 560 2196 notae
586 2156 826 2208 impudicitiae
851 2153 992 2191 homini

370 2211 559 2262 respondet
573 2223 580 2245 :
603 2209 632 2244 E
630 2225 672 2259 go
687 2220 796 2245 tamen
811 2209 966 2254 ‹vir-sum.

425 2265 458 2300 8.
479 2263 640 2298 Novimus
658 2271 689 2296 et
705 2262 762 2310 qui
775 2271 806 2296 te
822 2258 897 2294 scil.
915 2270 995 2293 cor-

372 2312 520 2364 ruperit.
575 2313 663 2350 Non
682 2324 746 2347 nos
763 2311 862 2354 latet,
887 2319 922 2345 te
940 2308 994 2344 in-

372 2375 428 2402 ter
460 2377 583 2415 greges
617 2373 651 2399 et
687 2362 725 2398 in
755 2361 831 2411 ipso
866 2360 997 2397 sacello

374 2416 631 2466 Nympharum
642 2413 737 2463 turpi
751 2411 905 2449 libidine
919 2411 998 2460 pol-

1045 1597 1081 1624 et
1100 1586 1212 1623 Plinii
1238 1585 1358 1622 locum
1385 1582 1463 1635 (qui
1489 1583 1527 1620 in
1552 1581 1673 1619 nostro

1048 1638 1169 1675 Plinio
1196 1650 1269 1674 non
1296 1636 1468 1683 occurrit)
1497 1648 1517 1671 a
1544 1632 1671 1670 Servio

1049 1691 1248 1732 laudatum,
1276 1698 1471 1738 comparet.
1479 1689 1546 1735 sed
1547 1684 1672 1736 faciles

1051 1742 1217 1792 lib-mphae
1255 1743 1349 1788 rzssre
1388 1753 1425 1776 n.
1459 1737 1673 1786 sacrilegum

1051 1793 1120 1830 hoc
1141 1791 1295 1835 facinus,
1313 1802 1395 1828 cum
1419 1789 1483 1826 alii
1506 1788 1561 1826 dii
1578 1789 1674 1824 seve-

1054 1844 1164 1881 riores
1176 1843 1214 1880 id
1229 1842 1386 1893 graviter
1396 1841 1506 1881 ulturi
1518 1839 1673 1877 fuissent.

1055 1895 1169 1933 Potest
1185 1895 1304 1945 itaque
1310 1895 1432 1945 faciles
1447 1893 1614 1929 meientis
1628 1890 1674 1926 ad

1054 1947 1235 1984 lasciviam
1264 1947 1517 1997 Nympharum
1535 1940 1675 1989 referri,

1055 2013 1134 2048 quae
1175 1999 1290 2035 caussa
1338 1999 1443 2049 hujus
1494 1991 1682 2033 facilitatis

1055 2061 1142 2088 erat.

1116 2115 1173 2139 10.
1209 2115 1266 2139 11.
1300 2101 1415 2144 Tum,
1451 2099 1575 2143 credo,
1612 2102 1682 2141 hoe

1058 2153 1209 2196 facium,
1225 2166 1308 2189 cum
1319 2152 1501 2202 Nymphae
1516 2151 1682 2191 viderunt

1061 2219 1118 2242 me
1135 2214 1204 2241 etc.
1241 2205 1343 2242 Noto
1357 2203 1482 2240 ironiae
1494 2217 1622 2253 genere
1636 2206 1682 2242 de

1060 2257 1094 2293 se
1120 2256 1293 2307 praedicat
1321 2254 1499 2305 flagitium
1525 2256 1683 2294 alterius.

1062 2308 1229 2345 Imitatus
1247 2309 1293 2345 est
1311 2307 1396 2351 hoc,
1424 2315 1463 2344 ut
1489 2306 1601 2344 solent
1618 2308 1684 2344 ho-

1065 2360 1178 2396 mines
1206 2358 1319 2410 digna
1351 2357 1502 2407 indigna
1532 2358 1683 2403 imitari,

1066 2410 1286 2461 Calpurnius
1313 2410 1384 2454 VI,
1415 2414 1462 2459 84
1487 2410 1538 2459 sq.
1591 2409 1686 2448 mala

373 2470 491 2507 lutum
505 2467 582 2503 effe.
610 2466 712 2503 hircos
726 2464 894 2515 [hirquos
908 2463 999 2499 mul-
1053 2456 1167 2516 falce,
1200 2476 1271 2499 non
1304 2471 1423 2505 acuta,
1454 2461 1592 2506 obtusa,
1628 2475 1687 2498 ru-

376 2520 407 2557 ti
423 2533 467 2556 ex
486 2517 702 2568 interpolato
729 2516 851 2553 Servio
878 2514 922 2551 de
941 2528 1001 2551 an-

378 2571 473 2622 gulis
507 2570 695 2606 oculorum
731 2566 929 2617 accipiunt,
964 2566 1000 2603 h.

380 2621 496 2660 oculis
525 2634 596 2671 prae
619 2619 774 2656 libidine
796 2618 834 2655 in
854 2618 1003 2667 angulos

380 2672 547 2712 reduftis.
602 2671 671 2707 Sed
695 2671 763 2707 hoc
783 2670 875 2707 inter
898 2682 1003 2718 argu-

381 2725 450 2763 tias
477 2723 711 2773 interpretum
742 2722 866 2758 harum
897 2720 1004 2757 Eclo-

383 2789 508 2827 garum
528 2774 774 2817 referendu1n3
806 2772 913 2822 idque
932 2784 1006 2808 ma-

383 2827 550 2865 nifestum
577 2826 631 2871 fit,
661 2825 685 2861 fi
713 2824 791 2875 quis
816 2822 1007 2860 Theocrit.

385 2878 440 2922 V,
458 2892 522 2930 4¹·
541 2889 607 2928 42,
626 2877 721 2916 unde
746 2877 822 2915 haec
840 2875 1010 2927 expreffa,

1067 2513 1195 2564 bigine
1209 2513 1326 2557 exesa,
1353 2512 1468 2564 qualis
1487 2510 1562 2551 falx
1582 2512 1690 2550 ramis

1067 2577 1103 2604 et
1134 2565 1269 2603 vitibus
1300 2576 1398 2602 tanto
1430 2563 1542 2614 magis
1569 2574 1686 2602 nocet.

1068 2618 1124 2655 Ita
1134 2616 1281 2667 exponit
1290 2617 1426 2659 Burm.,
1437 2616 1540 2653 doere
1554 2615 1690 2665 utique,

1071 2679 1110 2706 ut
1127 2678 1245 2705 tamen
1270 2667 1362 2704 nihil
1389 2667 1473 2703 huic
1493 2668 1574 2704 loco
1593 2666 1691 2710 infit,

1072 2720 1172 2771 quod
1200 2720 1246 2756 ad
1276 2719 1373 2756 istam
1401 2727 1563 2768 argutam
1583 2718 1692 2754 ratio-

1073 2785 1154 2809 nem
1182 2771 1285 2808 ferat.
1340 2770 1544 2807 Damoetam
1569 2769 1692 2806 furtim

1073 2837 1135 2875 per
1169 2823 1343 2859 malitiam
1363 2821 1468 2858 ¹vites
1501 2821 1695 2871 praecidisse

1073 2888 1115 2913 ac
1143 2874 1335 2926 corrupiffe
1351 2872 1493 2912 sufficit.
1522 2871 1696 2922 Accipia-

1620 2935 1698 2961 mUS
