1821 3381
343 325 433 373 134
545 303 1026 358 P.V1RGILII
1083 297 1474 352 MARONIS

872 453 1127 491 coRYDou,

344 536 479 583 Stant
503 533 787 598 ctjuniperI‚
811 544 857 580 et
881 532 1107 580 castaneae
1131 525 1355 582 hirsutae3

347 628 498 673 Strata
512 624 675 689 jacent
695 624 859 687 paffim
890 623 969 670 sua
994 635 1181 685 quaque
1197 617 1281 665 sub
1305 615 1468 663 arbore
1486 628 1628 677 poma
1648 635 1660 665 ;

347 715 525 763 Omnia
549 730 674 761 nunc
696 715 878 761 rident:
913 724 976 769 at,
1002 711 1035 758 fi
1054 708 1284 757 formosus
1304 705 1466 754 Alexis
1601 719 1622 767 5
1634 717 1655 766 5

351 805 601 855 Montibus
627 805 699 852 his
718 806 868 863 abeat,
893 804 1052 851 videas
1077 813 1122 849 et
1146 799 1344 848 flumina
1363 797 1500 845 fleca.

890 910 1127 953 TITYRus.

354 993 473 1041 Aret
488 1007 599 1056 ager
614 1013 626 1045 ;
661 983 779 1036 vitio
804 986 1011 1034 moriens
1032 983 1129 1030 sitit
1154 979 1270 1028 aeris
1295 978 1471 1032 herba;

357 1083 503 1130 Liber
518 1080 795 1145 pampineas
814 1075 986 1123 invidit
1009 1071 1210 1122 collibus
1231 1069 1452 1118 umbras:

398 1239 455 1270 53.
479 1230 577 1262 Hunc
592 1227 718 1260 versum
734 1225 876 1269 sequenti
893 1223 1017 1266 subjicit
1035 1222 1161 1254 Moreti
1184 1228 1288 1264 quart.
1332 1221 1381 1251 At
1405 1218 1519 1250 doetus
1545 1217 1672 1250 Britan·

356 1292 427 1318 nus,
448 1282 502 1324 qui
525 1292 602 1313 mox
618 1279 799 1320 Corydonis
813 1276 949 1309 amicam
966 1275 1148 1317 Phyllidem
1164 1272 1287 1304 laudari
1302 1270 1492 1303 meminerat
1508 1280 1539 1300 v.
1556 1269 1574 1301 6
1579 1279 1609 1310 3,
1631 1280 1672 1301 ne

357 1344 441 1366 nunc
458 1332 512 1374 ipsi
529 1332 630 1363 amica
644 1330 798 1373 eripiatur
814 1340 831 1360 a
846 1327 1005 1369 Thyrside
1030 1337 1060 1358 v.
1086 1336 1141 1367 59,
1164 1324 1315 1355 versuum
1342 1322 1489 1353 ordinem
1514 1320 1673 1358 mutabat,

360 1392 393 1416 et
415 1386 483 1427 post
502 1395 531 1415 v.
549 1393 592 1424 52
608 1381 792 1424 subjiciebat
815 1378 1019 1411 tetrastichen
1039 1375 1170 1417 57—60
1191 1383 1222 1407 et
1251 1373 1415 1415 Corydoni
1434 1372 1606 1412 afferebat3
1628 1373 1675 1404 al-

358 1443 465 1468 terum
481 1446 580 1467 vero:
605 1436 686 1465 Stant
711 1441 735 1463 ct
751 1434 890 1476 juniperi,
913 1429 1075 1471 Thyrsmi.
1119 1429 1167 1459 Ita
1189 1437 1266 1458 vero
1293 1425 1432 1467 Thyrfin
1458 1432 1549 1456 tanto
1575 1425 1678 1456 mani-

350 1489 470 1521 -festius
506 1486 725 1518 inconstantiae
758 1495 851 1515 reum
881 1483 969 1520 facit,
1001 1482 1056 1523 qui
1086 1480 1171 1512 intra
1200 1488 1316 1521 paucos
1346 1476 1453 1508 versus
1477 1476 1620 1508 Alexidis
1645 1484 1688 1508 et·

362 1541 493 1583 Lycidae
520 1548 664 1570 amorem
690 1536 874 1579 profitetur.
933 1526 1058 1564 Scificet
1087 1529 1231 1572 fugiebat
1269 1529 1377 1567 virunj*
1413 1528 1556 1563 clodium,
1591 1529 1680 1570 quod

365 1594 459 1634 supra
475 1590 669 1626 monuimus,
693 1598 757 1619 non
780 1598 817 1618 ex
837 1586 891 1617 sua
906 1584 1039 1628 persona
1055 1582 1193 1626 pastores
1207 1582 1276 1612 haec
1292 1590 1416 1618 canere,
1437 1579 1490 1611 sed
1506 1578 1566 1611 effe
1581 1590 1681 1622 parva

362 1643 504 1676 carmina
519 1642 552 1672 in
569 1640 711 1672 medium
728 1639 831 1670 allata.
920 1646 972 1676 54.
1001 1634 1180 1678 Qodjam
1205 1640 1297 1664 antea
1320 1630 1445 1662 Heinfii
1464 1638 1496 1664 et
1522 1631 1682 1663 Gronovii

365 1698 406 1730 ad
430 1697 507 1728 Liv.
534 1697 590 1733 111,
617 1703 657 1727 22
681 1693 880 1733 aliorumque
906 1688 1129 1722 emendatione
1155 1685 1377 1729 reponendum
1401 1683 1461 1716 effe
1487 1684 1590 1716 visum
1613 1683 1679 1716 est:

354 1753 411 1794 sim
428 1747 591 1791 quaqreeficb
606 1759 648 1783 α.,
670 1755 754 1775 nunc
777 1741 964 1784 recepimus.
1008 1742 1057 1771 Ita
1081 1739 1168 1771 enim
1194 1736 1348 1769 sermonis
1370 1736 1452 1767 ratio
1477 1734 1624 1777 postulat,
1645 1742 1683 1767 ut

365 1808 421 1834 aut
436 1800 474 1832 fit
487 1811 495 1831 z
510 1803 608 1842 jacent
618 1804 700 1839 poma
707 1796 824 1836 subfica
839 1806 945 1835 quisque
958 1793 1068 1829 arbore,
1082 1798 1157 1823 aut:
1182 1788 1237 1821 sub
1253 1800 1355 1830 quaque
1366 1788 1465 1818 'arbore
1483 1788 1636 1830 pomasua,
1650 1786 1685 1818 h.

354 1853 476 1886 -nativa
502 1850 569 1892 ejus
593 1847 725 1883 arboris,
747 1854 783 1877 ut
809 1847 868 1876 Ge.
888 1846 928 1883 11,
944 1844 996 1876 82.
1044 1844 1169 1874 Corstra
1194 1841 1379 1878 adversante
1406 1838 1560 1870 sermonis
1583 1838 1682 1880 genio

355 1903 533 1946 ·legebatur
546 1898 624 1944 istm
640 1911 754 1941 qztaeqtee.
844 1896 897 1936 56.
910 1898 1035 1940 flumina
1047 1908 1116 1926 σασα
1153 1895 1237 1924 Ven,
1258 1890 1396 1928 Heinfii,
1419 1889 1505 1932 quod
1521 1889 1629 1921 Heins.
1645 1889 1685 1921 il-

368 1956 489 1988 lustrat.
533 1954 587 1985 Est
609 1959 717 1983 tamen
740 1950 880 1981 alienum
899 1949 936 1980 ab
953 1948 985 1980 h.
1001 1947 1023 1979 l.
1045 1960 1118 1980 caecae
1133 1946 1214 1989 foffae
1240 1943 1314 1977 sunt
1339 1949 1471 1985 opertae,
1493 1941 1687 1982 obstrusam

369 2019 447 2048 non,
461 2007 592 2039 ficcatae.
624 2005 712 2048 ficcas
730 2002 814 2034 Gud.
902 2001 957 2042 58.
979 2013 1049 2032 uvas
1066 1998 1152 2032 Voss.
1168 1998 1279 2030 altera
1293 2007 1337 2028 m.
1351 1996 1412 2027 sec.

436 2147 451 2185 ς
459 2131 596 2183 3-56ᾲ
621 2128 799 2179 Corydon
827 2128 895 2165 hoc
922 2127 996 2164 elo·
1062 2121 1220 2175 Alioqui
1235 2135 1309 2160 non
1324 2121 1433 2173 poss‘et
1446 2119 1521 2170 post
1537 2119 1686 2156 aestatem

373 2185 439 2236 qui
457 2185 532 2221 vult
547 2196 556 2220 z
584 2182 649 2220 effe
667 2180 814 2231 quidem
830 2181 906 2229 ejus
924 2178 999 2216 loci
1063 2187 1098 2214 et
1117 2176 1273 2213 hiemem
1294 2187 1357 2224 45.
1372 2184 1422 2222 49
1437 2184 1533 2209 nunc
1545 2170 1591 2209 de
1603 2182 1690 2209 auc·

375 2251 417 2276 ac
437 2234 569 2275 montis
592 2231 878 2283 jucundiffimam
897 2239 999 2268 natu·
1065 2237 1192 2265 tumno
1210 2225 1286 2276 agi,
1314 2234 1374 2262 aut
1392 2224 1438 2261 ab
1468 2223 1596 2260 eodem
1612 2222 1690 2273 pas-

375 2303 468 2334 ram,
486 2299 570 2325 cum
589 2285 630 2322 fit
643 2282 833 2321 arboribus
848 2281 1002 2320 consitus

361 2336 491 2391 ¹iisque
509 2338 654 2388 frugum
671 2334 806 2386 plenis;
834 2343 869 2370 at
889 2334 997 2371 Alex-

376 2391 448 2431 idis
474 2387 633 2427 absentia
659 2400 803 2425 omnem
829 2385 928 2422 issam
947 2399 1001 2423 re-

366 2441 459 2487 ,rum
523 2439 732 2478 suavitatem
792 2436 998 2476 obscurarI:

379 2497 479 2538 Stant
491 2492 607 2543 fimpl.
622 2492 668 2529 est
687 2490 779 2527 sunt.
833 2489 1003 2539 Expressa

361 2545 460 2586 'sunt
479 2543 695 2582 Theocritea
711 2540 822 2585 VIII,
838 2548 1003 2591 41-—4<J.

364 2594 480 2637 'confi
497 2596 572 2646 sup.
588 2594 666 2632 Ecl.
684 2593 735 2638 V,
758 2606 802 2641 32
818 2591 868 2642 sq.
924 2592 1006 2640 Jam

379 2651 464 2690 satis
478 2647 674 2691 monitum,
689 2645 728 2682 in
755 2644 811 2681 his
834 2642 1006 2680 carmini-

367 2699 463 2746 bus,
483 2712 561 2751 quae
584 2711 646 2749 per
675 2697 807 2734 alterna
835 2696 1006 2737 eduntur,

381 2752 528 2804 fingulis
542 2747 753 2788 tetrastichis
767 2747 921 2796 singulas
932 2745 1005 2782 eas-

383 2813 454 2856 que
472 2805 566 2841 inter
584 2800 618 2839 se
641 2798 795 2837 diversas
816 2797 1007 2835 sententias

384 2853 601 2897 memorari3
627 2863 742 2903 neque
767 2849 856 2887 adeo
875 2849 946 2886 illae
963 2861 1008 2886 ex

384 2906 562 2958 cantantis
592 2903 742 2956 persona
768 2902 874 2941 dietae
903 2900 1008 2939 sunt:

1066 2290 1145 2316 tore
1169 2277 1347 2321 Galateae,
1378 2273 1561 2318 Alexidis,
1580 2272 1691 2324 Phyl-

1065 2331 1165 2375 lidis,
1185 2342 1325 2366 amores
1337 2327 1478 2378 jafiari.
1533 2325 1616 2362 Nec
1636 2335 1690 2363 ta-

1067 2395 1148 2419 men
1180 2391 1241 2419 aut
1272 2378 1410 2430 ingenii
1444 2378 1596 2416 multum
1630 2385 1695 2415 aut

1067 2431 1314 2472 deleeiationis
1331 2431 1369 2468 in
1388 2430 1444 2468 his
1461 2430 1520 2467 est.
1548 2427 1694 2478 Majore

1067 2499 1150 2523 curn
1182 2494 1258 2522 arte
1287 2492 1324 2521 et
1358 2480 1531 2520 suavitate
1563 2479 1695 2531 Popius

1069 2540 1199 2588 Pastor.
1235 2534 1270 2581 I,
1305 2535 1353 2572 68
1391 2533 1466 2585 sqq.
1529 2534 1694 2583 castaneae

1069 2590 1207 2638 hirfictae
1240 2585 1411 2625 exteriori
1445 2582 1595 2628 cortice,
1633 2583 1694 2621 seu

1070 2640 1215 2679 echino.
1227 2653 1263 2676 v.
1279 2638 1456 2688 Calpurn.
1471 2635 1551 2673 Ecl.
1567 2634 1621 2680 ΙΙ,
1632 2637 1695 2685 83.

1073 2707 1136 2744 54.
1156 2706 1193 2730 v.
1212 2691 1372 2728 Theocr.
1393 2687 1486 2730 VII,
1505 2700 1590 2738 144.

1124 2745 1287 2795 57—60.
1338 2746 1423 2778 vitio
1466 2738 1570 2783 afris,
1628 2737 1698 2777 int.

1069 2795 1188 2832 aestum
1200 2805 1234 2832 et
1246 2791 1400 2830 nimium
1413 2791 1582 2829 calorem.
1633 2794 1696 2841 58.

1071 2846 1175 2884 Liber
1186 2857 1223 2897 p.
1244 2844 1349 2881 doc‘ie
1368 2842 1478 2886 dixit,
1505 2851 1545 2879 ut
1562 2845 1698 2892 po'eta:

1074 2905 1102 2922 “
1132 2908 1208 2937 aret
1238 2896 1343 2935 vinea
1353 2911 1366 2943 3
1405 2894 1590 2934 exficcatae
1619 2891 1702 2929 sunt

1528 2951 1558 2970 ‘⁸
1585 2942 1703 2984 nimio
