1987 3361
453 258 917 317 comclssus
973 267 1141 315 MSS.
1336 285 1456 319 mx

133 406 282 456 modo
312 403 478 468 potest,
519 418 632 450 curn
664 402 702 446 is
741 411 928 447 tantum
963 401 1220 447 correxerit
1250 402 1446 464 librum,

133 489 169 536 fi
202 488 347 535 modo
377 485 596 539 correxit,
629 500 724 530 non
755 482 1068 545 descripserit.
1140 484 1272 549 Qid
1301 486 1447 549 igitur

132 569 288 632 Julius
319 570 516 617 Sabinus
550 569 597 614 in
617 567 806 631 judicio
839 566 921 613 suo
955 566 1176 631 sequutus
1209 569 1280 626 fit,
1313 582 1446 616 tanto

132 652 370 700 difficilius
395 650 459 697 est
479 650 652 706 dicere,
687 665 800 695 cum
825 648 954 694 idem
990 649 1038 695 in
1061 650 1297 696 nonnullis
1327 651 1444 698 locis

134 734 462 797 Apronianum
492 731 685 778 mutaffe
717 731 845 777 dicat
879 731 952 776 vel
983 730 1206 778 sustuliffe
1234 748 1301 789 ea,
1335 747 1445 795 quae

131 816 181 861 in
217 814 441 862 Mediceo
482 813 648 860 codice
678 812 836 859 reliCta
881 811 1056 858 vid-eas.
1125 813 1203 859 Sic
1234 813 1345 860 AEn.
1377 813 1444 870 II,

132 896 192 958 76
217 895 403 942 versum
426 895 492 941 ait
513 894 573 940 ab
595 894 877 956 Aproniano
900 893 988 940 effe
1009 893 1274 950 sublatum3
1308 896 1347 942 is
1371 908 1446 942 ta-

130 994 240 1024 men
280 976 506 1023 Mediceo
543 974 729 1022 accessit
760 991 786 1021 a
824 992 967 1022 manu
1010 975 1211 1023 secunda
1228 978 1268 1022 *.
1337 975 1442 1022 Nifi

129 1061 287 1123 itaque
309 1060 462 1121 Julius
491 1059 690 1105 Sabinus
717 1059 978 1107 admodum
1003 1059 1256 1107 oscitanter
1279 1059 1365 1105 hac
1392 1060 1442 1107 in

129 1159 178 1189 re
195 1142 400 1189 versatus
421 1143 486 1189 est
504 1161 513 1188 :
540 1141 801 1188 dicendum
827 1142 906 1196 est,
924 1157 1033 1186 eum
1055 1142 1181 1188 aliud
1200 1143 1444 1205 exemplar

127 1223 347 1280 habuisse,
381 1223 512 1286 quod
541 1221 807 1284 Aproniani
842 1238 987 1268 manu
1019 1222 1326 1269 emendatum
1361 1235 1442 1270 aut

126 1303 235 1350 effet
273 1317 353 1351 aut
398 1315 659 1366 putaretur.
731 1301 901 1365 Qid?
935 1303 1064 1365 quod
1094 1303 1224 1351 idem
1260 1305 1342 1351 ille
1379 1305 1440 1353 ad

126 1386 349 1434 Bucolica
366 1385 530 1449 pa--ffim
551 1401 645 1430 non
668 1385 813 1430 modo
831 1384 1070 1442 leetiones,
1104 1401 1270 1433 verum
1294 1388 1439 1436 etiam

122 1469 435 1532 etymologias
469 1481 515 1515 et
544 1468 951 1531 interpretationes
976 1469 1239 1531 Aproniani
1263 1471 1437 1530 laudat,

118 1567 237 1614 quas
261 1550 386 1598 unde
409 1549 628 1608 hauserit,
661 1549 874 1597 nondum
902 1551 1073 1613 reperi,
1107 1569 1153 1599 v.
1176 1569 1218 1600 c.
1242 1554 1301 1601 ad
1327 1555 1434 1602 Ecl.

124 1632 217 1691 111,
245 1639 317 1682 18.
345 1632 381 1690 I,
407 1632 452 1680 6.

189 1718 394 1774 Primus,
429 1733 572 1780 quem
606 1717 733 1765 hunc
758 1718 937 1764 librum
965 1719 1206 1782 poffediffe
1237 1722 1434 1781 constat,

122 1801 212 1848 fuit
258 1799 541 1862 Rudolphus
591 1797 716 1858 Pius,
753 1799 1015 1848 Cardinalis
1056 1803 1314 1866 CarpenfiS‚
1348 1805 1435 1851 sub

122 1885 285 1933 Paullo
309 1884 398 1931 ΙΙΙ.
430 1883 482 1930 P.
506 1883 580 1931 M.
599 1884 680 1947 qui
705 1900 814 1932 eum
838 1886 1020 1933 Achilli
1037 1887 1188 1934 Statio
1211 1888 1437 1934 evolven-

121 1968 238 2015 dum
256 1965 509 2030 permififfe
533 1967 732 2024 videtur,
766 1968 899 2032 cujus
922 1969 1068 2016 etiam
1092 1970 1291 2017 disticha
1313 1987 1435 2017 non-

121 2050 248 2098 nulla
279 2049 423 2096 fronti
451 2050 630 2097 codicis
660 2052 859 2114 praefixa
886 2053 1130 2116 leguntur3
1166 2070 1278 2101 mox
1302 2054 1433 2101 idem

120 2130 402 2194 Rudolphus
425 2146 538 2178 eum
562 2131 866 2180 bibliothecae
889 2133 1130 2181 Vaticanae
1152 2135 1345 2200 legavit,
1378 2148 1433 2184 ut

120 2229 176 2262 ex
200 2213 316 2261 Aldi
334 2214 690 2279 Orthographia
723 2217 867 2265 latina
887 2217 1088 2266 docuere
1113 2219 1202 2266 viri
1225 2220 1351 2268 doffi
1370 2223 1429 2281 †;

1287 2311 1313 2343 e
1336 2310 1431 2360 qua

168 2418 191 2438 ⁴*
222 2419 307 2457 Alia
323 2421 487 2472 exempla
503 2435 540 2460 v.
554 2421 626 2468 IV,
648 2436 720 2476 273
741 2424 831 2464 Var.
849 2425 949 2465 Lest.
973 2437 1008 2465 et
1028 2431 1114 2479 298.
1134 2434 1221 2482 528.
1275 2431 1361 2469 Una
1379 2431 1428 2469 est

115 2476 224 2516 lefflo
241 2479 307 2518 lib.
326 2480 399 2525 IV,
417 2484 489 2530 663
513 2484 667 2528 mediam,
694 2497 801 2534 quam
819 2496 1001 2538 tamquam
1022 2490 1270 2539 Apronianam
1289 2492 1428 2536 laudat,

114 2549 195 2586 quae
211 2537 248 2575 in
266 2537 494 2592 Fogginiano
510 2543 706 2594 exemplari
734 2557 808 2582 non
826 2548 1000 2587 occurrit.
1054 2547 1146 2590 Item
1170 2551 1242 2589 alia
1267 2551 1333 2589 lib.
1356 2552 1427 2595 XI,

116 2599 204 2648 696.
978 2649 984 2659 ι

167 2657 190 2693 †
218 2656 272 2694 Ea
304 2657 441 2697 ratione
467 2661 542 2699 haec
568 2663 766 2715 exposuisse
794 2665 976 2711 videmur,
1003 2681 1073 2718 qua
1104 2669 1326 2710 dubitationi
1354 2668 1428 2712 PP.

115 2713 384 2755 Benediffinor.
413 2721 438 2757 1.
457 2721 482 2759 1.
501 2735 535 2772 p.
557 2735 602 2772 5¹2
626 2726 676 2772 (a)
697 2736 933 2772 occurratur;
961 2727 1023 2764 etsi
1041 2730 1151 2781 vulgo
1169 2731 1334 2770 Achilles
1348 2733 1426 2769 Sta-

114 2773 184 2812 tius
202 2775 294 2815 inter
310 2780 507 2829 possessores
527 2780 669 2818 codicis
688 2783 852 2823 refertur.
907 2786 1088 2826 Caeterum
1119 2790 1211 2826 male
1238 2792 1312 2829 haec
1345 2804 1426 2828 nar-

113 2845 189 2872 rata
216 2836 309 2883 sunt,
336 2839 361 2876 fi
395 2839 630 2878 Galluzzium
662 2842 850 2882 audiamus
884 2845 937 2894 (in
955 2847 1066 2886 Storia
1094 2849 1152 2886 del
1175 2851 1274 2889 Gran
1298 2852 1430 2889 Ducato

111 2895 150 2932 di
172 2894 322 2946 Tqscana
336 2901 400 2950 sul
416 2915 565 2954 gat-erno
590 2902 641 2940 de'
661 2902 811 2955 Medici)
827 2904 902 2953 lib.
930 2905 963 2952 I,
991 2920 1025 2946 c.
1058 2922 1115 2949 12.
1147 2910 1278 2948 Codex
1296 2920 1369 2947 erat
1388 2910 1428 2948 in

162 2955 275 2997 Tou.
299 2970 328 2997 1.
847 2966 873 3003 d
1273 2968 1431 3010 cimeliis
