1821 3381
406 335 503 386 320

593 316 1074 367 P.V1RG1L11
1146 303 1554 365 MARoNI'S

407 459 578 508 Felicis
601 459 714 506 mali
733 482 745 513 ;
777 474 873 521 quo
896 474 991 505 non
1011 457 1285 521 praesentius
1307 457 1480 514 ullum,

407 550 584 597 Pocula
606 548 640 594 fi
664 548 854 611 quando
878 547 1014 594 saevae
1038 547 1241 592 infecere
1264 561 1493 604 novercae,

407 637 432 663 ⁹¹⁶
456 633 848 697 Miscueruntque
870 633 1036 679 herbas
1058 644 1105 679 et
1127 647 1221 679 non
1243 633 1435 681 innoxia
1457 635 1613 694 verba,
1634 639 1663 665 ἦ

408 726 659 774 Auxilium
679 728 824 784 venit,
837 742 889 773 ac
914 724 1142 772 membris
1166 725 1265 789 agit
1289 739 1387 773 atra
1408 743 1599 777 venena.
1619 715 1731 794 *1307

410 816 515 880 Ipsa
538 817 703 880 ingens
726 815 860 862 arbos
885 815 1153 878 faciemque
1174 814 1418 863 fimillirna
1438 817 1597 872 lauro;

408 910 489 966 Et,
524 909 557 954 fi
582 924 677 955 non
697 907 845 955 alium
864 901 953 954 late
969 906 1168 971 jactaret
1186 906 1394 965 odorem,

411 1001 593 1047 Laurus
616 1011 738 1046 crat:
774 992 887 1045 folia
908 997 1035 1045 haud
1058 997 1167 1045 ullis
1189 997 1396 1045 labentia
1419 999 1572 1045 ventis
1586 1022 1602 1054 ;

409 1090 522 1138 Flos
544 1089 602 1136 ad
626 1088 786 1152 prima
807 1100 973 1135 tenax:
1008 1088 1186 1135 animas
1213 1100 1258 1135 et
1281 1088 1458 1136 olentia
1481 1088 1621 1136 Medi

455 1233 530 1266 127.
549 1227 722 1270 prastantius
735 1225 884 1267 Longob.
900 1221 1045 1256 Par'rhas.
1063 1224 1138 1256 edit.
1151 1226 1233 1256 Ven.
1252 1231 1284 1256 et
1301 1225 1446 1257 Macrob.
1460 1226 1526 1257 Sat.
1543 1226 1583 1264 11,
1598 1233 1649 1265 15,
1661 1224 1728 1257 frc-

411 1285 530 1320 quente
556 1288 673 1309 errore.
721 1277 795 1309 Post
820 1277 904 1308 hunc
935 1277 968 1307 in
990 1276 1089 1307 Goth.
1119 1276 1178 1308 sec.
1210 1277 1317 1308 versus
1349 1285 1411 1317 130
1438 1276 1635 1318 sequebatur.

413 1338 492 1371 129.
515 1331 690 1370 Effusa-nerim
718 1329 834 1371 fragm.
862 1329 987 1359 Moret.
1018 1337 1100 1359 unus
1125 1328 1231 1358 Mead.
1262 1335 1294 1358 et
1318 1335 1398 1359 vett.
1425 1328 1496 1358 edd.
1550 1329 1731 1368 fidili-nerant

412 1381 525 1411 Franc.
543 1379 732 1422 Cantabrig.
761 1378 862 1410 Goth.
886 1379 947 1410 sec.
994 1379 1116 1409 Eadem
1141 1378 1280 1409 varietas
1306 1378 1392 1420 apud
1414 1378 1567 1409 Pierium.
1610 1377 1731 1423 Versus

411 1429 546 1462 insertus
572 1442 611 1462 ex
629 1433 690 1461 Ge.
712 1432 768 1468 111,
794 1429 868 1469 283,
889 1429 944 1461 ubi
969 1440 1002 1461 v.
1029 1437 1061 1460 et
1082 1429 1202 1471 ejed‘ms
1221 1440 1239 1460 a
1262 1429 1432 1460 Brunckio.

635 1491 708 1521 131.
721 1482 853 1522 facieque
877 1487 1012 1521 uterque
1045 1480 1156 1510 Mead.
1213 1487 1307 1510 tam-os
1338 1479 1456 1511 Medic.
1483 1490 1502 1510 a
1525 1490 1569 1510 m.
1594 1491 1641 1522 pr.

841 1539 914 1569 134.
948 1532 987 1560 ad
1007 1532 1105 1572 prima
1136 1530 1258 1561 Medic.
1289 1537 1321 1561 et
1345 1530 1535 1562 vetustiores
1565 1531 1663 1563 Pierii
1694 1537 1730 1562 et
1777 1550 1781 1553 ·

412 1481 542 1512 Uratiss.

414 1541 490 1571 132.
515 1536 636 1563 ruHaret
662 1531 748 1562 Ven.

1523 1438 1538 1460 1
1544 1439 1596 1468 30.
1620 1432 1730 1472 agitata

411 1576 545 1621 Heinsli,
566 1583 645 1614 item
661 1590 725 1613 tres
752 1579 898 1612 Martini.
944 1583 981 1612 In
1002 1578 1070 1612 aiiis
1094 1583 1241 1624 apprime,
1260 1583 1396 1624 apprime.

411 1695 472 1747 seu
500 1694 698 1745 Assyriam,
726 1693 813 1731 item
845 1691 1037 1730 Perfieam.

410 1748 475 1784 Ad
500 1747 678 1784 citrorum
708 1758 835 1797 genus,
862 1744 889 1783 s.
921 1745 966 1781 ad
993 1750 1038 1781 ci-

409 1806 495 1842 rria,
522 1811 601 1836 eam
628 1798 694 1835 effe
723 1796 943 1834 referendam
970 1797 1037 1832 du-

413 1850 524 1900 bitari
559 1849 695 1899 nequit.
760 1849 882 1900 Qam
916 1856 1037 1884 autem

411 1898 591 1939 familiam
610 1901 720 1938 Maro
738 1898 946 1950 respexerit,
965 1907 1038 1936 non

412 1954 498 1991 satis
539 1953 667 2003 liquet.
719 1951 902 1988 Convenit
937 1950 1038 1987 locus

412 2005 570 2042 maxime
594 2017 677 2041 curn
707 2002 945 2053 Theophrast.
984 2001 1038 2041 H.

414 2056 532 2095 Plant.
552 2055 625 2099 IV,
653 2069 692 2104 4,
719 2064 755 2091 et
774 2053 868 2091 Plin.
888 2053 981 2097 XII,
1002 2066 1041 2102 3,

414 2120 459 2160 73
501 2108 661 2157 adeoque
695 2104 867 2144 aurantiae
901 2106 1041 2154 (Pome-

413 2163 545 2209 ranze)
583 2172 695 2210 genus
737 2156 888 2206 aliquod
927 2160 1045 2206 poetae

414 2222 495 2249 ante
511 2213 635 2247 oculos
655 2209 755 2247 fuiffe
772 2207 970 2245 verofirnile
988 2208 1040 2244 fir.

415 2276 451 2300 v.
483 2262 639 2299 Bauhin.
674 2261 771 2298 Hist.
793 2260 909 2296 Plant.
930 2258 980 2296 T.
1008 2259 1041 2304 I,

414 2329 452 2365 p.
479 2327 542 2366 90.
569 2326 632 2363 92.
686 2311 796 2350 Plinii
814 2324 890 2348 aevo
907 2310 1042 2353 adhuc,

415 2377 646 2417 praeterquam
664 2364 760 2415 apud
790 2362 923 2400 Medos
953 2362 1043 2399 etin

417 2416 571 2458 Perfide,
599 2416 769 2465 nusquam
797 2413 1041 2465 proveniebat.

415 2468 613 2511 Palladius,
642 2467 704 2517 qui
739 2466 868 2503 saeculo
904 2465 962 2501 HI
989 2465 1044 2501 in-

415 2531 523 2558 eunte
565 2519 690 2555 vixiffe
721 2528 882 2568 putatur,
920 2516 1044 2567 praeci-

421 2585 528 2623 poam
547 2571 620 2620 ejus
638 2570 750 2607 cultui
767 2582 887 2605 curam
907 2568 1045 2618 impen-

417 2623 488 2660 dit.
524 2637 560 2659 v.
595 2635 677 2658 eum
696 2621 734 2657 in
754 2620 892 2656 Martio
913 2620 967 2663 X,
1001 2633 1038 2656 11

415 2675 494 2724 sqq.
515 2674 564 2711 cf.
584 2672 690 2710 etiam
710 2671 879 2709 macrob.
900 2674 971 2708 Sar.
990 2670 1043 2714 Π,

421 2739 480 2777 15.
534 2725 577 2761 In
606 2724 724 2760 verbis
750 2726 849 2772 trfies
869 2727 975 2772 sisai,
1003 2722 1042 2758 h.

419 2776 533 2813 amari
566 2778 622 2825 (ut
651 2775 723 2812 Ge.
759 2775 791 2819 1,
822 2789 867 2825 75
897 2784 931 2810 et
962 2774 1044 2821 aL),

421 2829 492 2865 five
509 2839 655 2879 propter
672 2826 817 2864 corticis
845 2839 886 2862 ac
915 2838 1046 2875 grano-

419 2893 499 2918 rum
528 2878 821 2921 amaritudinem,
852 2877 922 2915 five
947 2876 1047 2929 quod

1103 1694 1203 1730 cultu
1233 1692 1400 1745 deinceps
1421 1691 1568 1732 adsiduo
1592 1696 1735 1732 amarua

1103 1742 1168 1782 ille
1210 1744 1335 1782 succus
1392 1745 1557 1796 mitigari
1607 1746 1733 1796 coepit.

1104 1798 1344 1846 tardussapm,
1369 1795 1406 1834 h.
1439 1793 1503 1834 diu
1522 1798 1643 1848 palato
1661 1798 1733 1834 im-

1105 1861 1264 1892 manens,
1283 1847 1369 1898 quia
1382 1849 1541 1892 acerbus,
1556 1862 1734 1900 pungens,

1105 1901 1165 1938 est.
1225 1912 1309 1950 127.
1348 1899 1460 1943 Felix,
1487 1900 1533 1950 de
1560 1901 1687 1938 arbore
1704 1900 1732 1938 st

1103 1950 1255 1994 dicitur,
1282 1951 1330 1988 ad
1359 1951 1618 1989 fecunditatem
1648 1965 1734 2003 pro·
1792 1980 1794 1982 v

1103 2002 1181 2053 prie
1222 2001 1379 2052 respicit.
1434 2002 1483 2040 Et
1521 2003 1604 2040 sane
1645 2003 1734 2041 citri

1103 2054 1196 2091 fetus
1224 2060 1392 2105 perpetua
1416 2053 1626 2092 succeffione
1653 2055 1734 2093 suc-

1104 2105 1292 2144 crescunt.>
1335 2105 1448 2142 Nunc
1465 2115 1586 2143 tamen
1605 2106 1651 2143 ad
1678 2106 1734 2143 sa-

1105 2157 1313 2194 lubritatem
1373 2156 1496 2207 potius
1544 2157 1732 2207 epitheton

1107 2209 1260 2259 spectare
1281 2206 1439 2252 videtur,
1465 2218 1505 2246 ut
1524 2218 1648 2246 contra
1675 2209 1733 2246 in-

1105 2260 1271 2304 faustum,
1298 2259 1360 2302 est,
1388 2260 1486 2309 quod
1504 2269 1621 2299 nocet.
1664 2259 1735 2297 Pro

1105 2311 1234 2348 veneni
1267 2310 1432 2348 antidoto
1472 2311 1637 2349 habitum
1669 2312 1737 2350 effe

1107 2376 1254 2414 pomum
1298 2361 1490 2400 Medicum
1535 2364 1645 2400 etiam
1687 2375 1735 2399 ex

1108 2414 1370 2464 Theophrasto,
1398 2413 1630 2459 Dioscoride,
1660 2414 1736 2451 Pli-

1109 2466 1188 2511 nio,
1214 2466 1375 2509 constat3
1403 2479 1468 2503 nec
1488 2465 1582 2503 forte
1599 2465 1734 2515 injuria

1108 2517 1145 2555 in
1164 2516 1270 2555 certis
1296 2516 1418 2553 saltem
1437 2530 1654 2554 venenorum
1671 2530 1736 2570 ge-

1107 2568 1262 2606 neribus.
1321 2580 1406 2619 129.
1442 2569 1553 2606 verba
1585 2584 1648 2606 non
1679 2576 1735 2606 in-

1107 2628 1222 2664 noxia,
1262 2620 1299 2656 h.
1349 2619 1473 2664 noxia,
1516 2619 1735 2657 incantatio-

1108 2685 1167 2710 nes
1178 2688 1188 2715 ;
1219 2681 1254 2709 et
1281 2671 1408 2708 eodem
1426 2671 1523 2708 sensu
1541 2671 1656 2709 herbae
1672 2687 1737 2709 non

1107 2730 1267 2765 innom'ae,
1295 2733 1488 2762 venenatae.
1548 2735 1630 2770 130.
1662 2729 1740 2773 agit

1108 2775 1156 2811 est
1186 2773 1318 2824 exigit,
1346 2774 1506 2824 expellit.
1562 2786 1646 2821 134.
1677 2775 1740 2811 Ad

1104 2832 1232 2876 prima,
1261 2836 1299 2862 ut
1317 2831 1492 2874 inprimis,
1519 2841 1589 2862 cum
1603 2830 1737 2874 primis,

1109 2883 1268 2930 apprime.
1308 2877 1471 2916 -Mederi
1507 2876 1654 2914 Parthos
1688 2877 1736 2934 iis

1618 2939 1739 2980 ponus
