1821 3381
340 329 393 371 82
497 323 548 370 P.
609 317 992 368 VIRGILII
1064 313 1472 362 MARONIS

337 459 502 520 Teque
524 456 641 502 adeo
663 455 804 501 decus
827 453 915 499 hoc
943 451 1049 507 aevi,
1071 461 1117 495 te
1144 446 1362 504 Consule,
1385 447 1542 504 inibit,

338 548 493 594 Pollio
511 572 522 602 ;
549 560 594 594 et
634 545 866 607 incipient
889 541 1052 605 magni
1075 538 1330 603 procedere
1354 536 1551 583 menses.

339 639 410 685 Te
433 640 569 694 duce,
590 637 622 683 fi
646 652 739 699 qua
764 645 972 690 manent,
997 630 1181 679 sceleris
1206 627 1399 691 vestigia
1421 626 1562 674 nostri

338 730 484 776 Inrita
506 740 734 792 perpetua
753 726 937 774 solvent
961 722 1218 771 formidine
1240 732 1403 767 terras.

548 886 603 918 13.
622 879 712 920 primi
727 876 778 908 vel
793 875 874 921 nostri
888 874 1000 907 Koler.
1015 873 1213 910 mss--14.
1232 879 1325 915 paeoas
1341 871 1426 902 Vera.

341 1013 368 1028 “
397 1006 495 1058 quod
525 1005 662 1055 Sibylla
689 1005 781 1042 Solis
805 1005 873 1041 effe
893 1015 965 1040 me-

342 1065 371 1081 “
401 1058 594 1095 m01·avit.''
622 1060 724 1094 Ser-v.
780 1055 966 1093 Fabricius

342 1110 439 1148 Eiltl.
472 1109 542 1146 Gr.
572 1109 605 1153 Ι,
636 1122 698 1158 30,
734 1107 765 1150 ὁ.
791 1121 837 1156 14
854 1107 966 1144 multa

341 1161 487 1211 quidem
513 1161 616 1198 doffte
643 1170 765 1197 contra
792 1158 966 1209 disputat,

342 1214 417 1264 ipse
443 1223 561 1249 tamen
586 1212 701 1248 multo
730 1210 965 1248 molestiorem

342 1264 517 1302 rationem
536 1262 720 1314 proponit,
739 1273 778 1299 ut
796 1272 831 1299 et
843 1273 968 1298 omnes

343 1315 461 1353 caeteri
491 1315 709 1364 interpretes.
780 1313 819 1350 Si
850 1312 966 1349 subse-

344 1367 535 1418 quentibus
554 1365 771 1416 temporibus
795 1364 967 1415 scriptum

342 1420 425 1457 effet
442 1431 598 1463 carmen,
619 1418 747 1454 ferrem
767 1417 847 1453 sane
865 1415 967 1465 Apol-

343 1472 442 1508 linem
461 1483 526 1520 pro
544 1470 684 1518 Caesare
699 1468 774 1505 dici
789 1483 800 1512 3
819 1479 971 1517 namque

345 1518 432 1560 deiis
466 1530 541 1558 erat
571 1520 753 1558 Caesarurn
785 1519 972 1562 tutelaris;

346 1572 535 1611 habitabat
563 1572 744 1622 Augustus
768 1570 806 1607 in
836 1570 974 1606 Palatio

345 1626 477 1676 ab718
498 1623 595 1662 inde.
615 1622 712 1660 conf.
734 1621 809 1658 Dio
822 1620 975 1665 XLIX,

351 1692 410 1728 15·
448 1675 554 1719 LIII,
606 1679 667 1718 16,
712 1684 747 1711 et
789 1671 973 1724 Apollinis

345 1729 441 1766 filius
467 1726 686 1764 existimatus
713 1724 800 1763 fuit.
824 1739 861 1762 v.
885 1724 971 1761 Sue-

346 1791 424 1817 ton.
444 1779 573 1816 Octav.
594 1791 672 1828 cap.
692 1790 755 1826 94.
797 1775 974 1813 Occurrit

347 1844 490 1881 quoque
503 1830 638 1880 Apollo
654 1839 689 1867 et
708 1828 767 1866 Sol
786 1827 824 1864 in
841 1827 972 1865 numis.

347 1883 487 1920 Verum
518 1895 561 1918 eo
590 1892 764 1931 tempore,
795 1892 868 1929 quo
899 1880 973 1915 haec

352 1935 488 1984 Ecloga
507 1933 637 1982 scripta
653 1933 715 1973 est,
743 1931 894 1968 honores
920 1930 975 1967 illi

351 1987 390 2024 in
410 1985 586 2022 Caesarem
605 1985 765 2020 nondum
784 1992 886 2019 erant
912 1995 974 2018 cu-

351 2037 494 2075 mulati.
540 2036 578 2072 Si
598 2045 716 2072 tamen
735 2034 841 2072 verba
859 2032 979 2070 versus

349 2102 414 2140 per
446 2089 479 2125 se
512 2085 769 2137 interpreteris,
805 2084 978 2122 sententia

351 2140 443 2184 exit,
472 2153 580 2189 quam
610 2149 647 2176 ut
666 2150 786 2175 veram
813 2135 979 2186 amplefti

353 2193 461 2230 licet:
495 2190 642 2228 Lucinae
666 2189 693 2227 s.
723 2189 853 2225 Dianae
870 2187 980 2224 frater

354 2244 492 2294 Apollo
518 2243 588 2280 est:
620 2241 667 2285 is,
691 2240 753 2291 qui
781 2252 878 2276 nunc
903 2239 979 2276 nas-

354 2297 450 2333 citur
470 2307 571 2344 puer,
590 2306 672 2330 cum
690 2292 863 2342 Apolline
880 2304 980 2328 com-

356 2357 513 2397 paratur,
538 2355 573 2382 et
591 2344 802 2395 prophetica
819 2342 982 2379 oratione

357 2400 446 2435 bene
485 2397 559 2448 ipse
597 2396 715 2433 diftus
748 2396 794 2431 est
830 2394 980 2444 Apollo.

358 2450 541 2487 Sententia
571 2448 661 2485 adeo
689 2447 759 2483 est:
791 2445 873 2482 fave
905 2444 982 2481 nas-

357 2501 452 2539 centi
478 2512 614 2553 puero:
642 2499 731 2536 alter
757 2497 819 2535 ille
845 2497 983 2547 Apollo

356 2554 415 2591 est.

417 2618 474 2642 11.
502 2603 594 2640 decus
619 2601 676 2639 hoc
701 2607 790 2644 (εκ-ω’,
816 2598 984 2650 praeclara

360 2656 434 2695 haec
448 2665 542 2693 aetas.
593 2653 715 2691 inibit:
735 2651 984 2702 simpliciffima

360 2709 442 2746 effet
460 2706 568 2749 ratio,
587 2716 625 2743 ut
643 2705 738 2742 inibit
752 2704 792 2740 sit
810 2716 888 2754 pro,
902 2715 982 2739 cur-

361 2760 438 2798 sum
468 2757 590 2803 inibit,
625 2755 797 2806 incipiet;
838 2767 986 2804 eamque

363 2810 504 2849 Servius
520 2819 556 2847 et
577 2808 687 2858 vulgo
705 2809 911 2857 interpretes
935 2805 985 2841 se-

363 2872 534 2913 quuntur.
587 2860 681 2897 Inire
697 2869 814 2895 tamen
829 2857 986 2895 absolute

362 2916 413 2952 ita
428 2914 580 2966 positum
594 2925 666 2949 non
683 2923 881 2952 occurrere,
897 2909 987 2947 bene

1032 1010 1153 1039 monet
1182 1000 1428 1043 Burmannu33
1455 998 1516 1035 etsi
1544 996 1655 1048 parti-

1030 1052 1168 1104 cipium
1195 1064 1378 1102 nunquam
1402 1062 1475 1088 non
1493 1049 1544 1086 ita
1562 1048 1657 1086 dici-

1032 1115 1111 1142 tur:
1140 1110 1268 1141 ineunte
1285 1118 1385 1145 anno,
1407 1105 1530 1151 mmgfh3
1556 1107 1659 1138 iniens

1031 1168 1117 1194 setas
1130 1169 1142 1191 .·
1171 1153 1299 1205 quidni
1315 1153 1425 1191 etiam
1441 1168 1548 1190 annus
1566 1155 1660 1190 init?

1031 1208 1271 1251 Burmannus,
1303 1217 1342 1243 ut
1373 1205 1426 1242 ita
1450 1205 1660 1254 jungamuS,

1032 1261 1153 1297 auftor
1171 1260 1217 1296 est
1232 1272 1241 1294 ;
1270 1257 1401 1307 Apollo,
1419 1257 1487 1293 hoc
1502 1256 1563 1297 est,
1583 1256 1661 1292 Au-

1032 1312 1153 1361 gustus
1195 1311 1307 1358 (hunc
1343 1309 1417 1346 fere
1451 1307 1662 1357 intelligunt

1033 1363 1272 1413 interpretes),
1329 1360 1425 1398 inibit
1464 1360 1557 1397 decus
1604 1358 1663 1395 hoc

1033 1420 1123 1458 aevi,
1138 1425 1183 1457 te,
1199 1411 1318 1456 Pollio,
1330 1409 1481 1461 Consule.
1526 1409 1664 1447 Melius

1035 1465 1232 1515 subjeEtum
1250 1464 1319 1500 erit
1337 1463 1411 1514 ipse
1431 1473 1518 1512 puer
1532 1464 1663 1510 nascens

1038 1517 1116 1567 (qui
1159 1516 1256 1552 idern
1292 1528 1337 1552 ex
1372 1515 1486 1551 nostra
1525 1512 1665 1550 ratione
1691 1510 1693 1512 ’

1036 1567 1152 1618 Apollo
1168 1568 1248 1615 est),
1267 1566 1329 1617 qui
1347 1567 1437 1604 hanc
1456 1565 1665 1615 praeclaram

1038 1619 1164 1663 vitam,
1181 1619 1250 1655 hoc
1269 1632 1398 1662 aevum,
1418 1617 1539 1654 inibit.
1597 1616 1667 1653 Vi-

1040 1672 1146 1708 detur
1164 1680 1282 1707 tamen
1301 1683 1341 1708 v.
1362 1682 1404 1706 12
1435 1680 1464 1705 et
1483 1673 1600 1720 magni
1613 1675 1666 1704 in-

1039 1730 1157 1773 cipient
1175 1723 1345 1772 procedere
1370 1724 1502 1770 meqsbs,
1523 1732 1602 1770 quae
1619 1718 1666 1756 ad

1040 1791 1167 1812 novam
1188 1779 1371 1826 progeniem
1388 1773 1560 1823 speftant,
1584 1771 1667 1822 pof-

1041 1827 1170 1869 tulare,
1197 1836 1237 1862 ut
1262 1835 1298 1862 et
1321 1824 1384 1861 ill'a
1400 1826 1492 1861 decus
1510 1823 1568 1861 hoc
1593 1828 1673 1860 aevi

1040 1884 1124 1915 inire
1143 1887 1299 1927 putetur.
1331 1890 1388 1914 12.
1407 1881 1525 1926 magni
1538 1876 1671 1923 menses,

1043 1929 1207 1971 illustres,
1225 1928 1392 1978 infigneS‚
1405 1925 1669 1970 memorabiles,

1044 1991 1084 2017 ut
1098 1995 1132 2017 v.
1151 1995 1189 2032 5,
1203 1989 1327 2029 utpote
1340 1978 1458 2016 saeculi
1472 1976 1584 2014 aurei.
1603 1976 1669 2015 Cf.

1046 2032 1169 2070 Burm.
1213 2030 1402 2067 Nimirum
1415 2045 1554 2082 magnus
1564 2044 1671 2067 annus

1043 2084 1106 2126 est,
1125 2097 1145 2120 u
1153 2083 1249 2134 tique
1263 2082 1347 2119 hinc
1362 2092 1397 2118 et
1411 2087 1527 2132 magni
1541 2083 1672 2130 metgses.

1047 2134 1158 2185 Qis,
1186 2134 1251 2171 nifi
1280 2134 1373 2184 apud
1399 2134 1536 2182 Julium
1568 2131 1672 2169 Sabi-

1047 2199 1134 2223 num
1154 2199 1174 2223 e
1199 2185 1362 2236 pleniore
1385 2183 1513 2223 Servio
1539 2183 1673 2233 legere-

1047 2248 1122 2282 tur,
1157 2238 1330 2281 crederet,
1359 2236 1434 2286 jam
1471 2234 1674 2272 Asconium

1050 2288 1249 2327 Pedianum
1288 2288 1385 2326 libro
1428 2287 1585 2325 secundo
1628 2287 1681 2324 de

1048 2352 1200 2390 praetura
1217 2340 1351 2377 urbana
1368 2349 1493 2390 putare
1509 2337 1677 2388 potuiss‘e,

1050 2391 1250 2442 Virgilium
1268 2391 1478 2429 intellexiffe
1507 2391 1552 2427 de
1573 2388 1675 2438 Julio

1049 2454 1085 2480 et
1104 2445 1283 2494 Augusto,
1300 2443 1363 2494 qui
1377 2442 1526 2480 nomina
1538 2451 1615 2478 tum
1631 2440 1679 2477 de

1052 2495 1102 2532 D.
1116 2496 1218 2544 julio
1233 2505 1269 2533 et
1286 2495 1449 2546 Augusto
1465 2491 1603 2530 Caesare
1616 2505 1675 2530 ac-

1049 2557 1231 2597 ceperant.

1110 2612 1169 2647 13.
1197 2597 1236 2636 T
1230 2614 1246 2634 e
1261 2599 1363 2636 duce:
1389 2595 1546 2646 auspice,
1573 2608 1595 2633 a
1613 2604 1680 2632 tuo

1054 2649 1139 2687 inde
1154 2651 1338 2687 consulatu
1354 2665 1363 2693 ;
1382 2648 1590 2698 expiabitur
1602 2646 1678 2698 pri-

1054 2715 1115 2738 mo
1132 2715 1237 2738 omne
1254 2701 1379 2743 scelus,
1407 2713 1479 2749 quo
1500 2697 1678 2736 contami-

1055 2763 1177 2790 natum
1192 2754 1238 2789 est
1256 2752 1324 2789 hoc
1340 2751 1528 2789 hominum
1543 2761 1678 2801 genus:

1056 2804 1195 2841 scilicet
1222 2814 1261 2840 ut
1294 2803 1449 2840 sanCtior
1484 2813 1519 2838 et
1551 2801 1680 2839 castior

1055 2866 1136 2892 aetas
1151 2855 1337 2892 succedere
1347 2854 1460 2904 poffit.
1463 2852 1597 2902 sceleris
1605 2854 1683 2900 vasa

1053 2912 1138 2960 ttgia
1172 2910 1293 2957 nestri:
1325 2905 1412 2945 belli
1446 2903 1566 2943 civilis
1599 2904 1683 2960 reli-

1580 2967 1685 3007 quiae
