1821 3381
342 338 426 372 202
690 321 1325 369 PROOEMIUM

340 459 475 506 facile
498 459 671 514 videas,
707 459 824 504 dum
857 459 976 504 hanc
1005 459 1153 520 ipsam
1180 460 1384 521 copiam,
1420 461 1543 508 hunc
1568 480 1647 510 or-

338 554 501 587 natum
538 557 694 586 rerum
719 541 932 586 tenuium
965 553 1010 586 et
1043 541 1254 598 exilium,
1302 542 1358 587 ad
1397 543 1649 603 reprehen-

338 623 516 670 fionem
540 622 763 668 carminis
787 623 995 668 traxerit.
1067 622 1154 668 Sed
1171 620 1347 685 judicii
1374 622 1508 686 hujus
1533 641 1647 670 auc-

340 705 576 751 toritatem
607 706 711 769 jam
748 705 855 752 satis
896 707 988 752 alio
1026 705 1233 769 ejusdem
1273 706 1361 752 viri
1386 707 1510 753 docti
1535 725 1648 755 acu-

340 787 470 833 mine
493 787 722 834 elevatam
747 788 980 845 dabimuS,
1016 805 1128 836 cum
1165 789 1292 835 idern
1319 790 1397 835 ille
1424 790 1468 836 in
1494 791 1650 839 Buco-

340 869 444 916 licis
468 870 703 918 summam
727 872 1083 935 simplicitatem
1126 885 1172 918 et
1193 873 1513 920 humilitatem
1538 875 1652 921 vitae
1694 892 1699 895 ’

340 966 394 997 ac
419 968 609 1000 morum
631 970 657 998 a
681 953 885 1017 Virgilio
904 953 1161 1017 expressam
1183 954 1356 1000 dixerit
1375 979 1384 1009 ;
1421 972 1517 1018 quo
1534 957 1651 1018 quid

340 1049 368 1078 a
390 1049 544 1081 rerum
567 1035 660 1081 fide
683 1051 737 1081 ac
761 1035 891 1081 sensu
916 1035 1113 1081 alienius
1137 1036 1287 1082 afferri
1311 1037 1476 1100 possit?
1513 1039 1554 1084 A
1575 1052 1652 1084 tu.-

343 1132 475 1163 more
497 1134 550 1164 ac
585 1118 761 1181 frigore
783 1132 863 1164 aut
886 1118 1047 1180 inepto
1070 1119 1229 1181 aliquo
1256 1119 1408 1165 studio
1431 1135 1484 1165 ac
1507 1122 1654 1167 nimia

341 1199 587 1248 sedulitate
611 1201 848 1266 Georgica
886 1218 1050 1248 vacare
1085 1203 1382 1250 confidentur
1404 1204 1654 1261 affirmem,

342 1284 423 1343 qui
459 1284 635 1347 alioqui
668 1301 761 1331 non
789 1285 936 1331 multa
972 1301 1050 1330 me
1084 1297 1213 1331 certo
1237 1297 1390 1331 tenere
1423 1286 1655 1332 affirmare

344 1364 536 1413 soleam.

411 1447 649 1511 Georgica
677 1449 961 1495 Maecenatis
993 1448 1122 1495 suasu
1147 1465 1198 1495 ac
1224 1449 1417 1494 confilio
1451 1448 1655 1495 scribere

345 1529 586 1594 suscepisse
628 1531 834 1593 poetam,
880 1546 932 1578 ut
974 1533 1224 1579 hominum
1265 1533 1412 1579 animi
1454 1534 1510 1579 ad
1554 1534 1654 1597 agri

345 1613 532 1659 colendi
568 1614 716 1660 studia
754 1624 1095 1668 revocarentur,
1147 1614 1480 1660 Britannorum
1535 1631 1656 1661 non-

346 1697 601 1753 nullorum,
626 1697 858 1753 Wartoni‚
895 1695 1063 1753 Crufii,
1096 1696 1330 1752 Mardnii,
1366 1697 1653 1759 elegantium

345 1779 572 1835 virorum,
607 1779 671 1824 est
706 1779 884 1841 opinio.
954 1778 1089 1824 Italia
1124 1777 1228 1824 sane
1263 1778 1395 1823 bellis
1431 1778 1655 1824 civilibus

347 1874 534 1908 tanturn
558 1878 649 1908 non
678 1863 725 1907 in
760 1862 936 1907 vastam
973 1860 1274 1906 solitudinem
1313 1871 1410 1906 erat
1445 1861 1658 1913 reda&a;

348 1945 569 2002 veterani,
603 1946 727 1992 inter
766 1962 882 2008 quos
919 1945 1017 2008 agri
1060 1945 1243 1990 fuerant
1267 1944 1416 2000 divisi,
1450 1945 1509 1990 ab
1540 1961 1657 2006 ope-

349 2029 408 2074 ris
434 2030 590 2076 rustici
623 2030 846 2076 molestiis
871 2041 915 2075 et
940 2027 1163 2075 aerumnis
1188 2026 1440 2073 tolerandis
1473 2025 1657 2073 alienis-

347 2111 474 2159 fimis
511 2127 639 2160 erant
683 2115 883 2168 animis3
943 2112 1167 2159 frumenti
1216 2111 1377 2172 inopia
1421 2110 1480 2155 ab
1529 2126 1653 2156 anno

348 2197 459 2242 inde
496 2197 761 2244 DCCXIII
801 2214 971 2260 magna
1012 2196 1198 2241 Italiam
1237 2193 1359 2239 fame
1399 2193 1654 2246 afflixerat;

351 2282 559 2327 carmine
589 2282 761 2344 itaque,
795 2298 890 2344 quo
916 2283 1025 2327 vitae
1058 2280 1239 2327 rusticae
1264 2278 1387 2323 bona
1410 2292 1659 2323 commen-

350 2362 584 2419 darentur,
618 2364 837 2410 delinitos
861 2364 1042 2409 animos
1067 2362 1125 2407 ad
1150 2360 1537 2423 agricolationem
1573 2358 1658 2404 ad-

351 2445 463 2491 duci
503 2445 642 2507 poffe,
688 2446 909 2492 censuisse
948 2446 1285 2491 Maecenatem.
1359 2441 1661 2487 Fundamen-

351 2540 455 2572 tum
499 2539 658 2572 tamen
703 2527 985 2590 conjefturae
1032 2526 1255 2572 idoneum
1298 2540 1392 2570 non
1436 2533 1658 2585 apparet;

353 2610 466 2671 quin
488 2627 539 2656 ea
561 2627 646 2657 nec
670 2611 773 2656 satis
798 2610 1053 2673 probabilis
1077 2609 1164 2656 effe
1186 2607 1387 2662 videtur,
1422 2622 1534 2652 cum
1556 2621 1661 2651 car-

354 2695 472 2740 mini
497 2694 725 2757 majorem
747 2695 862 2749 vim,
898 2692 1125 2756 majorem
1158 2692 1299 2738 etiam
1322 2690 1661 2748 celebritatem,

355 2776 542 2834 tribuat,
591 2794 733 2839 quam
778 2777 900 2822 inter
935 2775 1149 2822 homines
1191 2773 1419 2830 ίηάοέὶοε,
1469 2773 1660 2828 feroces,

353 2875 436 2921 per
458 2859 785 2921 bellorumque
808 2858 1022 2904 civilium
1053 2856 1294 2903 licentiam
1321 2852 1495 2917 rapinis
1513 2851 1661 2899 caedi-

1571 2949 1662 2996 que
