1987 3361
523 307 711 340 ccxxvr
865 298 1485 352 TESTIMONIA

523 429 697 477 Callius
721 432 814 490 hic,
851 433 1022 499 Magni
1047 438 1238 496 vindex,
1271 452 1318 487 et
1347 441 1516 489 Brutus
1543 443 1591 490 in
1615 447 1762 494 armis

522 515 785 565 Intereunt.
860 519 1032 577 Victor,
1065 522 1280 569 nondum
1304 535 1553 571 contentus
1576 527 1756 589 opimis

521 598 756 646 Emeritas
780 601 892 648 belli
910 602 1066 665 spoliis
1090 603 1250 650 ditaffe
1274 605 1497 663 cohortis,

519 681 799 746 Proscripfit
822 685 1006 734 miserae
1029 687 1242 735 florentia
1265 705 1372 736 rura
1398 690 1677 745 Cremonae;

521 764 739 828 Totaque
763 767 996 816 militibus
1020 770 1227 834 pretium
1251 771 1462 818 conceflii
1487 772 1702 820 laborum
1769 785 1795 834 7
1803 785 1831 834 5

519 843 687 892 Praeda
712 846 816 898 fuit.
890 850 1106 898 Violenta
1129 868 1292 898 manus
1318 852 1547 900 bacchata
1568 870 1655 916 per
1677 870 1832 918 agrOS.
1861 890 1869 904 2

519 925 635 974 Non
658 930 808 988 flatus,
842 948 936 978 non
961 934 1051 979 tela
1073 933 1219 993 Jovis,
1255 949 1347 980 non
1373 933 1591 995 spumeus
1616 935 1786 992 amnis,

519 1009 632 1056 Non
657 1010 831 1058 imbres
853 1013 1022 1076 rapidi,
1046 1025 1278 1077 quantum
1303 1030 1470 1060 manus
1493 1000 1646 1076 impia
1667 1014 1832 1060 vastat.

520 1095 734 1151 Mantua,
767 1106 818 1141 tu
844 1096 1092 1160 conjuncta
1115 1097 1235 1153 loco,
1271 1096 1442 1143 sociata
1464 1096 1672 1159 periclis,

518 1175 630 1222 Non
654 1191 814 1225 tamen
835 1178 896 1225 ob
920 1179 1172 1233 meritum3
1199 1179 1416 1226 miseram
1432 1179 1607 1226 vicinia
1623 1179 1749 1228 fecit.
1771 1184 1837 1228 80

517 1258 628 1319 Jam
655 1258 797 1306 Maro
818 1259 976 1321 pulsus
1001 1272 1110 1306 erat.
1181 1260 1274 1305 Sed
1301 1260 1478 1306 viribus
1504 1261 1673 1307 obvius
1699 1262 1798 1309 ibat

518 1340 682 1388 fretus
706 1342 969 1389 amicorum
992 1342 1175 1404 clipeo:
1210 1357 1322 1388 cum
1345 1358 1485 1404 paene
1513 1343 1716 1391 nefando

517 1424 640 1471 Ense
654 1425 793 1488 perit.
862 1425 994 1490 Qicl
1009 1425 1170 1471 dextra
1182 1423 1327 1470 furis?
1343 1425 1459 1487 quid
1476 1426 1648 1473 viscera
1661 1426 1831 1473 Romae

519 1507 756 1568 Sacrilego
776 1523 1006 1554 mucrone
1027 1506 1181 1569 petis?
1217 1519 1297 1553 tua
1319 1506 1443 1553 bella
1469 1509 1645 1554 tacebit

517 1587 783 1643 Posteritas,
805 1588 1053 1651 ipsumque
1067 1589 1253 1644 ducem,
1270 1587 1355 1634 nis-2
1374 1587 1575 1634 Mantua
1592 1589 1734 1636 dicat.
1771 1593 1824 1652 85

518 1669 629 1717 Non
645 1669 755 1715 tulit
772 1670 890 1715 hanc
909 1669 1089 1715 rabiem
1114 1667 1376 1715 doc‘tiffima
1397 1669 1537 1715 turba
1559 1680 1832 1731 potentum.

518 1751 621 1798 Itur
644 1751 702 1797 ad
726 1751 963 1797 auci-orem
989 1766 1157 1797 rerum.
1230 1749 1363 1814 Qid
1386 1749 1593 1814 Martius
1618 1752 1783 1797 'norror

517 1831 701 1896 Egerit,
735 1831 1007 1893 ostendunt;
1042 1831 1159 1894 quid
1183 1842 1297 1877 tunc
1321 1831 1583 1879 miseranda
1606 1833 1796 1881 tuliffet.

521 1916 719 1962 Caessris
744 1916 821 1962 hic
839 1916 1032 1978 placido
1054 1927 1170 1962 nutu
1189 1927 1465 1978 repetuntur
1486 1917 1647 1979 agelli.

518 1996 614 2043 His
631 1996 790 2043 auctus
808 1996 986 2044 meritis
1003 2012 1113 2042 cum
1131 1995 1277 2059 digna
1291 1996 1546 2058 rependere
1563 1997 1726 2046 vellet:
1768 2015 1836 2063 90

517 2079 708 2126 Invenit
728 2095 932 2136 carmen,
963 2095 1060 2141 quo
1082 2094 1279 2125 munera
1299 2079 1484 2127 vincere
1504 2079 1666 2141 poffet.

523 2161 711 2208 Praedia
733 2161 815 2208 dat
841 2161 1022 2216 Caesar3
1058 2177 1261 2225 quorum
1285 2160 1441 2208 brevis
1463 2160 1566 2207 usus
1590 2162 1825 2210 habendi:

521 2245 718 2292 Obtulit
737 2245 813 2292 hic
840 2245 1015 2302 laudes,
1047 2262 1161 2308 quas
1185 2244 1352 2292 saecula
1376 2245 1503 2291 nulla
1527 2243 1750 2291 silescant.

520 2327 733 2375 Pastores
756 2329 932 2375 cecinit
956 2329 1156 2391 primos.
1226 2328 1337 2376 Hoc
1364 2329 1574 2375 carmine
1599 2327 1773 2375 Consul

519 2409 675 2456 Pollio
699 2409 929 2468 laudatur,
963 2422 1034 2457 ter
1056 2410 1101 2457 se
1123 2409 1453 2457 revocantibus
1478 2409 1612 2456 annis
1766 2427 1794 2475 9
1801 2422 1828 2474 5

522 2493 815 2556 Compofito.
887 2495 994 2542 Post
1016 2495 1121 2541 haec
1145 2495 1263 2542 ruris
1286 2505 1525 2557 praecepta
1547 2492 1738 2541 colendi

521 2574 739 2639 Qatuor
759 2575 975 2639 exposuit
998 2575 1147 2635 libris,
1180 2588 1227 2622 et
1250 2576 1504 2623 commoda
1525 2587 1684 2625 terrae.

519 2655 745 2714 Edocuit,
778 2656 983 2721 geminis
1005 2673 1129 2703 anno
1152 2657 1308 2704 minus
1331 2655 1494 2703 omnia
1516 2655 1686 2704 lustris.

520 2739 640 2788 Inde
662 2741 946 2788 cothurnato
965 2740 1260 2788 Teucrorum
1281 2729 1451 2804 praeIIa
1473 2738 1607 2787 versu

574 2857 594 2897 7
604 2847 638 2883 8.
667 2845 705 2883 in
723 2846 803 2885 aliis
818 2860 828 2885 ε
848 2855 1005 2898 quantum
1023 2860 1141 2884 manus
1191 2849 1286 2896 saris
1302 2845 1390 2883 huic
1398 2844 1532 2896 placido
1545 2855 1628 2884 nutu
1643 2855 1838 2898 repetuntur

516 2901 634 2948 impia,
651 2901 802 2949 vastant.
1206 2913 1243 2937 a.
1271 2897 1376 2937 Tou.
1393 2907 1430 2937 et
1444 2895 1572 2937 Franc.

569 2953 631 2990 88.
660 2951 723 3003 qui
740 2963 818 2990 tunc
834 2966 877 2989 m.
902 2948 1036 3001 tulfft,
1060 2950 1141 2987 Cae-

1763 2999 1834 3050 Et
