1821 3381
401 280 859 367 Bucoch,
921 309 1092 358 ECL.
1144 308 1210 357 x.

1364 323 1446 371 171

144 446 287 493 Venit
311 456 357 492 et
380 444 554 507 upilio;
589 442 710 489 tardi
734 457 902 488 venere
925 440 1152 494 bubulci;

145 536 333 584 Uvidus
358 535 552 582 hiberna
574 533 703 580 venit
728 532 786 578 de
811 530 982 595 glande
1007 530 1270 577 Menalcas.
1397 541 1458 574 20

143 624 340 681 OmneS‚
356 623 481 670 unde
491 638 624 669 arnor
634 621 731 678 iste,
748 631 931 684 rogant,
953 619 1070 666 tibi?
1093 619 1236 666 Venit
1250 617 1457 680 Apollo:

138 716 300 773 Galle,
333 714 448 778 quid
467 712 667 761 insanis?
693 712 863 774 inquit,
888 722 967 757 tua
992 725 1104 756 cura
1129 707 1326 769 Lycoris

146 808 327 871 Perque
338 808 467 853 nives
484 807 630 853 alium
644 822 820 869 perque
838 803 1028 851 horrida
1046 801 1191 849 castra
1207 800 1361 848 secuta
1375 799 1457 846 est.

144 896 289 946 Venit
311 911 357 945 et
377 898 544 961 agresti
567 898 736 960 capitis
762 897 976 943 Silvanus
999 895 1175 941 honore

147 1041 221 1062 cum
250 1031 397 1074 Daphnis
418 1029 673 1062 contabesceret?
697 1029 791 1061 Illum
822 1028 981 1060 deflerunt
1003 1026 1195 1058 ferae-tum
1229 1032 1270 1063 74
1296 1023 1418 1055 Πολλαί
1437 1017 1463 1054 οἶ

145 1080 207 1125 orig
223 1083 304 1114 ποσσὶ
327 1083 395 1119 βᾶες,
419 1083 521 1113 πολλοὶ
545 1081 571 1112 δέ
588 1095 618 1112 τε
640 1083 741 1125 ταῖςσι,
762 1080 880 1111 noma>
895 1078 916 1110 δ’
932 1078 970 1110 αὖ
983 1077 1114 1117 δωμάλαι
1129 1077 1179 1109 καὶ
1198 1076 1302 1120 otigr-123
1317 1075 1462 1119 ὦδύςαντω

148 1135 233 1176 wfstre‘
261 1147 305 1164 nec
336 1134 498 1172 Parrhas.;
522 1133 634 1164 malim
657 1132 743 1174 legi:
768 1144 812 1161 nec
842 1131 1030 1174 nestri—Nec
1057 1136 1092 1159 te.
1183 1137 1233 1169 19.
1257 1129 1357 1170 oppilio
1381 1126 1463 1158 alter

149 1183 289 1215 {MenteL
331 1187 434 1226 appilio
450 1184 536 1214 Voss.
581 1185 660 1225 opilio
686 1181 832 1224 Longob.
861 1190 892 1212 et
918 1180 1033 1212 Medic.
1061 1179 1158 1211 Pierii
1178 1190 1252 1210 cum
1277 1178 1363 1217 ahis3
1386 1178 1408 1209 s.
1423 1189 1463 1210 ex

147 1236 268 1270 οἰοπόλος
296 1243 371 1267 nata
394 1247 467 1273 vox,
488 1235 511 1266 s.
535 1246 573 1266 ex
597 1234 706 1265 ovilio.
748 1236 826 1263 tarde
851 1233 900 1264 ed.
921 1234 1005 1264 Ven.
1047 1232 1120 1262 clari
1146 1230 1269 1261 Medic.
1301 1241 1320 1260 a
1342 1241 1387 1260 m.
1413 1238 1463 1271 pr.

139 1287 249 1326 subulci
273 1287 358 1317 idem
381 1286 504 1316 Medic.
521 1296 594 1315 cum
616 1283 896 1326 praestantioribus,
921 1285 1003 1325 Reg.
1027 1282 1115 1313 Voff.
1143 1280 1182 1312 al.
1211 1282 1309 1312 Rom.
1334 1280 1459 1311 Medic.

151 1337 260 1375 Pierii,
286 1338 363 1368 item
380 1337 512 1375 Servi03
537 1344 568 1367 et
584 1336 758 1377 sequuntur
784 1335 817 1366 id
844 1335 917 1366 edd.v
939 1334 1037 1366 Aldd.
1063 1341 1095 1365 et
1118 1342 1229 1364 earum
1251 1325 1465 1374 propagines}

150 1396 221 1421 tum
239 1390 430 1426 Germanus,
451 1388 632 1425 Manutius,
653 1387 718 1418 alii.
763 1387 824 1418 Sed
849 1394 981 1417 tuentur
1006 1386 1069 1416 viri
1094 1384 1181 1416 doffi
1207 1385 1310 1414 bubulci
1332 1394 1369 1414 ex
1393 1388 1462 1413 vet.

153 1440 419 1478 Grammaticor„
447 1439 593 1481 Apulcii,
617 1438 785 1471 Theocriti
815 1440 841 1476 1,
870 1440 924 1476 80,
957 1437 1086 1480 aliisque
1117 1433 1371 1472 auetoritatibus,
1395 1434 1464 1466 vid.

151 1490 265 1521 Heins.
281 1490 321 1521 cf.
341 1490 454 1527 Cerda,
473 1490 581 1521 Barth.
600 1489 658 1521 1-1.
703 1491 750 1521 Ex
766 1489 858 1520 editis
877 1488 939 1519 hoc
960 1489 1028 1530 jam
1053 1487 1222 1519 exhibuere
1252 1487 1369 1527 Egnat.
1393 1485 1465 1515 Au-

151 1541 254 1584 gelius
269 1542 302 1573 in
314 1541 397 1572 Flor.
418 1550 514 1580 1520,
529 1549 599 1572 tum
611 1541 718 1583 Steph.
733 1541 902 1572 Pulmann.
914 1540 1024 1571 Elzev.
1115 1548 1166 1571 20.
1182 1540 1301 1569 Vividus
1316 1537 1366 1568 ed.
1378 1537 1463 1568 Ven-

156 1593 302 1625 Guellius
332 1594 484 1635 quosdam
517 1595 626 1625 Uvidus
651 1595 768 1637 lvfsserna
792 1593 898 1636 legere
928 1600 1045 1624 narrat.
1096 1593 1209 1622 Umfflm
1235 1592 1333 1621 Rom.
1355 1588 1465 1620 Pierii.

154 1654 295 1676 ——21.
320 1644 518 1686 distinguunt
536 1644 611 1676 alii:
635 1657 733 1682 onmes,
755 1647 821 1675 unde
843 1657 922 1674 amor
945 1645 1002 1686 sse,
1025 1650 1133 1685 rogant,
1156 1643 1206 1672 tihi
1224 1641 1327 1672 venit?
1350 1640 1468 1682 Apollo:

155 1697 250 1727 Galle.
295 1696 370 1727 alii:
395 1703 513 1738 rogant:
539 1697 605 1726 Tibi
620 1699 695 1727 venit
710 1698 821 1738 Apollo.
866 1697 1012 1736 Utroque
1035 1693 1131 1725 modo
1156 1692 1258 1724 oratio
1284 1691 1373 1723 exilis
1395 1691 1469 1722 red-

153 1747 250 1780 ditur.
344 1757 394 1787 23.
418 1749 527 1789 Perque
549 1750 625 1778 nives
652 1750 757 1790 Alpum
784 1746 866 1789 conj.
895 1747 1044 1778 Schottus
1069 1745 1144 1777 Obs.
1165 1746 1204 1783 II,
1229 1754 1261 1784 4,
1286 1743 1467 1775 mulce—-

152 1808 206 1837 24.
226 1801 313 1842 capiti
327 1800 462 1842 Menag.

154 1910 300 1957 fabula3
331 1911 391 1950 sed
424 1911 472 1948 est
505 1923 525 1948 a
553 1911 712 1948 Theocr.
749 1911 782 1955 Ι,

159 1976 246 2014 109.

214 2027 272 2064 19.
301 2013 345 2050 In
380 2015 531 2064 repetito
561 2020 658 2052 venit
683 2013 781 2051 colo-

156 2078 233 2103 rem
262 2065 438 2102 orationis
463 2065 612 2103 similem
644 2065 783 2102 Home-

156 2117 242 2154 ricae
257 2117 384 2165 Odyffi
413 2116 452 2162 S,
473 2131 542 2166 3²2
568 2116 784 2168 agnoscebat

155 2168 296 2206 Ernesti
313 2168 356 2205 ad
376 2181 409 2206 e.
434 2170 459 2206 l.
515 2171 614 2207 Venit
632 2180 663 2206 et
674 2168 785 2218 upilio·

160 2220 225 2257 Ad
235 2220 492 2257 consolandum
507 2222 656 2258 Gallum
668 2219 784 2256 acces-

160 2271 233 2309 sere
249 2271 359 2308 etiam
377 2273 528 2323 pastores
542 2288 552 2318 3
571 2283 606 2309 et
627 2270 783 2322 primum

158 2323 307 2374 quidem
325 2336 452 2362 venere
468 2324 591 2361 ovium
610 2323 785 2367 custodes,

162 2384 240 2411 tum
270 2375 436 2419 bubulci,
461 2379 556 2414 tardi
581 2389 602 2413 a
627 2376 723 2413 lento
751 2385 787 2412 et

162 2425 268 2463 tardo
286 2427 438 2477 ingressu
457 2427 583 2472 boum,
610 2440 698 2477 quos
722 2439 785 2476 pa-

163 2476 280 2516 scunt.
305 2478 405 2516 conf.
426 2478 547 2518 Burm.
602 2493 664 2518 20.
696 2479 786 2515 Uvi-

163 2530 225 2568 dus
235 2528 271 2567 h.
292 2529 404 2566 Venit
413 2529 521 2567 etiam
533 2529 699 2568 subulcus
706 2529 788 2566 Me-

165 2580 284 2617 nalcas
296 2597 306 2626 ;
333 2581 379 2618 de
395 2595 483 2631 quo,
510 2581 549 2619 id
563 2582 661 2632 quod
676 2580 789 2618 maxi-

165 2643 224 2668 me
238 2631 276 2670 in
291 2631 478 2670 subulcum
491 2633 714 2677 conveniret,
727 2633 790 2670 ad-

165 2682 225 2720 dit
243 2684 336 2722 hoc:
365 2697 446 2721 eum
475 2685 586 2722 modo
612 2685 660 2721 de
687 2685 790 2722 noete

165 2732 207 2771 in
238 2734 333 2773 filvis
362 2735 553 2787 glandibus
581 2735 627 2773 ad
657 2736 791 2786 pastum

165 2797 288 2836 gregls
317 2787 505 2825 hibernum
536 2787 699 2838 legendis
730 2800 793 2824 va-

168 2838 269 2875 casse.
297 2838 397 2875 Hinc
415 2841 538 2877 uwdm
564 2852 584 2876 a
614 2851 692 2876 rore
717 2852 793 2876 ma-

165 2887 302 2931 §mino-
363 2890 505 2944 (aibcrna
545 2891 696 2941 glande:
748 2890 792 2933 In

169 2937 324 2981 hiemem
350 2954 372 2979 a
392 2942 511 2994 poetis
535 2942 636 2982 Italis
664 2941 791 2981 referri

840 2282 921 2321 pore
946 2275 1050 2310 cernis
1076 2271 1223 2309 Arbala-

844 1909 933 1947 solet
965 1908 1153 1960 glandium
1181 1907 1468 1959 colligendarum

844 1971 996 2012 tempus.
1025 1961 1164 2012 Georg.
1186 1961 1218 2003 Ι,
1235 1973 1305 2012 305
1319 1957 1471 2010 genialis

846 2012 959 2050 hiems
972 2014 1106 2051 z-Sed
1118 2024 1230 2050 tamen
1263 2023 1295 2049 et
1328 2023 1472 2062 quernas·

841 2065 984 2116 glandes
1025 2076 1095 2103 tum
1124 2069 1290 2115 stringere
1329 2072 1469 2111 tempus.

847 2116 907 2153 Sic
919 2117 1127 2154 arbutomm
1140 2116 1279 2165 Gom-g.
1296 2112 1350 2158 ΙΙ,
1380 2125 1471 2164 520,

849 2168 911 2206 ubi
930 2169 974 2205 de
997 2169 1114 2206 hieme
1136 2168 1268 2218 agitur.
1323 2165 1473 2202 Lucret.

848 2218 901 2264 V,
920 2223 994 2272 938
1022 2235 1098 2271 quae
1123 2235 1209 2258 nunc
1237 2216 1369 2255 hiberno
1391 2227 1473 2252 tem-

1278 2268 1355 2306 Hic
1386 2279 1474 2304 vero

848 2322 1015 2361 Maronis
1033 2322 1265 2373 sagacitatem
1288 2318 1473 2357 defideres.

848 2375 964 2420 Nam,
983 2375 1007 2412 fi
1025 2374 1179 2412 hiberno
1203 2383 1364 2422 tempore
1390 2369 1474 2407 Me-

850 2427 968 2464 nalcas
986 2439 1006 2463 e
1024 2426 1117 2463 filvis
1136 2423 1247 2463 redux
1263 2423 1301 2461 h.
1333 2422 1359 2459 l.
1387 2421 1476 2465 fuit,

851 2478 1085 2528 reliquorum,
1112 2490 1191 2527 quae
1221 2483 1476 2515 memorantur,

851 2529 946 2566 ratio
963 2542 1090 2580 parum
1107 2528 1254 2566 constat.
1308 2525 1365 2563 Ut
1390 2525 1477 2574 poe-

853 2590 927 2618 tam
960 2594 1005 2619 ex
1039 2580 1096 2618 his
1130 2579 1265 2629 laqueis
1294 2575 1477 2628 expedias,

852 2633 929 2671 esto.
957 2633 1056 2684 glans
1086 2631 1126 2669 in
1157 2629 1349 2668 hibernum
1376 2626 1479 2666 usum

853 2692 990 2735 parata.

909 2749 970 2774 21.
989 2735 1074 2773 unde
1090 2750 1183 2772 amor
1206 2736 1275 2785 sse,
1301 2733 1340 2771 h.
1373 2744 1393 2767 a
1410 2742 1480 2781 qua

856 2787 998 2837 puella3
1025 2800 1134 2836 quarn
1170 2785 1325 2835 puellam
1359 2783 1482 2819 amas?

858 2841 940 2877 τίνος
962 2841 985 2876 ὦ
1019 2837 1118 2886 5ny?
1152 2840 1270 2875 τόσσον
1309 2838 1482 2886 ἔξαισσοιις

857 2903 893 2928 v.
914 2895 976 2941 78.
1033 2903 1095 2940 23.
1112 2888 1163 2926 cf.
1185 2903 1219 2925 v.
1241 2902 1286 2939 47
1306 2898 1342 2925 et
1362 2886 1485 2935 Argu-

853 2952 965 2982 meut.
1022 2955 1082 2992 24.
1100 2942 1222 2992 agresti
1235 2944 1348 2989 capilis
1362 2936 1482 2973 Silva-

1427 3000 1488 3025 nus
