<?xml version="1.0" encoding="UTF-8"?>
<!DOCTYPE html PUBLIC "-//W3C//DTD XHTML 1.0 Transitional//EN"
    "http://www.w3.org/TR/xhtml1/DTD/xhtml1-transitional.dtd">
<html xmlns="http://www.w3.org/1999/xhtml" xml:lang="en" lang="en">
 <head>
  <title>
</title>
<meta http-equiv="Content-Type" content="text/html;charset=utf-8" />
  <meta name='ocr-system' content='tesseract 3.04.00' />
  <meta name='ocr-capabilities' content='ocr_page ocr_carea ocr_par ocr_line ocrx_word'/>
</head>
<body>
  <div class='ocr_page' id='page_1' title='image "./operavarietatele01virguoft_0459.png"; bbox 0 0 1821 3381; ppageno 0'>
   <div class='ocr_carea' id='block_1_1' title="bbox 413 343 1416 409">
    <p class='ocr_par' dir='ltr' id='par_1_1' title="bbox 413 343 1416 409">
     <span class='ocr_line' id='line_1_1' title="bbox 413 343 1416 409; baseline 0.004 -20"><span class='ocrx_word' id='word_1_1' title='bbox 413 343 532 390; x_wconf 88' lang='lat' dir='ltr'>AD</span> <span class='ocrx_word' id='word_1_2' title='bbox 612 343 1124 391; x_wconf 89' lang='lat' dir='ltr'>BUCOLICA.</span> <span class='ocrx_word' id='word_1_3' title='bbox 1332 351 1416 409; x_wconf 74' lang='lat'>187</span> 
     </span>
    </p>
   </div>
   <div class='ocr_carea' id='block_1_2' title="bbox 105 475 1423 2910">
    <p class='ocr_par' dir='ltr' id='par_1_2' title="bbox 105 475 1423 1651">
     <span class='ocr_line' id='line_1_2' title="bbox 106 475 1421 528; baseline 0.003 -17"><span class='ocrx_word' id='word_1_4' title='bbox 106 487 178 524; x_wconf 77' lang='lat' dir='ltr'>que</span> <span class='ocrx_word' id='word_1_5' title='bbox 206 475 318 512; x_wconf 88' lang='lat' dir='ltr'>modo</span> <span class='ocrx_word' id='word_1_6' title='bbox 349 476 423 525; x_wconf 87' lang='lat' dir='ltr'>ejus</span> <span class='ocrx_word' id='word_1_7' title='bbox 454 489 596 513; x_wconf 79' lang='lat' dir='ltr'>carmen</span> <span class='ocrx_word' id='word_1_8' title='bbox 624 475 746 513; x_wconf 70' lang='lat' dir='ltr'>saltem</span> <span class='ocrx_word' id='word_1_9' title='bbox 774 475 977 514; x_wconf 78' lang='lat' dir='ltr'>imitatione</span> <span class='ocrx_word' id='word_1_10' title='bbox 1005 477 1220 528; x_wconf 80' lang='lat' dir='ltr'>expressiffe:</span> <span class='ocrx_word' id='word_1_11' title='bbox 1251 478 1351 528; x_wconf 85' lang='lat' dir='ltr'>prius</span> <span class='ocrx_word' id='word_1_12' title='bbox 1368 489 1421 515; x_wconf 83' lang='lat' dir='ltr'>ta-</span> 
     </span>
     <span class='ocr_line' id='line_1_3' title="bbox 109 535 1421 588; baseline 0.004 -19"><span class='ocrx_word' id='word_1_13' title='bbox 109 546 190 570; x_wconf 82' lang='lat' dir='ltr'>men</span> <span class='ocrx_word' id='word_1_14' title='bbox 231 535 319 572; x_wconf 80' lang='lat' dir='ltr'>illud</span> <span class='ocrx_word' id='word_1_15' title='bbox 353 535 497 573; x_wconf 88' lang='lat' dir='ltr'>tradunt</span> <span class='ocrx_word' id='word_1_16' title='bbox 533 535 789 573; x_wconf 72' lang='lat' dir='ltr'>Grammatici.</span> <span class='ocrx_word' id='word_1_17' title='bbox 859 535 1046 588; x_wconf 81' lang='lat' dir='ltr'>Qaeritur</span> <span class='ocrx_word' id='word_1_18' title='bbox 1082 549 1192 581; x_wconf 88' lang='lat' dir='ltr'>nune,</span> <span class='ocrx_word' id='word_1_19' title='bbox 1238 538 1421 588; x_wconf 83' lang='lat' dir='ltr'>quodnam</span> 
     </span>
     <span class='ocr_line' id='line_1_4' title="bbox 109 591 1421 646; baseline 0.005 -19"><span class='ocrx_word' id='word_1_20' title='bbox 109 591 354 642; x_wconf 73' lang='lat' dir='ltr'>Euphorionis</span> <span class='ocrx_word' id='word_1_21' title='bbox 379 608 467 645; x_wconf 85' lang='lat' dir='ltr'>opus</span> <span class='ocrx_word' id='word_1_22' title='bbox 496 595 565 631; x_wconf 85' lang='lat' dir='ltr'>hoc</span> <span class='ocrx_word' id='word_1_23' title='bbox 590 594 710 631; x_wconf 86' lang='lat' dir='ltr'>fuerit.</span> <span class='ocrx_word' id='word_1_24' title='bbox 764 595 807 631; x_wconf 93' lang='lat' dir='ltr'>In</span> <span class='ocrx_word' id='word_1_25' title='bbox 825 595 886 632; x_wconf 82' lang='lat' dir='ltr'>vff.</span> <span class='ocrx_word' id='word_1_26' title='bbox 905 596 962 631; x_wconf 85' lang='lat' dir='ltr'>his</span> <span class='ocrx_word' id='word_1_27' title='bbox 981 596 1028 645; x_wconf 79' lang='lat'>69</span> <span class='ocrx_word' id='word_1_28' title='bbox 1055 596 1132 646; x_wconf 87' lang='lat' dir='ltr'><strong>sqq.</strong></span> <span class='ocrx_word' id='word_1_29' title='bbox 1152 596 1232 634; x_wconf 85' lang='lat' dir='ltr'>Ecl.</span> <span class='ocrx_word' id='word_1_30' title='bbox 1255 597 1310 633; x_wconf 90' lang='lat' dir='ltr'>VI</span> <span class='ocrx_word' id='word_1_31' title='bbox 1330 597 1421 634; x_wconf 88' lang='lat' dir='ltr'>Gal-</span> 
     </span>
     <span class='ocr_line' id='line_1_5' title="bbox 109 652 1423 707; baseline 0.005 -19"><span class='ocrx_word' id='word_1_32' title='bbox 109 652 555 703; x_wconf 55' lang='lat' dir='ltr'>hm,hlufflrmnjuflu‚a</span> <span class='ocrx_word' id='word_1_33' title='bbox 583 653 680 691; x_wconf 61' lang='lat' dir='ltr'>Idno</span> <span class='ocrx_word' id='word_1_34' title='bbox 708 653 877 691; x_wconf 69' lang='lat' dir='ltr'>nadstam</span> <span class='ocrx_word' id='word_1_35' title='bbox 907 654 1133 705; x_wconf 60' lang='lat' dir='ltr'>fibiamfipst</span> <span class='ocrx_word' id='word_1_36' title='bbox 1161 656 1325 701; x_wconf 50' lang='lat' dir='ltr'>fifluhnh</span> <span class='ocrx_word' id='word_1_37' title='bbox 1352 670 1423 707; x_wconf 85' lang='lat' dir='ltr'>qua</span> 
     </span>
     <span class='ocr_line' id='line_1_6' title="bbox 106 712 1421 766; baseline 0.005 -19"><span class='ocrx_word' id='word_1_38' title='bbox 106 712 238 762; x_wconf 41' lang='lat' dir='ltr'>Grynei</span> <span class='ocrx_word' id='word_1_39' title='bbox 264 720 397 750; x_wconf 73' lang='lat' dir='ltr'>nemoris</span> <span class='ocrx_word' id='word_1_40' title='bbox 427 718 585 763; x_wconf 78' lang='lat' dir='ltr'><em>originem</em></span> <span class='ocrx_word' id='word_1_41' title='bbox 614 723 730 750; x_wconf 84' lang='lat' dir='ltr'>canat.</span> <span class='ocrx_word' id='word_1_42' title='bbox 788 713 845 750; x_wconf 91' lang='lat' dir='ltr'>De</span> <span class='ocrx_word' id='word_1_43' title='bbox 875 715 1022 751; x_wconf 84' lang='lat' dir='ltr'>oraculo</span> <span class='ocrx_word' id='word_1_44' title='bbox 1054 714 1123 751; x_wconf 89' lang='lat' dir='ltr'>hoe</span> <span class='ocrx_word' id='word_1_45' title='bbox 1160 716 1345 766; x_wconf 84' lang='lat' dir='ltr'>Apollinis</span> <span class='ocrx_word' id='word_1_46' title='bbox 1369 716 1421 753; x_wconf 83' lang='lat' dir='ltr'>fa-</span> 
     </span>
     <span class='ocr_line' id='line_1_7' title="bbox 108 770 1422 826; baseline 0.004 -18"><span class='ocrx_word' id='word_1_47' title='bbox 108 770 202 808; x_wconf 67' lang='lat' dir='ltr'>bulae</span> <span class='ocrx_word' id='word_1_48' title='bbox 219 782 365 821; x_wconf 76' lang='lat' dir='ltr'>potuere</span> <span class='ocrx_word' id='word_1_49' title='bbox 382 772 446 808; x_wconf 80' lang='lat' dir='ltr'>effe</span> <span class='ocrx_word' id='word_1_50' title='bbox 463 772 604 822; x_wconf 71' lang='lat' dir='ltr'>plure33</span> <span class='ocrx_word' id='word_1_51' title='bbox 633 773 731 810; x_wconf 88' lang='lat' dir='ltr'>fuere</span> <span class='ocrx_word' id='word_1_52' title='bbox 758 787 902 823; x_wconf 89' lang='lat' dir='ltr'>quoque</span> <span class='ocrx_word' id='word_1_53' title='bbox 931 773 968 810; x_wconf 90' lang='lat' dir='ltr'>in</span> <span class='ocrx_word' id='word_1_54' title='bbox 1005 773 1049 810; x_wconf 82' lang='lat' dir='ltr'>iis</span> <span class='ocrx_word' id='word_1_55' title='bbox 1080 775 1195 811; x_wconf 83' lang='lat' dir='ltr'>multa</span> <span class='ocrx_word' id='word_1_56' title='bbox 1223 775 1267 812; x_wconf 92' lang='lat' dir='ltr'>de</span> <span class='ocrx_word' id='word_1_57' title='bbox 1287 775 1422 826; x_wconf 81' lang='lat' dir='ltr'>Mopso</span> 
     </span>
     <span class='ocr_line' id='line_1_8' title="bbox 105 831 1423 885; baseline 0.004 -18"><span class='ocrx_word' id='word_1_58' title='bbox 105 842 142 867; x_wconf 80' lang='lat' dir='ltr'>et</span> <span class='ocrx_word' id='word_1_59' title='bbox 173 831 371 868; x_wconf 77' lang='lat' dir='ltr'>Calchante</span> <span class='ocrx_word' id='word_1_60' title='bbox 403 831 470 881; x_wconf 80' lang='lat' dir='ltr'>(cf.</span> <span class='ocrx_word' id='word_1_61' title='bbox 503 831 596 869; x_wconf 89' lang='lat' dir='ltr'>Not.</span> <span class='ocrx_word' id='word_1_62' title='bbox 621 831 667 868; x_wconf 90' lang='lat' dir='ltr'>ad</span> <span class='ocrx_word' id='word_1_63' title='bbox 698 832 777 870; x_wconf 90' lang='lat' dir='ltr'>Ecl.</span> <span class='ocrx_word' id='word_1_64' title='bbox 812 832 884 876; x_wconf 76' lang='lat' dir='ltr'>VI,</span> <span class='ocrx_word' id='word_1_65' title='bbox 913 835 995 883; x_wconf 88' lang='lat'>72),</span> <span class='ocrx_word' id='word_1_66' title='bbox 1023 832 1143 882; x_wconf 89' lang='lat' dir='ltr'>potuit</span> <span class='ocrx_word' id='word_1_67' title='bbox 1173 846 1230 870; x_wconf 88' lang='lat' dir='ltr'>eas</span> <span class='ocrx_word' id='word_1_68' title='bbox 1260 835 1423 885; x_wconf 83' lang='lat' dir='ltr'><strong>persequi</strong></span> 
     </span>
     <span class='ocr_line' id='line_1_9' title="bbox 109 891 1423 944; baseline 0.005 -18"><span class='ocrx_word' id='word_1_69' title='bbox 109 891 238 928; x_wconf 82' lang='lat' dir='ltr'>Gallus</span> <span class='ocrx_word' id='word_1_70' title='bbox 264 891 423 928; x_wconf 75' lang='lat' dir='ltr'><strong>carmine</strong></span> <span class='ocrx_word' id='word_1_71' title='bbox 458 891 499 927; x_wconf 85' lang='lat' dir='ltr'>ad</span> <span class='ocrx_word' id='word_1_72' title='bbox 534 891 776 941; x_wconf 79' lang='lat' dir='ltr'>Euphorionis</span> <span class='ocrx_word' id='word_1_73' title='bbox 807 892 1011 942; x_wconf 83' lang='lat' dir='ltr'>exemplum</span> <span class='ocrx_word' id='word_1_74' title='bbox 1047 893 1272 943; x_wconf 84' lang='lat' dir='ltr'>compofito:</span> <span class='ocrx_word' id='word_1_75' title='bbox 1302 893 1423 944; x_wconf 88' lang='lat' dir='ltr'>potuit</span> 
     </span>
     <span class='ocr_line' id='line_1_10' title="bbox 107 950 1422 1002; baseline 0.005 -17"><span class='ocrx_word' id='word_1_76' title='bbox 107 962 251 1000; x_wconf 88' lang='lat' dir='ltr'>quoque</span> <span class='ocrx_word' id='word_1_77' title='bbox 277 951 342 988; x_wconf 74' lang='lat' dir='ltr'>esse</span> <span class='ocrx_word' id='word_1_78' title='bbox 371 950 614 1001; x_wconf 59' lang='lat' dir='ltr'>liuphorknfis</span> <span class='ocrx_word' id='word_1_79' title='bbox 648 951 739 988; x_wconf 73' lang='lat' dir='ltr'>liber</span> <span class='ocrx_word' id='word_1_80' title='bbox 769 951 815 988; x_wconf 86' lang='lat' dir='ltr'>de</span> <span class='ocrx_word' id='word_1_81' title='bbox 840 951 904 988; x_wconf 82' lang='lat' dir='ltr'>isso</span> <span class='ocrx_word' id='word_1_82' title='bbox 931 951 1033 996; x_wconf 77' lang='lat' dir='ltr'>fano,</span> <span class='ocrx_word' id='word_1_83' title='bbox 1062 952 1163 1002; x_wconf 92' lang='lat' dir='ltr'>cujus</span> <span class='ocrx_word' id='word_1_84' title='bbox 1186 953 1230 990; x_wconf 90' lang='lat' dir='ltr'>ad</span> <span class='ocrx_word' id='word_1_85' title='bbox 1257 967 1422 991; x_wconf 77' lang='lat' dir='ltr'>nosrne-</span> 
     </span>
     <span class='ocr_line' id='line_1_11' title="bbox 108 1009 1419 1060; baseline 0.005 -16"><span class='ocrx_word' id='word_1_86' title='bbox 108 1010 223 1046; x_wconf 72' lang='lat' dir='ltr'>meria</span> <span class='ocrx_word' id='word_1_87' title='bbox 253 1010 351 1047; x_wconf 88' lang='lat' dir='ltr'>nulla</span> <span class='ocrx_word' id='word_1_88' title='bbox 382 1009 557 1060; x_wconf 74' lang='lat' dir='ltr'>pervenit,</span> <span class='ocrx_word' id='word_1_89' title='bbox 585 1024 693 1060; x_wconf 85' lang='lat' dir='ltr'>quem</span> <span class='ocrx_word' id='word_1_90' title='bbox 727 1009 858 1048; x_wconf 79' lang='lat' dir='ltr'>Gallus</span> <span class='ocrx_word' id='word_1_91' title='bbox 890 1011 1013 1048; x_wconf 81' lang='lat' dir='ltr'>latinis</span> <span class='ocrx_word' id='word_1_92' title='bbox 1045 1012 1200 1050; x_wconf 84' lang='lat' dir='ltr'>verfibus</span> <span class='ocrx_word' id='word_1_93' title='bbox 1235 1013 1419 1059; x_wconf 85' lang='lat' dir='ltr'>reddidit;</span> 
     </span>
     <span class='ocr_line' id='line_1_12' title="bbox 107 1066 1423 1123; baseline 0.005 -19"><span class='ocrx_word' id='word_1_94' title='bbox 107 1066 333 1106; x_wconf 65' lang='lat' dir='ltr'>verifimllms</span> <span class='ocrx_word' id='word_1_95' title='bbox 361 1078 479 1105; x_wconf 67' lang='lat' dir='ltr'>tamen</span> <span class='ocrx_word' id='word_1_96' title='bbox 507 1070 568 1113; x_wconf 88' lang='lat' dir='ltr'>est,</span> <span class='ocrx_word' id='word_1_97' title='bbox 596 1069 695 1106; x_wconf 82' lang='lat' dir='ltr'>fuiffe</span> <span class='ocrx_word' id='word_1_98' title='bbox 722 1070 934 1120; x_wconf 78' lang='lat' dir='ltr'>particulam</span> <span class='ocrx_word' id='word_1_99' title='bbox 955 1070 1139 1108; x_wconf 70' lang='lat' dir='ltr'>Chiiiadis</span> <span class='ocrx_word' id='word_1_100' title='bbox 1157 1071 1232 1122; x_wconf 72' lang='grc' dir='ltr'>πεςῖ</span> <span class='ocrx_word' id='word_1_101' title='bbox 1258 1077 1423 1123; x_wconf 69' lang='grc' dir='ltr'>χξησμῶιι</span> 
     </span>
     <span class='ocr_line' id='line_1_13' title="bbox 106 1126 1420 1182; baseline 0.005 -19"><span class='ocrx_word' id='word_1_102' title='bbox 106 1139 127 1163; x_wconf 84' lang='lat' dir='ltr'>a</span> <span class='ocrx_word' id='word_1_103' title='bbox 147 1126 259 1164; x_wconf 84' lang='lat' dir='ltr'>Gallo</span> <span class='ocrx_word' id='word_1_104' title='bbox 290 1128 399 1165; x_wconf 82' lang='lat' dir='ltr'>latine</span> <span class='ocrx_word' id='word_1_105' title='bbox 424 1128 642 1165; x_wconf 84' lang='lat' dir='ltr'>conversam.</span> <span class='ocrx_word' id='word_1_106' title='bbox 697 1128 797 1166; x_wconf 87' lang='lat' dir='ltr'>Inter</span> <span class='ocrx_word' id='word_1_107' title='bbox 820 1129 889 1166; x_wconf 86' lang='lat' dir='ltr'>alia</span> <span class='ocrx_word' id='word_1_108' title='bbox 906 1129 1004 1167; x_wconf 86' lang='lat' dir='ltr'>enirn</span> <span class='ocrx_word' id='word_1_109' title='bbox 1027 1131 1175 1168; x_wconf 81' lang='lat' dir='ltr'>oracula</span> <span class='ocrx_word' id='word_1_110' title='bbox 1193 1131 1303 1170; x_wconf 86' lang='lat' dir='ltr'>etiam</span> <span class='ocrx_word' id='word_1_111' title='bbox 1319 1133 1420 1182; x_wconf 84' lang='lat' dir='ltr'>Gry-</span> 
     </span>
     <span class='ocr_line' id='line_1_14' title="bbox 107 1186 1421 1243; baseline 0.005 -20"><span class='ocrx_word' id='word_1_112' title='bbox 107 1186 167 1223; x_wconf 88' lang='lat' dir='ltr'>nei</span> <span class='ocrx_word' id='word_1_113' title='bbox 201 1187 330 1224; x_wconf 86' lang='lat' dir='ltr'>debuit</span> <span class='ocrx_word' id='word_1_114' title='bbox 361 1188 574 1225; x_wconf 75' lang='lat' dir='ltr'>memoratio</span> <span class='ocrx_word' id='word_1_115' title='bbox 608 1188 700 1226; x_wconf 82' lang='lat' dir='ltr'>fieri.</span> <span class='ocrx_word' id='word_1_116' title='bbox 755 1189 934 1240; x_wconf 83' lang='lat' dir='ltr'>Suspicari</span> <span class='ocrx_word' id='word_1_117' title='bbox 970 1203 1112 1240; x_wconf 89' lang='lat' dir='ltr'>quoque</span> <span class='ocrx_word' id='word_1_118' title='bbox 1140 1191 1271 1243; x_wconf 79' lang='lat' dir='ltr'>aliquis</span> <span class='ocrx_word' id='word_1_119' title='bbox 1305 1193 1421 1242; x_wconf 85' lang='lat' dir='ltr'>possit,</span> 
     </span>
     <span class='ocr_line' id='line_1_15' title="bbox 108 1243 1421 1298; baseline 0.007 -17"><span class='ocrx_word' id='word_1_120' title='bbox 108 1243 228 1295; x_wconf 78' lang='lat' dir='ltr'>Mopsi</span> <span class='ocrx_word' id='word_1_121' title='bbox 261 1259 391 1285; x_wconf 85' lang='lat' dir='ltr'>nomen</span> <span class='ocrx_word' id='word_1_122' title='bbox 415 1247 522 1284; x_wconf 87' lang='lat' dir='ltr'>latere</span> <span class='ocrx_word' id='word_1_123' title='bbox 554 1247 592 1284; x_wconf 88' lang='lat' dir='ltr'>in</span> <span class='ocrx_word' id='word_1_124' title='bbox 621 1261 712 1285; x_wconf 89' lang='lat' dir='ltr'>voce</span> <span class='ocrx_word' id='word_1_125' title='bbox 742 1257 909 1298; x_wconf 88' lang='lat' dir='ltr'>corrupta</span> <span class='ocrx_word' id='word_1_126' title='bbox 940 1249 1127 1293; x_wconf 62' lang='grc' dir='ltr'>Μοῴοπίκ,</span> <span class='ocrx_word' id='word_1_127' title='bbox 1154 1260 1190 1288; x_wconf 89' lang='lat' dir='ltr'>et</span> <span class='ocrx_word' id='word_1_128' title='bbox 1220 1251 1322 1288; x_wconf 86' lang='lat' dir='ltr'>fuiffe</span> <span class='ocrx_word' id='word_1_129' title='bbox 1349 1255 1421 1290; x_wconf 85' lang='grc' dir='ltr'>Μό-</span> 
     </span>
     <span class='ocr_line' id='line_1_16' title="bbox 109 1303 1420 1362; baseline 0.007 -21"><span class='ocrx_word' id='word_1_130' title='bbox 109 1303 167 1349; x_wconf 68' lang='grc' dir='ltr'>ψε</span> <span class='ocrx_word' id='word_1_131' title='bbox 195 1308 270 1349; x_wconf 68' lang='grc' dir='ltr'>ἔπη,</span> <span class='ocrx_word' id='word_1_132' title='bbox 302 1315 364 1343; x_wconf 84' lang='lat' dir='ltr'>aut</span> <span class='ocrx_word' id='word_1_133' title='bbox 402 1306 629 1351; x_wconf 67' lang='grc' dir='ltr'>Μοψοέπεικν.</span> <span class='ocrx_word' id='word_1_134' title='bbox 701 1307 799 1344; x_wconf 85' lang='lat' dir='ltr'>Inter</span> <span class='ocrx_word' id='word_1_135' title='bbox 833 1309 907 1347; x_wconf 81' lang='lat' dir='ltr'>haec</span> <span class='ocrx_word' id='word_1_136' title='bbox 937 1310 1037 1346; x_wconf 84' lang='lat' dir='ltr'>restat</span> <span class='ocrx_word' id='word_1_137' title='bbox 1071 1309 1278 1355; x_wconf 82' lang='lat' dir='ltr'>difficultas,</span> <span class='ocrx_word' id='word_1_138' title='bbox 1320 1312 1420 1362; x_wconf 86' lang='lat' dir='ltr'>quod</span> 
     </span>
     <span class='ocr_line' id='line_1_17' title="bbox 108 1364 1421 1418; baseline 0.007 -17"><span class='ocrx_word' id='word_1_139' title='bbox 108 1376 181 1401; x_wconf 91' lang='lat' dir='ltr'>non</span> <span class='ocrx_word' id='word_1_140' title='bbox 199 1364 498 1416; x_wconf 60' lang='lat' dir='ltr'>hstcssigirmnest,</span> <span class='ocrx_word' id='word_1_141' title='bbox 526 1366 757 1416; x_wconf 78' lang='lat' dir='ltr'>quidnaniin</span> <span class='ocrx_word' id='word_1_142' title='bbox 787 1366 894 1404; x_wconf 55' lang='lat' dir='ltr'>funin</span> <span class='ocrx_word' id='word_1_143' title='bbox 919 1380 1026 1418; x_wconf 87' lang='lat' dir='ltr'>opera</span> <span class='ocrx_word' id='word_1_144' title='bbox 1059 1367 1161 1405; x_wconf 63' lang='lat' dir='ltr'>(Jassi</span> <span class='ocrx_word' id='word_1_145' title='bbox 1191 1369 1236 1406; x_wconf 87' lang='lat' dir='ltr'>ab</span> <span class='ocrx_word' id='word_1_146' title='bbox 1256 1370 1421 1410; x_wconf 66' lang='lat' dir='ltr'>tiefiodo</span> 
     </span>
     <span class='ocr_line' id='line_1_18' title="bbox 108 1424 1421 1478; baseline 0.006 -17"><span class='ocrx_word' id='word_1_147' title='bbox 108 1433 311 1462; x_wconf 81' lang='lat' dir='ltr'>mutuatum</span> <span class='ocrx_word' id='word_1_148' title='bbox 342 1427 408 1463; x_wconf 85' lang='lat' dir='ltr'>effe</span> <span class='ocrx_word' id='word_1_149' title='bbox 434 1424 618 1476; x_wconf 87' lang='lat' dir='ltr'>potuerit:</span> <span class='ocrx_word' id='word_1_150' title='bbox 648 1439 730 1463; x_wconf 81' lang='lat' dir='ltr'>narn</span> <span class='ocrx_word' id='word_1_151' title='bbox 766 1427 925 1474; x_wconf 64' lang='lat' dir='ltr'>Hestodea</span> <span class='ocrx_word' id='word_1_152' title='bbox 939 1427 1058 1478; x_wconf 78' lang='lat' dir='ltr'><em>fistula</em></span> <span class='ocrx_word' id='word_1_153' title='bbox 1093 1428 1169 1466; x_wconf 83' lang='lat' dir='ltr'>haec</span> <span class='ocrx_word' id='word_1_154' title='bbox 1203 1442 1329 1469; x_wconf 86' lang='lat' dir='ltr'>canere</span> <span class='ocrx_word' id='word_1_155' title='bbox 1360 1432 1421 1469; x_wconf 80' lang='lat' dir='ltr'>di-</span> 
     </span>
     <span class='ocr_line' id='line_1_19' title="bbox 107 1483 1421 1539; baseline 0.007 -19"><span class='ocrx_word' id='word_1_156' title='bbox 107 1483 216 1521; x_wconf 74' lang='lat' dir='ltr'>citur,</span> <span class='ocrx_word' id='word_1_157' title='bbox 288 1485 439 1523; x_wconf 80' lang='lat' dir='ltr'><strong>Necesse</strong></span> <span class='ocrx_word' id='word_1_158' title='bbox 491 1485 611 1536; x_wconf 85' lang='lat' dir='ltr'>itaque</span> <span class='ocrx_word' id='word_1_159' title='bbox 646 1487 707 1530; x_wconf 86' lang='lat' dir='ltr'>est,</span> <span class='ocrx_word' id='word_1_160' title='bbox 748 1486 1019 1536; x_wconf 85' lang='lat' dir='ltr'>Euphorionem</span> <span class='ocrx_word' id='word_1_161' title='bbox 1054 1487 1169 1539; x_wconf 90' lang='lat' dir='ltr'>ipsum</span> <span class='ocrx_word' id='word_1_162' title='bbox 1204 1489 1421 1537; x_wconf 89' lang='lat' dir='ltr'>Hefiodum,</span> 
     </span>
     <span class='ocr_line' id='line_1_20' title="bbox 108 1541 1421 1596; baseline 0.009 -19"><span class='ocrx_word' id='word_1_163' title='bbox 108 1541 173 1578; x_wconf 86' lang='lat' dir='ltr'>sub</span> <span class='ocrx_word' id='word_1_164' title='bbox 191 1546 292 1594; x_wconf 84' lang='lat' dir='ltr'>cujus</span> <span class='ocrx_word' id='word_1_165' title='bbox 309 1546 452 1582; x_wconf 72' lang='lat' dir='ltr'>nomine</span> <span class='ocrx_word' id='word_1_166' title='bbox 470 1547 529 1584; x_wconf 73' lang='grc' dir='ltr'>ἔπη</span> <span class='ocrx_word' id='word_1_167' title='bbox 544 1547 694 1591; x_wconf 66' lang='grc' dir='ltr'>μαντικοὶ</span> <span class='ocrx_word' id='word_1_168' title='bbox 713 1557 747 1583; x_wconf 87' lang='lat' dir='ltr'>et</span> <span class='ocrx_word' id='word_1_169' title='bbox 776 1545 1004 1592; x_wconf 65' lang='grc' dir='ltr'>Μελαμποδίκ</span> <span class='ocrx_word' id='word_1_170' title='bbox 1031 1547 1120 1584; x_wconf 81' lang='lat' dir='ltr'>Olim</span> <span class='ocrx_word' id='word_1_171' title='bbox 1138 1547 1332 1596; x_wconf 84' lang='lat' dir='ltr'>ferebatur,</span> <span class='ocrx_word' id='word_1_172' title='bbox 1359 1564 1421 1589; x_wconf 73' lang='lat' dir='ltr'>ex·</span> 
     </span>
     <span class='ocr_line' id='line_1_21' title="bbox 107 1603 542 1651; baseline 0.011 -14"><span class='ocrx_word' id='word_1_173' title='bbox 107 1603 542 1651; x_wconf 66' lang='lat' dir='ltr'>preffiffecreditumess‘e⁴</span> 
     </span>
    </p>

    <p class='ocr_par' dir='ltr' id='par_1_3' title="bbox 107 1662 1423 2240">
     <span class='ocr_line' id='line_1_22' title="bbox 163 1662 1420 1715; baseline 0.006 -15"><span class='ocrx_word' id='word_1_174' title='bbox 163 1662 386 1701; x_wconf 83' lang='lat' dir='ltr'>Fontaninus</span> <span class='ocrx_word' id='word_1_175' title='bbox 414 1665 438 1702; x_wconf 96' lang='lat' dir='ltr'>l.</span> <span class='ocrx_word' id='word_1_176' title='bbox 467 1679 499 1702; x_wconf 92' lang='lat' dir='ltr'>c.</span> <span class='ocrx_word' id='word_1_177' title='bbox 529 1663 620 1702; x_wconf 89' lang='lat' dir='ltr'>miro</span> <span class='ocrx_word' id='word_1_178' title='bbox 638 1664 799 1702; x_wconf 83' lang='lat' dir='ltr'>acumine</span> <span class='ocrx_word' id='word_1_179' title='bbox 825 1665 927 1715; x_wconf 87' lang='lat' dir='ltr'>plura</span> <span class='ocrx_word' id='word_1_180' title='bbox 946 1665 1049 1703; x_wconf 86' lang='lat' dir='ltr'>Galli</span> <span class='ocrx_word' id='word_1_181' title='bbox 1076 1666 1234 1704; x_wconf 85' lang='lat' dir='ltr'>carmina</span> <span class='ocrx_word' id='word_1_182' title='bbox 1253 1681 1298 1706; x_wconf 86' lang='lat' dir='ltr'>ex</span> <span class='ocrx_word' id='word_1_183' title='bbox 1316 1669 1420 1707; x_wconf 75' lang='lat' dir='ltr'>verli-</span> 
     </span>
     <span class='ocr_line' id='line_1_23' title="bbox 109 1722 1422 1778; baseline 0.005 -18"><span class='ocrx_word' id='word_1_184' title='bbox 109 1722 175 1760; x_wconf 88' lang='lat' dir='ltr'>bus</span> <span class='ocrx_word' id='word_1_185' title='bbox 211 1723 428 1774; x_wconf 81' lang='lat' dir='ltr'>Virgilianis</span> <span class='ocrx_word' id='word_1_186' title='bbox 461 1724 674 1774; x_wconf 76' lang='lat' dir='ltr'>exsculpsit:</span> <span class='ocrx_word' id='word_1_187' title='bbox 705 1737 749 1761; x_wconf 87' lang='lat' dir='ltr'>ex</span> <span class='ocrx_word' id='word_1_188' title='bbox 782 1725 1003 1776; x_wconf 32' lang='lat' dir='ltr'>vgquidem</span> <span class='ocrx_word' id='word_1_189' title='bbox 1039 1739 1087 1777; x_wconf 84' lang='lat'>70</span> <span class='ocrx_word' id='word_1_190' title='bbox 1122 1727 1294 1778; x_wconf 84' lang='lat' dir='ltr'>colligere</span> <span class='ocrx_word' id='word_1_191' title='bbox 1327 1730 1422 1777; x_wconf 81' lang='lat' dir='ltr'>vult,</span> 
     </span>
     <span class='ocr_line' id='line_1_24' title="bbox 107 1783 1421 1839; baseline 0.006 -21"><span class='ocrx_word' id='word_1_192' title='bbox 107 1795 189 1819; x_wconf 88' lang='lat' dir='ltr'>eum</span> <span class='ocrx_word' id='word_1_193' title='bbox 221 1783 373 1822; x_wconf 81' lang='lat' dir='ltr'>latinum</span> <span class='ocrx_word' id='word_1_194' title='bbox 418 1783 536 1821; x_wconf 82' lang='lat' dir='ltr'>feciffe</span> <span class='ocrx_word' id='word_1_195' title='bbox 573 1783 773 1821; x_wconf 79' lang='lat' dir='ltr'>Hefiodum</span> <span class='ocrx_word' id='word_1_196' title='bbox 805 1784 1063 1834; x_wconf 85' lang='lat' dir='ltr'>Euphorionis,</span> <span class='ocrx_word' id='word_1_197' title='bbox 1104 1798 1149 1822; x_wconf 86' lang='lat' dir='ltr'>ex</span> <span class='ocrx_word' id='word_1_198' title='bbox 1184 1800 1217 1824; x_wconf 86' lang='lat' dir='ltr'>v.</span> <span class='ocrx_word' id='word_1_199' title='bbox 1256 1800 1302 1839; x_wconf 89' lang='lat'>73</span> <span class='ocrx_word' id='word_1_200' title='bbox 1337 1801 1421 1826; x_wconf 85' lang='lat' dir='ltr'>eum</span> 
     </span>
     <span class='ocr_line' id='line_1_25' title="bbox 110 1842 1421 1895; baseline 0.006 -17"><span class='ocrx_word' id='word_1_201' title='bbox 110 1842 247 1879; x_wconf 71' lang='lat' dir='ltr'>vertisse</span> <span class='ocrx_word' id='word_1_202' title='bbox 279 1843 389 1881; x_wconf 81' lang='lat' dir='ltr'>latine</span> <span class='ocrx_word' id='word_1_203' title='bbox 412 1843 637 1887; x_wconf 82' lang='lat' dir='ltr'>Chiliadern,</span> <span class='ocrx_word' id='word_1_204' title='bbox 667 1852 744 1880; x_wconf 91' lang='lat' dir='ltr'>tum</span> <span class='ocrx_word' id='word_1_205' title='bbox 774 1856 818 1879; x_wconf 82' lang='lat' dir='ltr'>ex</span> <span class='ocrx_word' id='word_1_206' title='bbox 851 1857 884 1879; x_wconf 84' lang='lat' dir='ltr'>v.</span> <span class='ocrx_word' id='word_1_207' title='bbox 923 1856 974 1895; x_wconf 83' lang='lat'>74</span> <span class='ocrx_word' id='word_1_208' title='bbox 1006 1843 1174 1895; x_wconf 84' lang='lat' dir='ltr'>scripfiffe</span> <span class='ocrx_word' id='word_1_209' title='bbox 1200 1859 1283 1884; x_wconf 87' lang='lat' dir='ltr'>eum</span> <span class='ocrx_word' id='word_1_210' title='bbox 1315 1847 1421 1886; x_wconf 81' lang='lat' dir='ltr'>fabu-</span> 
     </span>
     <span class='ocr_line' id='line_1_26' title="bbox 109 1901 1421 1954; baseline 0.005 -16"><span class='ocrx_word' id='word_1_211' title='bbox 109 1901 180 1939; x_wconf 89' lang='lat' dir='ltr'>lam</span> <span class='ocrx_word' id='word_1_212' title='bbox 209 1902 339 1953; x_wconf 79' lang='lat' dir='ltr'>Scyllae</span> <span class='ocrx_word' id='word_1_213' title='bbox 362 1903 561 1954; x_wconf 88' lang='lat' dir='ltr'>utriusque,</span> <span class='ocrx_word' id='word_1_214' title='bbox 584 1916 738 1953; x_wconf 79' lang='lat' dir='ltr'>quarum</span> <span class='ocrx_word' id='word_1_215' title='bbox 767 1903 915 1939; x_wconf 85' lang='lat' dir='ltr'>alteram</span> <span class='ocrx_word' id='word_1_216' title='bbox 947 1902 1116 1954; x_wconf 80' lang='lat' dir='ltr'>superesse</span> <span class='ocrx_word' id='word_1_217' title='bbox 1142 1903 1181 1941; x_wconf 92' lang='lat' dir='ltr'>in</span> <span class='ocrx_word' id='word_1_218' title='bbox 1218 1906 1301 1944; x_wconf 90' lang='lat' dir='ltr'>Ciri</span> <span class='ocrx_word' id='word_1_219' title='bbox 1332 1906 1421 1945; x_wconf 85' lang='lat' dir='ltr'>Vir-</span> 
     </span>
     <span class='ocr_line' id='line_1_27' title="bbox 109 1961 1422 2013; baseline 0.006 -16"><span class='ocrx_word' id='word_1_220' title='bbox 109 1961 202 2011; x_wconf 82' lang='lat' dir='ltr'>gilio</span> <span class='ocrx_word' id='word_1_221' title='bbox 232 1963 347 2000; x_wconf 82' lang='lat' dir='ltr'>tribui</span> <span class='ocrx_word' id='word_1_222' title='bbox 381 1963 482 2000; x_wconf 87' lang='lat' dir='ltr'>solita</span> <span class='ocrx_word' id='word_1_223' title='bbox 507 1962 709 2006; x_wconf 83' lang='lat' dir='ltr'>contendit,</span> <span class='ocrx_word' id='word_1_224' title='bbox 737 1972 772 1998; x_wconf 90' lang='lat' dir='ltr'>et</span> <span class='ocrx_word' id='word_1_225' title='bbox 800 1976 834 1999; x_wconf 90' lang='lat' dir='ltr'>v.</span> <span class='ocrx_word' id='word_1_226' title='bbox 865 1975 910 2013; x_wconf 91' lang='lat'>77</span> <span class='ocrx_word' id='word_1_227' title='bbox 945 1962 1104 2000; x_wconf 82' lang='lat' dir='ltr'>fabulam</span> <span class='ocrx_word' id='word_1_228' title='bbox 1131 1963 1243 2002; x_wconf 86' lang='lat' dir='ltr'>Terei</span> <span class='ocrx_word' id='word_1_229' title='bbox 1273 1975 1308 2003; x_wconf 90' lang='lat' dir='ltr'>et</span> <span class='ocrx_word' id='word_1_230' title='bbox 1338 1966 1422 2005; x_wconf 88' lang='lat' dir='ltr'>Phi-</span> 
     </span>
     <span class='ocr_line' id='line_1_28' title="bbox 109 2021 1423 2072; baseline 0.005 -14"><span class='ocrx_word' id='word_1_231' title='bbox 109 2021 260 2059; x_wconf 84' lang='lat' dir='ltr'>lomelae.</span> <span class='ocrx_word' id='word_1_232' title='bbox 331 2021 424 2059; x_wconf 85' lang='lat' dir='ltr'>Haec</span> <span class='ocrx_word' id='word_1_233' title='bbox 469 2031 589 2060; x_wconf 86' lang='lat' dir='ltr'>tamen</span> <span class='ocrx_word' id='word_1_234' title='bbox 633 2021 676 2058; x_wconf 89' lang='lat' dir='ltr'>ad</span> <span class='ocrx_word' id='word_1_235' title='bbox 730 2021 842 2058; x_wconf 83' lang='lat' dir='ltr'>Sileni</span> <span class='ocrx_word' id='word_1_236' title='bbox 891 2034 1035 2059; x_wconf 88' lang='lat' dir='ltr'>carmen</span> <span class='ocrx_word' id='word_1_237' title='bbox 1069 2022 1236 2072; x_wconf 65' lang='lat' dir='ltr'>spectare,</span> <span class='ocrx_word' id='word_1_238' title='bbox 1273 2026 1423 2064; x_wconf 89' lang='lat' dir='ltr'>meliore</span> 
     </span>
     <span class='ocr_line' id='line_1_29' title="bbox 109 2080 1423 2132; baseline 0.006 -16"><span class='ocrx_word' id='word_1_239' title='bbox 109 2080 396 2131; x_wconf 76' lang='lat' dir='ltr'>interpretatione</span> <span class='ocrx_word' id='word_1_240' title='bbox 426 2081 532 2119; x_wconf 87' lang='lat' dir='ltr'>facile</span> <span class='ocrx_word' id='word_1_241' title='bbox 563 2080 707 2118; x_wconf 89' lang='lat' dir='ltr'>edoceri</span> <span class='ocrx_word' id='word_1_242' title='bbox 753 2090 892 2132; x_wconf 82' lang='lat' dir='ltr'>poterat</span> <span class='ocrx_word' id='word_1_243' title='bbox 932 2080 988 2117; x_wconf 90' lang='lat' dir='ltr'>vir</span> <span class='ocrx_word' id='word_1_244' title='bbox 1029 2081 1259 2120; x_wconf 68' lang='lat' dir='ltr'>dostiffimus.</span> <span class='ocrx_word' id='word_1_245' title='bbox 1313 2085 1423 2124; x_wconf 84' lang='lat' dir='ltr'>Cirin</span> 
     </span>
     <span class='ocr_line' id='line_1_30' title="bbox 112 2140 1420 2193; baseline 0.005 -15"><span class='ocrx_word' id='word_1_246' title='bbox 112 2142 224 2179; x_wconf 82' lang='lat' dir='ltr'>Gallo</span> <span class='ocrx_word' id='word_1_247' title='bbox 253 2142 481 2179; x_wconf 81' lang='lat' dir='ltr'>vindicarant</span> <span class='ocrx_word' id='word_1_248' title='bbox 514 2151 550 2179; x_wconf 89' lang='lat' dir='ltr'>et</span> <span class='ocrx_word' id='word_1_249' title='bbox 579 2141 659 2186; x_wconf 76' lang='lat' dir='ltr'>alii,</span> <span class='ocrx_word' id='word_1_250' title='bbox 686 2141 781 2179; x_wconf 86' lang='lat' dir='ltr'>inter</span> <span class='ocrx_word' id='word_1_251' title='bbox 811 2154 901 2193; x_wconf 85' lang='lat' dir='ltr'>quos</span> <span class='ocrx_word' id='word_1_252' title='bbox 933 2140 1122 2180; x_wconf 86' lang='lat' dir='ltr'>Gifanius.</span> <span class='ocrx_word' id='word_1_253' title='bbox 1150 2142 1227 2181; x_wconf 91' lang='lat' dir='ltr'>vid.</span> <span class='ocrx_word' id='word_1_254' title='bbox 1262 2143 1420 2186; x_wconf 87' lang='lat' dir='ltr'>Prooem.</span> 
     </span>
     <span class='ocr_line' id='line_1_31' title="bbox 107 2202 296 2240; baseline 0 -2"><span class='ocrx_word' id='word_1_255' title='bbox 107 2202 152 2238; x_wconf 80' lang='lat' dir='ltr'>ad</span> <span class='ocrx_word' id='word_1_256' title='bbox 172 2202 296 2240; x_wconf 88' lang='lat' dir='ltr'>Cirin.</span> 
     </span>
    </p>

    <p class='ocr_par' dir='ltr' id='par_1_4' title="bbox 108 2261 1423 2910">
     <span class='ocr_line' id='line_1_32' title="bbox 161 2261 1421 2313; baseline 0.003 -15"><span class='ocrx_word' id='word_1_257' title='bbox 161 2262 341 2299; x_wconf 81' lang='lat' dir='ltr'>Caeterum</span> <span class='ocrx_word' id='word_1_258' title='bbox 391 2261 653 2313; x_wconf 78' lang='lat' dir='ltr'>Euphorionis,</span> <span class='ocrx_word' id='word_1_259' title='bbox 717 2270 757 2298; x_wconf 90' lang='lat' dir='ltr'>ut</span> <span class='ocrx_word' id='word_1_260' title='bbox 819 2267 1030 2298; x_wconf 80' lang='lat' dir='ltr'>caeterorum</span> <span class='ocrx_word' id='word_1_261' title='bbox 1089 2262 1421 2302; x_wconf 77' lang='lat' dir='ltr'>Alexandrinorum</span> 
     </span>
     <span class='ocr_line' id='line_1_33' title="bbox 108 2320 1420 2372; baseline 0.002 -14"><span class='ocrx_word' id='word_1_262' title='bbox 108 2325 310 2372; x_wconf 72' lang='lat' dir='ltr'>poetarum,</span> <span class='ocrx_word' id='word_1_263' title='bbox 339 2335 469 2372; x_wconf 87' lang='lat' dir='ltr'>magna</span> <span class='ocrx_word' id='word_1_264' title='bbox 498 2321 566 2359; x_wconf 83' lang='lat' dir='ltr'>fuit</span> <span class='ocrx_word' id='word_1_265' title='bbox 596 2324 725 2360; x_wconf 71' lang='lat' dir='ltr'>Romae</span> <span class='ocrx_word' id='word_1_266' title='bbox 755 2321 821 2357; x_wconf 81' lang='lat' dir='ltr'>hac</span> <span class='ocrx_word' id='word_1_267' title='bbox 850 2329 949 2356; x_wconf 84' lang='lat' dir='ltr'>aetate</span> <span class='ocrx_word' id='word_1_268' title='bbox 985 2320 1228 2358; x_wconf 83' lang='lat' dir='ltr'>existimatio:</span> <span class='ocrx_word' id='word_1_269' title='bbox 1266 2333 1302 2360; x_wconf 91' lang='lat' dir='ltr'>et</span> <span class='ocrx_word' id='word_1_270' title='bbox 1332 2324 1420 2361; x_wconf 86' lang='lat' dir='ltr'>inde</span> 
     </span>
     <span class='ocr_line' id='line_1_34' title="bbox 108 2379 1419 2431; baseline 0.002 -13"><span class='ocrx_word' id='word_1_271' title='bbox 108 2381 392 2431; x_wconf 81' lang='lat' dir='ltr'>interpretandos</span> <span class='ocrx_word' id='word_1_272' title='bbox 421 2381 486 2418; x_wconf 76' lang='lat' dir='ltr'>effe</span> <span class='ocrx_word' id='word_1_273' title='bbox 517 2382 640 2418; x_wconf 79' lang='lat' dir='ltr'>censeo</span> <span class='ocrx_word' id='word_1_274' title='bbox 672 2392 816 2418; x_wconf 69' lang='lat' dir='ltr'>cantores</span> <span class='ocrx_word' id='word_1_275' title='bbox 846 2379 1060 2429; x_wconf 77' lang='lat' dir='ltr'>Euphorionis</span> <span class='ocrx_word' id='word_1_276' title='bbox 1090 2393 1146 2431; x_wconf 88' lang='lat' dir='ltr'>ap.</span> <span class='ocrx_word' id='word_1_277' title='bbox 1184 2381 1268 2419; x_wconf 88' lang='lat' dir='ltr'>Cic.</span> <span class='ocrx_word' id='word_1_278' title='bbox 1306 2382 1419 2422; x_wconf 87' lang='lat' dir='ltr'>Tuse.</span> 
     </span>
     <span class='ocr_line' id='line_1_35' title="bbox 111 2439 1421 2493; baseline 0.003 -17"><span class='ocrx_word' id='word_1_279' title='bbox 111 2441 183 2485; x_wconf 87' lang='grc' dir='ltr'>ΙΙΙ,</span> <span class='ocrx_word' id='word_1_280' title='bbox 218 2454 276 2491; x_wconf 81' lang='lat'>19,</span> <span class='ocrx_word' id='word_1_281' title='bbox 303 2453 376 2477; x_wconf 91' lang='lat' dir='ltr'>non</span> <span class='ocrx_word' id='word_1_282' title='bbox 404 2450 586 2491; x_wconf 84' lang='lat' dir='ltr'>tamquam</span> <span class='ocrx_word' id='word_1_283' title='bbox 619 2440 738 2476; x_wconf 87' lang='lat' dir='ltr'>mollis</span> <span class='ocrx_word' id='word_1_284' title='bbox 771 2439 921 2490; x_wconf 86' lang='lat' dir='ltr'>alicujus</span> <span class='ocrx_word' id='word_1_285' title='bbox 948 2443 1067 2490; x_wconf 76' lang='lat' dir='ltr'>poe&#39;tae</span> <span class='ocrx_word' id='word_1_286' title='bbox 1096 2450 1300 2479; x_wconf 79' lang='lat' dir='ltr'>amatores:</span> <span class='ocrx_word' id='word_1_287' title='bbox 1339 2456 1421 2493; x_wconf 78' lang='lat' dir='ltr'>qua:</span> 
     </span>
     <span class='ocr_line' id='line_1_36' title="bbox 111 2499 1420 2550; baseline 0.002 -13"><span class='ocrx_word' id='word_1_288' title='bbox 111 2500 357 2550; x_wconf 83' lang='lat' dir='ltr'>interpretatio</span> <span class='ocrx_word' id='word_1_289' title='bbox 405 2499 640 2538; x_wconf 86' lang='lat' dir='ltr'>fundamento</span> <span class='ocrx_word' id='word_1_290' title='bbox 674 2499 807 2537; x_wconf 88' lang='lat' dir='ltr'>idoneo</span> <span class='ocrx_word' id='word_1_291' title='bbox 857 2508 969 2543; x_wconf 88' lang='lat' dir='ltr'>caret,</span> <span class='ocrx_word' id='word_1_292' title='bbox 1014 2512 1099 2536; x_wconf 89' lang='lat' dir='ltr'>cum</span> <span class='ocrx_word' id='word_1_293' title='bbox 1151 2501 1227 2550; x_wconf 84' lang='lat' dir='ltr'>ejus</span> <span class='ocrx_word' id='word_1_294' title='bbox 1261 2503 1420 2539; x_wconf 87' lang='lat' dir='ltr'>carmina</span> 
     </span>
     <span class='ocr_line' id='line_1_37' title="bbox 111 2559 1423 2609; baseline 0.002 -13"><span class='ocrx_word' id='word_1_295' title='bbox 111 2560 282 2596; x_wconf 82' lang='lat' dir='ltr'>amatoria</span> <span class='ocrx_word' id='word_1_296' title='bbox 331 2559 429 2595; x_wconf 87' lang='lat' dir='ltr'>nulla</span> <span class='ocrx_word' id='word_1_297' title='bbox 479 2559 629 2609; x_wconf 83' lang='lat' dir='ltr'>usquam</span> <span class='ocrx_word' id='word_1_298' title='bbox 690 2569 1028 2596; x_wconf 78' lang='lat' dir='ltr'>commemorentur.</span> <span class='ocrx_word' id='word_1_299' title='bbox 1110 2561 1161 2598; x_wconf 83' lang='lat' dir='ltr'>At</span> <span class='ocrx_word' id='word_1_300' title='bbox 1204 2560 1423 2599; x_wconf 82' lang='lat' dir='ltr'>obscuritate</span> 
     </span>
     <span class='ocr_line' id='line_1_38' title="bbox 111 2618 1421 2669; baseline 0.002 -14"><span class='ocrx_word' id='word_1_301' title='bbox 111 2632 208 2662; x_wconf 89' lang='lat' dir='ltr'>eum,</span> <span class='ocrx_word' id='word_1_302' title='bbox 235 2628 270 2655; x_wconf 88' lang='lat' dir='ltr'>et</span> <span class='ocrx_word' id='word_1_303' title='bbox 304 2618 450 2667; x_wconf 89' lang='lat' dir='ltr'>quidem</span> <span class='ocrx_word' id='word_1_304' title='bbox 483 2631 526 2654; x_wconf 82' lang='lat' dir='ltr'>ex</span> <span class='ocrx_word' id='word_1_305' title='bbox 570 2619 743 2655; x_wconf 55' lang='lat' dir='ltr'>doetrinae</span> <span class='ocrx_word' id='word_1_306' title='bbox 775 2619 894 2668; x_wconf 79' lang='lat' dir='ltr'>copia,</span> <span class='ocrx_word' id='word_1_307' title='bbox 936 2631 1008 2654; x_wconf 89' lang='lat' dir='ltr'>non</span> <span class='ocrx_word' id='word_1_308' title='bbox 1042 2618 1160 2655; x_wconf 87' lang='lat' dir='ltr'>minus</span> <span class='ocrx_word' id='word_1_309' title='bbox 1195 2632 1303 2669; x_wconf 86' lang='lat' dir='ltr'>quarn</span> <span class='ocrx_word' id='word_1_310' title='bbox 1334 2620 1421 2657; x_wconf 84' lang='lat' dir='ltr'>Cal-</span> 
     </span>
     <span class='ocr_line' id='line_1_39' title="bbox 112 2676 1420 2728; baseline 0.002 -13"><span class='ocrx_word' id='word_1_311' title='bbox 112 2678 306 2716; x_wconf 83' lang='lat' dir='ltr'>limachum</span> <span class='ocrx_word' id='word_1_312' title='bbox 344 2681 372 2715; x_wconf 75' lang='grc' dir='ltr'>ἔν</span> <span class='ocrx_word' id='word_1_313' title='bbox 403 2679 528 2716; x_wconf 72' lang='grc' dir='ltr'><em>Αἰτίοις</em></span> <span class='ocrx_word' id='word_1_314' title='bbox 555 2687 590 2714; x_wconf 92' lang='lat' dir='ltr'>et</span> <span class='ocrx_word' id='word_1_315' title='bbox 624 2677 917 2728; x_wconf 87' lang='lat' dir='ltr'>Lycophronem,</span> <span class='ocrx_word' id='word_1_316' title='bbox 946 2676 1129 2723; x_wconf 78' lang='lat' dir='ltr'>laborasse,</span> <span class='ocrx_word' id='word_1_317' title='bbox 1165 2679 1220 2715; x_wconf 89' lang='lat' dir='ltr'>vel</span> <span class='ocrx_word' id='word_1_318' title='bbox 1255 2692 1299 2717; x_wconf 80' lang='lat' dir='ltr'>ex</span> <span class='ocrx_word' id='word_1_319' title='bbox 1336 2680 1420 2718; x_wconf 85' lang='lat' dir='ltr'>Cic.</span> 
     </span>
     <span class='ocr_line' id='line_1_40' title="bbox 111 2737 1420 2788; baseline 0.002 -14"><span class='ocrx_word' id='word_1_320' title='bbox 111 2738 156 2775; x_wconf 85' lang='lat' dir='ltr'>de</span> <span class='ocrx_word' id='word_1_321' title='bbox 177 2737 264 2775; x_wconf 85' lang='lat' dir='ltr'>Div.</span> <span class='ocrx_word' id='word_1_322' title='bbox 283 2737 336 2780; x_wconf 85' lang='lat' dir='ltr'>H,</span> <span class='ocrx_word' id='word_1_323' title='bbox 364 2741 428 2786; x_wconf 74' lang='lat'>64,</span> <span class='ocrx_word' id='word_1_324' title='bbox 457 2747 492 2775; x_wconf 89' lang='lat' dir='ltr'>et</span> <span class='ocrx_word' id='word_1_325' title='bbox 526 2737 644 2774; x_wconf 83' lang='lat' dir='ltr'>Clem.</span> <span class='ocrx_word' id='word_1_326' title='bbox 686 2737 821 2774; x_wconf 88' lang='lat' dir='ltr'>Strom.</span> <span class='ocrx_word' id='word_1_327' title='bbox 854 2737 905 2781; x_wconf 83' lang='lat' dir='ltr'>V,</span> <span class='ocrx_word' id='word_1_328' title='bbox 933 2750 969 2786; x_wconf 86' lang='lat' dir='ltr'>p.</span> <span class='ocrx_word' id='word_1_329' title='bbox 1000 2739 1075 2788; x_wconf 83' lang='lat'>676</span> <span class='ocrx_word' id='word_1_330' title='bbox 1111 2748 1237 2774; x_wconf 84' lang='lat' dir='ltr'>notum</span> <span class='ocrx_word' id='word_1_331' title='bbox 1270 2738 1332 2783; x_wconf 88' lang='lat' dir='ltr'>est,</span> <span class='ocrx_word' id='word_1_332' title='bbox 1359 2740 1420 2776; x_wconf 77' lang='lat' dir='ltr'>etsi</span> 
     </span>
     <span class='ocr_line' id='line_1_41' title="bbox 111 2796 1420 2848; baseline 0.002 -15"><span class='ocrx_word' id='word_1_333' title='bbox 111 2796 158 2833; x_wconf 92' lang='lat' dir='ltr'>ob</span> <span class='ocrx_word' id='word_1_334' title='bbox 188 2798 280 2834; x_wconf 78' lang='lat' dir='ltr'>hane</span> <span class='ocrx_word' id='word_1_335' title='bbox 313 2796 461 2833; x_wconf 88' lang='lat' dir='ltr'>eandem</span> <span class='ocrx_word' id='word_1_336' title='bbox 498 2796 750 2835; x_wconf 86' lang='lat' dir='ltr'>obscuritatem</span> <span class='ocrx_word' id='word_1_337' title='bbox 785 2797 996 2848; x_wconf 83' lang='lat' dir='ltr'>probaverat</span> <span class='ocrx_word' id='word_1_338' title='bbox 1028 2796 1062 2834; x_wconf 86' lang='lat' dir='ltr'>se</span> <span class='ocrx_word' id='word_1_339' title='bbox 1092 2797 1247 2835; x_wconf 88' lang='lat' dir='ltr'>Tiberio</span> <span class='ocrx_word' id='word_1_340' title='bbox 1273 2798 1420 2836; x_wconf 62' lang='lat' dir='ltr'>Caesari.</span> 
     </span>
     <span class='ocr_line' id='line_1_42' title="bbox 112 2857 480 2910; baseline 0.008 -17"><span class='ocrx_word' id='word_1_341' title='bbox 112 2857 185 2896; x_wconf 63' lang='lat' dir='ltr'>vkL</span> <span class='ocrx_word' id='word_1_342' title='bbox 206 2858 480 2910; x_wconf 73' lang='lat' dir='ltr'>Suet.cap.70.</span> 
     </span>
    </p>
   </div>
   <div class='ocr_carea' id='block_1_3' title="bbox 1070 2951 1421 2989">
    <p class='ocr_par' dir='ltr' id='par_1_5' title="bbox 1070 2951 1421 2989">
     <span class='ocr_line' id='line_1_43' title="bbox 1070 2951 1421 2989; baseline 0.003 -2"><span class='ocrx_word' id='word_1_343' title='bbox 1070 2951 1421 2989; x_wconf 78' lang='lat' dir='ltr'>EXCURSUS</span> 
     </span>
    </p>
   </div>
  </div>
 </body>
</html>
