1821 3381
1315 376 1418 424 321·

106 481 204 529 Ora
221 482 382 530 fovent
396 482 496 539 illo,
513 495 558 529 et
572 482 757 529 senibus
772 481 1067 530 medicantur
1080 483 1277 532 anhelis.
1320 500 1371 547 13
1382 498 1404 547 5

334 357 869 416 GEORGICON‚
926 358 1074 406 LIB.
1121 359 1189 408 ΙΙ.

172 573 262 621 Sed
286 589 438 635 neque
464 571 736 629 Medorum,
762 571 887 618 filvae
910 572 1146 631 ditiffima,
1171 586 1303 632 terra,

106 664 210 711 Nec
233 665 434 727 pulcher
451 663 655 727 GangeS,
669 675 808 726 atque
826 681 938 710 auro
955 665 1170 713 turbidus
1185 666 1412 724 Hermus,

108 757 350 805 Laudibus
376 756 527 802 Italiae
552 767 762 808 certent5
793 770 886 801 non
914 755 1091 812 Baciha,
1114 772 1265 819 neque
1289 758 1413 816 Indi,

109 848 327 910 Totaque
351 845 554 892 turiferis
580 844 814 892 Panchaia
836 845 1030 909 pinguis
1049 847 1217 893 arenis.

152 996 225 1029 135.
247 992 393 1021 medicatur
408 991 490 1022 Ven.

106 1043 194 1075 trice.

105 1108 123 1128 a
139 1106 184 1127 m.
206 1106 253 1137 pr.

105 1149 146 1181 ad
162 1151 236 1180 Ter.
256 1148 387 1179 Phorm-
408 1150 448 1185 ΙΙ,
467 1158 494 1184 1,
514 1157 564 1186 14.

583 990 656 1031 136.
680 992 805 1034 ditffma
819 1005 902 1033 regna
919 991 1042 1023 Medic.
1059 1003 1078 1024 a
1089 1003 1130 1025 m.
1148 992 1223 1032 sec„
1240 993 1415 1036 interpola-

284 1052 357 1082 137.
380 1056 454 1073 aura
479 1043 602 1076 MedIC.
623 1055 642 1074 a
663 1054 706 1074 m.
723 1055 772 1086 pr.
817 1052 866 1074 aut
879 1058 947 1075 auro
965 1045 1093 1076 Zulich.

347 1096 421 1135 138.
444 1102 549 1126 certant
568 1095 661 1127 Leid.
689 1107 707 1126 a
731 1106 774 1126 m.
801 1095 858 1127 sec.

1140 1059 1221 1087 neque
1237 1047 1335 1077 Goth.
1353 1047 1412 1077 sec.

904 1110 949 1127 nec
964 1098 1029 1127 Indi
1045 1105 1181 1139 quatuor
1197 1109 1269 1128 cum
1285 1099 1415 1129 Donato

655 1156 726 1188 139.
745 1149 842 1179 Putes
856 1148 917 1180 effe
932 1149 1047 1180 Totave.
1095 1151 1156 1182 Sed
1172 1151 1294 1181 variant
1310 1152 1414 1193 poeta:

109 1201 165 1232 has
180 1200 307 1243 copulas
323 1200 432 1232 multis
447 1201 562 1240 modis,
586 1209 622 1232 ut
638 1200 719 1232 nihil
734 1208 805 1232 tuto
821 1201 956 1233 statuere
970 1201 1072 1244 postis.

103 1333 221 1385 pomis
239 1332 491 1385 graveolentia:
509 1334 596 1378 oris,
619 1334 727 1373 etiam
778 1324 892 1386 ſslvae
908 1337 1074 1384 ditffima,
1087 1337 1313 1388 jungendum
1329 1337 1412 1375 effe:

106 1386 244 1424 Plinius
275 1385 418 1424 monuit
443 1387 524 1424 eod.
546 1388 572 1423 l.
640 1400 726 1438 135.

93 1443 221 1490 fovent
247 1438 282 1475 h.
324 1447 466 1482 curant,
500 1438 726 1488 &gamariae-13

103 1504 187 1528 cum
217 1502 300 1526 mox
340 1488 583 1534 substituatur,
627 1493 727 1527 medi-

102 1553 236 1580 cantur.
289 1538 349 1576 Est
366 1540 463 1577 enim
480 1554 592 1591 genus
617 1553 727 1585 curae,

103 1592 318 1634 calefacere,
347 1591 487 1628 reficere
505 1593 651 1629 modico
668 1606 725 1630 ca.

103 1646 196 1687 lore,
222 1642 322 1693 quod
349 1643 492 1693 proprie
523 1644 724 1695 estfivere,·

103 1696 188 1733 hinc
203 1694 310 1732 latius
322 1694 429 1731 etiarn
448 1695 493 1732 de
510 1696 605 1733 aliis.

161 1746 374 1797 136—176.
413 1747 585 1796 Sequitur
612 1746 725 1797 figna-

103 1797 251 1836 tiffimus
287 1798 401 1839 loeu5‚
443 1812 526 1835 cum
560 1812 632 1847 quo
676 1797 724 1836 cf.

103 1851 198 1888 Plin.
219 1848 272 1886 H.
299 1849 352 1887 N.
373 1847 438 1886 lib.
457 1859 547 1886 extr.
570 1849 725 1898 Dionys.

103 1902 232 1939 Halic.
252 1901 285 1943 I,
308 1903 368 1949 36.
413 1901 533 1938 Varro
554 1900 601 1938 R.
624 1901 670 1938 R.
690 1900 724 1945 I,

106 1968 144 1996 2,
171 1953 336 2003 digreffio
366 1952 405 1990 in
440 1953 561 1989 laudes
594 1951 725 1997 Italiae,

102 2018 190 2056 quas
219 2003 392 2042 similibus
422 2004 575 2041 aliorum
616 2003 726 2054 scrip-

103 2068 223 2094 torum
240 2055 330 2093 locis
345 2055 500 2092 firmavit
515 2065 551 2092 et
576 2054 726 2092 illustra-

103 2108 156 2145 vit
201 2107 334 2144 Cerda.
407 2107 539 2158 Neque
584 2107 726 2150 Media,

104 2158 207 2197 malis
241 2158 312 2195 suis
360 2157 464 2203 felix,
510 2170 574 2194 nec
619 2157 727 2194 India

45 2219 49 2223 ’
101 2209 246 2262 proprie
260 2210 371 2253 dicta,
389 2211 432 2247 ad
455 2209 639 2259 Gangem,
666 2219 728 2245 aut

103 2262 240 2310 Lydia,
258 2263 360 2310 cujus
376 2262 422 2298 est
445 2261 579 2298 aurifer
597 2260 727 2297 fluvius

104 2313 278 2355 Hermus,
291 2326 311 2349 e
330 2311 484 2362 Phrygia
497 2312 725 2356 descendens,

102 2375 139 2402 et
159 2377 242 2401 mox
261 2377 344 2401 cum
370 2363 514 2401 Paeiolo
529 2364 655 2400 eodem
674 2363 723 2399 a'l-

102 2429 170 2454 veo
201 2416 392 2465 profluens,
424 2428 488 2452 nec
526 2415 726 2457 Baebiana,

105 2480 220 2518 neque
243 2466 447 2516 AEthiopia,
466 2476 526 2502 aut
554 2467 578 2503 fi
598 2465 727 2509 mavis,

103 2520 242 2569 reliqua
274 2517 397 2561 India,
443 2530 556 2567 neque
588 2517 727 2554 Arabia

103 2583 188 2608 cum
223 2568 329 2606 Italia
356 2568 558 2619 comparari
591 2569 728 2617 potest;

105 2622 220 2658 multo
240 2619 354 2657 minus
382 2620 548 2664 Colchis,
566 2619 727 2657 monstris

103 2671 250 2710 infamis
267 2684 302 2708 ν.
320 2684 402 2719 140.

160 2726 244 2772 136.
274 2721 534 2772 Aecipiebatur
555 2721 677 2772 vulgo,
691 2731 727 2759 et

105 2774 447 2824 interpungebatur:
477 2773 650 2810 Medorum
655 2773 724 2822 fil-

103 2842 180 2870 vae,
206 2825 360 2872 ditfflma
375 2835 482 2867 terra,
508 2836 571 2874 per
589 2823 725 2874 apposi-

103 2877 267 2921 tionem
305 2875 357 2913 ita
403 2876 550 2925 languet
591 2874 727 2926 appofi-

104 2940 203 2972 tum3
231 2936 334 2965 acute
369 2926 532 2968 Reisszius
563 2926 726 2972 videbat,

157 2979 275 3018 ΤοΜ.
300 2991 330 3017 1.

791 1387 988 1426 Medorum
1023 1399 1130 1433 terra,
1155 1388 1322 1425 dindima
1359 1389 1415 1425 sil-

790 1453 858 1484 vae,
886 1440 923 1478 h.
944 1453 976 1478 e.
996 1439 1176 1482 silvarum,
1199 1453 1278 1490 pro,
1303 1440 1416 1477 malo-

792 1504 888 1535 rum,
913 1504 999 1541 quas
1018 1501 1099 1528 ante
1116 1492 1268 1529 dixerat.
1330 1505 1414 1543 ¹37·

791 1558 872 1579 auro
888 1542 1039 1580 turbidus
1062 1545 1207 1580 Hermus
1235 1555 1297 1592 per
1324 1555 1417 1592 oxy-

793 1593 885 1630 mori
905 1593 1059 1644 speciem
1076 1607 1141 1644 pro
1158 1593 1303 1631 aurifer.
1342 1594 1417 1630 Ex-

792 1645 908 1693 preffit
940 1644 1036 1682 hunc
1080 1647 1199 1682 locum
1236 1646 1420 1684 Martialis

798 1696 1024 1746 Epigramm.
1055 1696 1166 1741 VIII,
1197 1699 1246 1748 78
1287 1697 1420 1734 turbato

783 1749 940 1796 fhrclidus·
957 1764 1040 1785 auro
1054 1749 1215 1786 Hermus.
1268 1747 1420 1786 Subtili-

798 1808 852 1834 ter
887 1798 1002 1849 magis
1029 1812 1138 1849 quam
1183 1813 1262 1838 vere
1295 1811 1418 1838 monet

800 1849 1009 1887 Drackenb.
1043 1851 1088 1886 ad
1121 1850 1248 1888 Silium
1279 1851 1312 1894 I,
1347 1865 1418 1903 ¹59

800 1900 980 1938 Hermum
1014 1901 1202 1939 turbidum
1231 1916 1303 1940 non
1338 1902 1417 1948 suo,

796 1952 856 1988 sed
887 1965 972 1990 auro
997 1964 1061 2003 per
1089 1953 1271 1991 Paetolum
1301 1953 1419 2000 illato,

796 2003 1002 2053 significari.
1075 2007 1222 2050 Baa‘2ra3
1264 2005 1420 2042 Bafflria-

796 2068 895 2098 nam,
914 2066 1095 2106 tamquam
1113 2055 1339 2106 splendidum
1354 2071 1419 2094 no-

799 2119 879 2143 men
911 2119 1112 2145 memorare
1145 2107 1289 2144 videtur
1307 2124 1317 2153 ;
1356 2108 1419 2145 etfi

797 2168 832 2194 et
864 2157 927 2194 illa
958 2168 1050 2195 terra
1085 2158 1178 2196 inter
1209 2159 1421 2197 feliciffimas

796 2209 865 2252 est3
892 2210 999 2246 etiam
1028 2209 1131 2247 Oxus
1153 2210 1192 2247 in
1223 2224 1263 2247 ea
1290 2224 1417 2248 aurum

796 2261 922 2297 vehere
940 2260 1072 2298 diffus:
1094 2262 1138 2298 de
1149 2262 1287 2299 Mirab.
1305 2262 1416 2300 Ausc.

797 2314 860 2361 46.
950 2325 1033 2362 139,
1067 2313 1230 2358 Panchia,
1271 2313 1419 2350 Arabiae

797 2363 913 2413 regio,
941 2363 1000 2400 seu
1046 2364 1183 2401 Arabia
1216 2378 1310 2402 nunc
1344 2366 1417 2411 est;

796 2415 940 2465 proprie
958 2414 1072 2452 insula
1088 2415 1248 2453 fabulosa
1267 2417 1416 2453 Eueme-

797 2466 843 2509 ri,
873 2465 1018 2503 Arabiae
1034 2466 1078 2503 ab
1096 2466 1247 2504 Oriente
1262 2467 1416 2517 objeRa,

795 2530 902 2566 quam
920 2530 965 2554 ex
984 2517 1096 2554 Ennii
1114 2518 1291 2556 Euemero
1314 2530 1418 2556 norat

796 2567 990 2620 VirgiliuS.
1037 2568 1086 2606 cf.
1117 2569 1232 2607 Diod.
1271 2569 1323 2614 V,
1350 2585 1418 2617 41,

793 2619 856 2656 etfi
892 2629 928 2657 et
957 2619 1011 2656 ibi
1044 2619 1184 2657 diversa
1217 2621 1264 2657 est
1303 2621 1418 2658 insula

795 2670 956 2708 turifera.
1003 2677 1153 2722 pinguis,
1179 2682 1240 2708 aut
1272 2683 1417 2722 propter

793 2731 848 2759 tus
867 2723 1017 2773 pingue,
1043 2723 1141 2772 quod
1170 2723 1288 2760 refinae
1316 2733 1419 2770 natuqv

795 2786 871 2810 ram
889 2774 1011 2817 habet,
1030 2783 1090 2810 aut
1109 2773 1251 2818 fertilis,
1269 2780 1417 2825 turfiris

793 2830 918 2870 arenis,
934 2824 1009 2862 solo
1027 2824 1188 2869 arenoso,
1213 2826 1274 2862 cui
1298 2825 1417 2863 frutex

794 2875 885 2912 turis
911 2875 1125 2919 innascitur,
1152 2876 1187 2912 h.
1222 2890 1288 2925 pro
1320 2887 1415 2920 ture,

795 2928 841 2964 de
866 2940 940 2976 quo
966 2924 1042 2965 vid.
1064 2926 1158 2965 Plin.
1180 2926 1274 2971 XII,
1302 2941 1362 2977 14,
1389 2927 1416 2965 s.

852 2978 887 3016 X
1276 2992 1323 3030 30
1341 2978 1420 3030 sqq.
