1987 3361
189 291 362 366 ἦνΊΤΑ
397 291 451 340 P.
482 271 782 340 'VIRGILII
817 287 1152 342 MARONIS.
1225 307 1388 342 cmv

66 423 143 476 ipse
160 425 324 463 inseruit.
379 424 581 476 Georgica,
615 425 751 464 reverso
776 425 823 462 ab
852 425 1005 463 Afflaca
1030 426 1181 464 vietoria
1209 426 1391 478 Augusto,

67 495 175 536 atque
218 485 491 523 reficiendarum
530 484 692 523 faucium
727 485 833 522 causa
861 485 991 523 Atellae
1022 486 1281 530 commoranti,
1328 500 1392 536 per

68 544 282 582 continuum
327 543 561 595 quatriduum
605 543 710 594 legit,
754 542 970 595 suscipiente
1005 544 1207 582 Maecenate
1245 545 1393 596 legendi

68 603 199 648 vicem,
241 603 382 654 quoties
435 603 717 653 interpellaretur
759 602 834 653 ipse
873 602 974 640 vocis
1025 603 1234 641 offenfione.
1307 603 1392 641 Pro-
1419 617 1468 654 43

68 662 258 700 nuntiabat
290 673 410 700 autem
444 662 603 699 maxima
635 673 719 698 cum
749 660 941 707 suavitate,
974 670 1011 699 et
1045 661 1239 700 lenociniis
1273 662 1390 701 miris.
1435 668 1439 669 ⁷

69 720 203 758 Seneca
236 721 407 764 tradidit,
449 720 588 769 Juliurn
631 719 852 758 Montanum
896 724 1043 771 poetam
1075 721 1222 759 solitum
1253 718 1391 766 dicere,
1417 736 1471 775 44

68 779 309 818 involaturum
338 780 371 817 se
390 780 554 830 quaedam
573 778 754 830 Virgilio,
788 779 813 816 fi
844 792 970 817 vocem
988 779 1112 830 posset,
1139 790 1175 819 et
1191 794 1247 825 οε,
1272 790 1308 818 et
1327 782 1393 832 hy.

27 835 30 839 ’
66 840 260 890 pocrisim:
317 839 462 876 eosdem
479 838 578 875 enim
596 838 735 883 versus,
765 851 809 876 eo
826 838 1099 890 pronuntiante,
1135 840 1226 880 bene
1243 841 1392 883 sonare5

70 899 141 937 sine
159 896 241 943 i110,⁴
273 897 484 943 inarescere,
511 896 608 949 quasi
626 907 757 937 mutos·

121 992 213 1029 XII.
242 992 417 1030 AEneidos
447 992 514 1030 vix
542 993 630 1029 dum
663 1000 790 1042 coeptae
823 1000 925 1029 tanta
942 991 1079 1030 exstitit
1098 992 1209 1038 fama,
1232 1001 1272 1029 ut
1291 991 1389 1031 Sext.
1420 1003 1469 1043 45

72 1049 277 1104 Propertius
295 1065 370 1089 non
393 1051 572 1089 dubitarit
590 1052 635 1088 sic
654 1050 875 1102 praedicare:

223 1129 343 1165 Cedite
363 1129 506 1166 Romani
509 1133 702 1179 scr1'pforc’s,
728 1130 830 1166 cedite
843 1129 965 1173 Graii,

273 1189 388 1238 Nestio
404 1191 487 1240 quid
500 1192 608 1240 majus
628 1191 779 1238 nascitur
795 1188 920 1225 Iliade.

69 1266 252 1318 Augustus
279 1280 380 1311 vero,
426 1280 511 1304 cum
546 1277 622 1304 tum
658 1268 755 1305 forte
786 1267 1022 1318 expeditione
1053 1266 1276 1306 Cantabrica
1296 1267 1393 1305 abes-
1420 1266 1471 1317 46

70 1328 135 1372 set,
178 1337 214 1364 et
244 1326 466 1378 supplicibus
491 1338 597 1376 atque
634 1326 838 1365 minacibus
882 1335 946 1378 per
986 1328 1111 1377 jocum
1147 1327 1261 1364 literis
1295 1328 1394 1364 effla-

71 1385 220 1436 gitaret,
253 1394 292 1422 ut
325 1385 391 1422 fibi
417 1385 463 1422 de
497 1385 665 1429 AEneide,
711 1395 750 1423 ut
785 1385 892 1436 ipsius
921 1386 1031 1423 verba
1057 1385 1153 1429 sunt,
1184 1386 1242 1424 vel
1277 1386 1397 1437 prima

70 1444 242 1482 carminis
277 1444 529 1495 hypographa‚
559 1447 616 1483 vel
661 1445 851 1496 quodlibet
882 1445 989 1484 colon
1023 1445 1198 1488 mitteret,
1247 1448 1395 1498 negavit

71 1502 107 1540 se
133 1502 313 1541 saetarum
354 1503 558 1554 Virgilium
606 1505 667 1542 cui
700 1514 822 1541 tamen
860 1505 977 1542 multo
1011 1505 1102 1556 post,
1139 1504 1296 1555 perfefta
1332 1505 1396 1542 de-

71 1576 172 1601 mum
207 1564 370 1610 materia,
406 1574 476 1602 tres
510 1564 660 1602 omnino
693 1565 808 1603 libros
843 1565 1032 1604 recitavit:
1068 1565 1265 1615 secundum
1294 1566 1396 1604 vide-

70 1692 184 1715 verum
202 1694 235 1717 ut
251 1693 282 1718 et
297 1693 368 1718 tum
380 1685 579 1729 aliquantum
598 1687 701 1719 Brun-

70 1726 140 1758 disii
154 1728 340 1760 subsisteret.
376 1730 414 1760 cf.
451 1731 592 1772 Appi-an.
622 1742 696 1773 pag.

73 1777 170 1810 1073.
186 1773 281 1804 1080.
308 1773 471 1804 Plutarch.
489 1777 613 1805 Anton.
627 1786 700 1815 pag.

70 1823 145 1854 925.
184 1816 250 1846 Dio
280 1817 433 1855 XLVlH,
454 1827 485 1856 3.
516 1817 599 1848 conf.
626 1817 701 1848 Vita

70 1858 168 1899 Virg.
187 1868 260 1897 724.

115 1901 141 1941 ξ.
159 1912 212 1939 44,
252 1903 370 1945 Julium
396 1904 576 1935 Montanum.
630 1903 700 1934 Hc-

70 1943 155 1974 roica
171 1945 196 1975 is
211 1953 241 1976 et
254 1946 391 1987 elegiaca
406 1947 579 1988 scripserat.
622 1947 702 1977 Ovi-

73 1987 142 2018 dius
170 1999 208 2018 ex
226 1990 260 2018 P.
280 1991 337 2025 lv,
369 1989 419 2027 16,
436 1998 473 2020 11
508 1992 625 2034 Qiquc
650 1991 704 2021 vel

73 2032 221 2073 imparibus
238 2035 368 2070 numm-is,
384 2034 533 2071 Mmzane,
547 2036 599 2064 vel
610 2037 700 2077 aquis

74 2074 194 2117 Safficis,
205 2085 231 2105 et
247 2079 352 2118 gemino
367 2079 486 2107 carmine
503 2089 593 2108 nomen
605 2078 700 2108 hahes.

75 2118 230 2149 Meminit
256 2120 323 2160 ejus
353 2122 469 2151 Seneca
494 2121 553 2161 Ep.
571 2122 699 2151 CXXII

75 2161 222 2194 Recitabat
251 2164 406 2193 Montanus
442 2164 546 2205 Julius
580 2176 701 2201 carmen,

74 2205 220 2236 tolerabilis
230 2209 324 2248 polim,
347 2215 373 2236 ct
396 2209 517 2237 amicitia
534 2207 639 2238 ‘Tiberii
654 2220 700 2238 no-

73 2258 118 2278 tus
141 2257 166 2278 et
179 2250 304 2292 frigore.
366 2249 555 2281 Afferuntur
580 2250 701 2281 ibidem

73 2292 179 2322 versus
194 2302 231 2322 ex
247 2303 297 2329 eo,
319 2292 500 2324 tolerabiles
515 2301 546 2324 et
573 2293 632 2331 illi,
653 2294 703 2324 ni-

73 2333 121 2365 hil
143 2342 250 2365 tamen
277 2336 317 2366 de
341 2336 470 2378 Virgilii
502 2336 700 2368 recitatione.

76 2379 188 2420 Neque
205 2389 241 2408 eo
267 2378 421 2419 speetant,
442 2390 513 2421 quse
539 2382 623 2421 apud
648 2383 703 2411 Se-

74 2430 186 2452 necam
237 2421 440 2454 Controvers.
491 2425 572 2454 XVI
624 2433 706 2456 extr.

70 2463 168 2506 legas.

119 2509 144 2549 ᾗ.
168 2516 221 2546 45.
245 2507 327 2539 Sext.
351 2510 513 2553 Propertius
537 2519 568 2541 v.
591 2509 705 2549 lib.11‚

72 2550 167 2593 Eleg.
186 2560 240 2589 25,
260 2551 278 2581 6
281 2561 313 2590 5.

118 2595 144 2635 §.
171 2595 224 2631 46.
250 2607 311 2626 cum
338 2597 507 2639 πίνη-[ὂντα
537 2596 560 2628 f.
581 2600 631 2640 qui
645 2607 703 2628 tum

72 2639 217 2668 GronOV.

117 2682 285 2724 expeditione
306 2682 478 2713 Cantabrica
508 2684 550 2714 U.
570 2684 607 2715 C.
629 2693 702 2725 729.

74 2723 140 2755 vid.
165 2724 223 2754 inf.
255 2725 287 2754 h.
317 2737 343 2755 a.
371 2726 522 2757 Macrob.
541 2729 605 2758 Sat.
622 2729 646 2765 1,
663 2737 706 2766 24

76 2768 165 2810 Ipfiur
180 2770 247 2798 enim
263 2769 393 2799 Maronis
418 2771 539 2812 epistola,
559 2783 617 2813 qua
631 2784 708 2802 com-r

73 2812 162 2854 pellat
181 2812 354 2853 Augustum,
375 2815 416 2843 ita
442 2816 559 2856 incipit:
596 2819 617 2834 “
630 2815 701 2855 Ego

78 2858 101 2873 0‘
117 2863 194 2885 vero
208 2853 389 2895 frequentes
404 2857 468 2887 ate
487 2859 607 2888 litteras
621 2858 702 2888 acci·

77 2901 98 2917 “
113 2898 190 2941 Ρίος
210 2907 236 2930 et
251 2899 329 2941 infra
340 2911 351 2932 .·
384 2899 433 2932 De
450 2900 554 2932 ffnca
570 2901 699 2943 quidem

766 1691 787 1707 “
806 1697 900 1726 me03
938 1688 960 1720 fi
982 1688 1164 1721 mehercule
1178 1690 1246 1732 jam
1260 1689 1397 1732 dignum

768 1734 777 1749 ‘
794 1731 945 1762 haberem
981 1733 1110 1764 auribus
1143 1734 1219 1772 tuis,
1256 1733 1395 1766 libenter·

767 1778 788 1794 “
805 1775 989 1813 mitterem3
1012 1776 1065 1807 sed
1081 1785 1170 1807 tanta.
1184 1777 1333 1808 inchoata
1348 1788 1399 1808 res

766 1821 786 1837 “
804 1817 859 1854 est,
883 1827 918 1849 ut
934 1828 1014 1860 pene
1031 1820 1112 1850 vitio
1136 1821 1254 1851 mentis
1269 1828 1398 1852 tantum

765 1864 786 1880 “
803 1871 882 1902 opus
897 1861 1051 1903 ingressus
1066 1863 1147 1894 mihi
1163 1864 1290 1903 videar3
1323 1874 1397 1895 cum

764 1908 789 1924 “
805 1904 992 1945 praesertim‚
1026 1913 1062 1937 ut
1087 1906 1156 1945 scis,
1187 1907 1248 1938 alia
1270 1918 1398 1948 quoque

764 1951 784 1966 “
803 1948 905 1978 studia
928 1949 967 1979 ad
992 1949 1026 1980 id
1050 1960 1130 1992 opus
1153 1950 1322 1992 multoque
1340 1962 1398 1993 po-

763 1995 784 2010 “
801 1990 885 2022 tiora
914 1991 1116 2033 inipcrtiar,''
1170 1996 1297 2035 Legant
1327 1994 1398 2025 liaec

764 2036 868 2076 poetae
895 2035 993 2066 nostri
1023 2043 1054 2067 et
1080 2037 1112 2067 in
1137 2036 1204 2067 sinu
1234 2038 1289 2068 suo
1320 2048 1397 2078 gau-

765 2078 873 2117 deant,
910 2078 964 2109 sibi
995 2079 1035 2110 ad
1066 2081 1207 2111 carmina
1231 2080 1396 2112 scribenda

765 2128 856 2151 tanto
873 2130 1028 2163 apparatu
1053 2134 1134 2165 opus
1148 2134 1211 2154 non
1228 2123 1298 2155 effe.
1348 2127 1399 2155 De

765 2164 913 2206 Epistolis
928 2166 1066 2207 Augusti
1098 2167 1136 2198 ad
1161 2168 1338 2210 Virgilium
1355 2167 1397 2199 cf.

766 2208 833 2250 sup.
851 2209 890 2239 ad
908 2209 933 2249 ξ.
955 2209 1009 2240 28.

811 2252 865 2282 vel
892 2254 988 2294 prima
1023 2255 1154 2284 carminis
1190 2256 1398 2298 hypographia.

770 2296 850 2336 Leg.
864 2298 985 2337 primam
1000 2309 1024 2327 c.
1051 2299 1250 2341 hypographen
1264 2299 1400 2339 sulpica-

768 2344 823 2369 tur
838 2339 1051 2370 Burmannus.
1077 2341 1235 2372 Gesnerus
1249 2343 1289 2372 ad
1303 2342 1400 2372 Clau-

769 2381 901 2412 dianum
924 2393 955 2424 p.
974 2383 1038 2422 630
1053 2385 1238 2428 hypographa
1256 2387 1399 2426 primum

771 2424 804 2454 in
817 2425 942 2456 chartas
956 2427 1007 2457 vel
1019 2438 1104 2458 ceras
1116 2429 1259 2470 conjeffffl
1270 2428 1330 2459 effe
1342 2439 1401 2459 no-

770 2468 869 2505 tabat,
891 2470 1035 2500 nondum
1058 2472 1226 2505 emendate
1252 2480 1284 2503 et
1309 2483 1400 2503 accu-

767 2520 833 2542 rate
849 2513 1032 2555 perscripta.

812 2564 867 2586 tres
881 2556 963 2586 libros
974 2559 1117 2588 recitavit.
1162 2559 1250 2588 Serv.
1266 2559 1307 2589 ad
1322 2559 1401 2589 AEn.

770 2599 829 2633 IV,
845 2609 909 2637 324
931 2601 991 2630 Hoc
997 2602 1086 2644 solum
1112 2614 1203 2632 nomen
1224 2605 1353 2645 quoniam
1367 2602 1402 2633 ‘ile

769 2642 884 2685 conjuge
898 2644 990 2685 restat.
1039 2649 1059 2664 “
1074 2645 1201 2675 Dicitur
1227 2654 1336 2677 autem
1351 2646 1403 2676 in-

769 2690 789 2704 “
807 2687 897 2727 genti
913 2686 1040 2718 adfee‘tu
1066 2688 1122 2718 hos
1139 2688 1245 2720 versus
1259 2699 1401 2731 pronun-

770 2733 791 2748 “
808 2729 908 2766 tiasse,
934 2741 1006 2760 cum
1022 2731 1174 2772 privatim
1196 2733 1303 2774 paucis
1318 2744 1401 2775 prae·

771 2776 790 2791 “
809 2772 948 2803 sentibus
970 2775 1117 2805 recitaret
1135 2776 1300 2816 Augusto;
1323 2787 1399 2807 nam

765 2816 948 2846 “recitavit
978 2818 1120 2858 primum
1145 2818 1241 2849 libros
1265 2820 1399 2851 tertium

763 2863 783 2878 “
802 2867 831 2890 et
848 2861 1032 2900 quartun1.'’
1060 2861 1123 2891 Ubi
1141 2862 1206 2900 alii,
1221 2867 1239 2883 “
1256 2863 1400 2906 primum

766 2907 788 2924 ‘⁴
812 2903 945 2934 tertium
962 2912 993 2935 et
1006 2906 1191 2945 quartuiu.’¹

1291 2949 1319 2990 ὃ·
1343 2959 1397 2990 47·
