1987 3361
719 595 817 633 DE

210 737 695 802 CARMINE
772 735 1341 801 BUCOLICO.

120 975 220 1090 C
237 1040 356 1087 UM
384 1055 478 1085 non
503 1039 648 1086 modo
672 1038 722 1086 id
749 1038 895 1085 acturi
931 1038 1089 1097 fimus,
1113 1052 1166 1088 ut
1201 1040 1344 1088 verba
1373 1056 1428 1090 ac

115 1125 365 1173 sententias
388 1127 545 1187 poetae
575 1122 883 1184 explicemuS‚
917 1137 1212 1185 quamquam
1249 1140 1305 1171 eo
1327 1124 1429 1188 ipso

113 1206 378 1256 satisfecisse
404 1205 591 1252 muneri
620 1204 701 1252 suo
722 1204 873 1252 bonus
903 1205 1135 1269 interpres
1166 1208 1315 1255 videri
1339 1226 1430 1272 po-

115 1291 217 1348 test,
244 1290 322 1336 sed
346 1290 488 1336 etiam
511 1306 616 1337 eam
639 1306 803 1337 curam
831 1289 1158 1348 adhibeamuS,
1182 1304 1249 1349 ut,
1277 1309 1431 1356 quan..

114 1388 220 1423 tum
253 1375 450 1438 quidem
486 1375 535 1421 in
576 1375 667 1422 hoc
713 1375 1072 1422 commentandi
1108 1392 1281 1438 genere
1325 1378 1429 1425 fieri

113 1459 279 1522 potest,
303 1457 536 1504 rationem
571 1469 618 1504 et
655 1456 867 1504 indolem
898 1457 1124 1520 cujusque
1159 1460 1429 1507 carminum

111 1541 313 1604 generis,
359 1540 615 1588 artificium
652 1540 700 1586 in
746 1539 1042 1597 invenienda,
1088 1542 1342 1599 tractanda,
1382 1555 1429 1590 et

113 1625 322 1672 ornanda
345 1642 408 1681 re,
438 1624 682 1681 dilectum,
713 1624 1000 1687 elegantiam
1037 1636 1083 1671 et
1121 1624 1428 1682 honestatem,

113 1708 594 1770 convenientiamque
637 1724 812 1764 rerum,
849 1707 1186 1753 sententiarum
1228 1719 1275 1753 et
1322 1722 1428 1754 ora-

115 1791 272 1848 tionis,
316 1805 562 1847 notemus3
615 1792 666 1838 in
710 1791 1002 1859 Eclogarum
1049 1790 1426 1854 Virgilianarum

111 1873 501 1936 interpretatione
533 1874 614 1920 vix
645 1873 844 1936 defungi
877 1872 1036 1918 officio
1059 1872 1217 1918 nostro
1240 1871 1427 1917 videbi-

111 1972 233 2012 mur,
280 1956 365 2002 nifi
411 1957 461 2002 de
502 1957 677 2003 bucolico
714 1959 897 2003 carmine
943 1953 1158 2001 universe
1202 1953 1426 1999 nonnulla

109 2038 452 2094 monuerimUS,
481 2037 541 2084 de
565 2054 663 2101 quo
693 2037 729 2084 fi
766 2038 891 2084 redie
917 2036 1187 2091 sentiamuS‚
1222 2034 1426 2081 dubium

109 2135 203 2165 non
228 2120 307 2177 est,
341 2120 457 2182 quin
487 2120 535 2165 in
574 2119 684 2182 ipfis
724 2119 797 2165 his
835 2119 1031 2180 Eclogis
1068 2116 1221 2163 multa
1256 2116 1425 2162 rectius

109 2216 162 2246 ac
189 2200 373 2247 facilius
401 2200 730 2262 intelligantur
752 2212 799 2246 et
822 2198 1096 2245 sentiantur.
1168 2197 1423 2260 Permagni

108 2282 234 2329 enim
259 2282 414 2339 refert,
448 2295 501 2329 ut
523 2284 582 2329 ab
616 2283 755 2329 initio
790 2283 949 2329 statim
975 2297 1106 2328 veras
1143 2297 1302 2327 rerum
1336 2297 1426 2327 no-

108 2364 262 2411 tiones
283 2377 328 2410 et
364 2365 572 2427 aliquam
604 2365 653 2411 in
690 2365 853 2412 animo
886 2364 1192 2410 informatam
1216 2361 1423 2409 veritatis

108 2458 156 2492 et
180 2447 546 2509 pulchritudinis
575 2449 806 2494 rationem
839 2460 884 2494 et
916 2461 1151 2502 normam,
1185 2444 1244 2490 ad
1276 2460 1423 2507 quam

106 2524 288 2589 fingula
312 2527 501 2589 exigere
534 2527 689 2590 poffis,
730 2527 910 2574 afferas.
980 2525 1073 2571 Vix
1108 2536 1267 2571 autem
1292 2522 1422 2569 aliud

108 2606 172 2652 est
196 2607 419 2653 carminis
439 2625 603 2671 genus,
639 2609 687 2655 in
724 2608 857 2673 cujus
892 2620 1056 2654 natura
1093 2604 1422 2652 constituenda

107 2688 223 2734 adeo
258 2689 306 2735 in
352 2691 553 2739 diversas
586 2693 833 2740 sententias
879 2692 1096 2747 abierint,
1130 2688 1213 2752 qui
1251 2688 1322 2733 his
1363 2685 1423 2733 de

106 2771 245 2818 rebus
275 2775 601 2831 tradiderunt;
638 2794 789 2840 neque
830 2777 918 2823 hoc
953 2774 1214 2829 miraberis,
1250 2770 1283 2816 fi
1318 2785 1422 2816 me-

108 2852 314 2913 mineris,
349 2857 505 2923 ipsum
555 2876 704 2923 genus
759 2860 898 2906 latius
942 2869 1116 2922 patere,
1170 2850 1420 2916 ingenium

778 2943 825 2990 A
861 2957 888 2992 2
1259 2944 1414 2981 autem
