1987 3361
218 263 385 319 VITA
419 269 491 318 Ρ.ι
511 268 800 318 VIRGILII
837 270 1166 319 MARONIS.

1237 288 1446 322 CLXXVII

190 400 303 441 XIV.
339 403 417 456 Qi
450 416 535 442 curn
564 403 710 454 gravari
741 402 869 440 morbo
905 402 974 439 sese
1004 401 1164 445 sentiret,
1208 402 1342 439 scrinia
1384 403 1444 440 ste-
1473 417 1521 455 52

135 472 183 511 pe
211 471 257 513 et.
283 475 411 511 magna
444 462 609 501 instantia
643 463 788 513 petivit,
838 472 1058 499 crematurus
1088 462 1266 508 AEneida3
1318 463 1448 513 quibus

137 520 277 570 negatis
305 521 510 558 testamento
542 520 706 559 comburi
743 521 854 570 jussit,
898 529 937 556 ut
970 534 1044 558 rem
1080 519 1344 558 inemendatam
1369 521 1447 565 ‘im—

134 580 411 630 perfeetamque.

135 638 275 687 gustum
310 651 384 675 non
418 637 579 689 permiffu
585 651 675 675 rum.

465 579 604 617 Verum
641 579 767 617 Tucca
798 589 833 616 et
867 578 1000 616 Varius
1034 591 1262 623 monuerunt,
1303 579 1341 616 id
1367 583 1447 618 Au-

749 638 858 675 Tunc
907 639 1024 676 eidem
1075 638 1205 682 Vario,

133 694 286 742 Tuccae,
332 696 461 747 scripta
509 695 574 733 sub
617 709 660 733 ea
694 697 905 734 conditione
944 697 1092 748 legavit,
1135 712 1178 735 ne
1219 698 1307 748 quid
1339 699 1448 735 adde-

132 764 213 793 rent
243 757 341 808 quod
373 769 394 792 a
428 756 462 793 se
493 756 632 794 editum
662 770 736 793 nou
763 757 857 800 ess’et,
884 766 920 792 et
941 757 1060 794 versus
1078 757 1186 794 etiam
1206 757 1447 808 imperfeflos‚

131 814 158 852 fi
176 815 239 865 qu'i
256 826 370 859 erant,
387 815 638 866 relinquerent.

694 816 826 854 Voluit
844 817 952 854 etiam
967 817 1027 854 sua
1042 818 1112 854 offa
1126 817 1320 868 Neapolim
1335 819 1446 855 trans·
1475 814 1525 856 54

131 873 237 918 ferri,
267 874 329 912 ubi
348 874 412 911 diu
431 884 466 911 et
482 873 678 912 suaviffime
695 874 835 911 vixerat
844 892 854 920 3
898 889 940 913 ac
969 888 1128 914 extrema
1155 877 1359 914 valetudine
1376 877 1446 915 hoc

129 927 203 982 ipse
221 924 286 970 fibi
306 931 531 984 epitaphium
550 933 635 970 fecit
654 932 852 970 distichon:

334 991 488 1028 Mantua
505 1007 553 1027 me
564 997 696 1043 genuit,
726 992 875 1029 Calabri
891 1003 1041 1043 rapuere,
1067 1004 1151 1031 tenet
1163 1010 1249 1033 mtnc

383 1051 594 1101 Parthenope
605 1064 618 1087 .·
645 1057 745 1088 cecini
751 1057 891 1101 pascua,
922 1068 1019 1096 rura,
1037 1054 1142 1092 duces.

127 1107 319 1147 Transsata
349 1108 467 1160 igitur
477 1110 571 1160 juffu
591 1110 748 1161 Augusti
779 1111 854 1161 ejus
889 1112 974 1156 offa,
1002 1122 1109 1163 prout
1136 1114 1315 1159 statuerat,
1343 1113 1442 1153 Nea·
1471 1123 1520 1168 55

169 1227 264 1270 ξ.52.
288 1226 435 1274 Qicum
459 1229 555 1260 v.inf.
572 1230 611 1261 ad
623 1239 697 1270 735.

170 1273 196 1313 ᾗ.
211 1282 264 1312 53.
287 1276 325 1304 L.
345 1275 450 1304 Varius
465 1273 576 1304 autitor
599 1273 749 1314 Thyestae

124 1324 158 1347 v.
183 1316 250 1357 sup.
275 1316 316 1347 ad
343 1316 368 1356 ξ.
387 1325 436 1354 30.
483 1316 659 1348 Maecenati
689 1317 749 1347 im«

122 1365 255 1401 putatur
279 1359 312 1389 in
337 1359 445 1389 Carni.
469 1359 509 1390 ad
536 1360 640 1390 Pison.
673 1359 747 1391 226.

123 1402 210 1444 quod
224 1402 337 1433 Varius
351 1402 514 1443 tragoediae
538 1402 630 1433 laude
651 1402 749 1434 incla-

121 1438 206 1484 ruit3
228 1446 375 1477 Maecenas
384 1448 488 1487 tragico
503 1448 668 1488 quatientem
678 1447 748 1488 pul-

114 1490 181 1531 pita
196 1489 277 1530 caestu
291 1490 402 1520 Evexit
412 1491 540 1520 Varium.
563 1491 668 1519 Locus
680 1500 748 1519 cor-

122 1539 254 1572 ruptus:
296 1531 350 1562 alii
375 1532 464 1574 gqstu‚
494 1531 515 1561 f.
543 1534 634 1576 grfffi‘
645 1546 656 1566 ,·
694 1533 747 1563 sed

121 1573 208 1604 idem
219 1574 258 1605 ab
274 1574 362 1616 epico
379 1575 522 1605 carmine
543 1576 747 1605 commenda-

119 1624 173 1648 tur
197 1618 236 1648 ab
253 1618 369 1647 Horat.
383 1619 491 1648 Carm.
505 1619 527 1654 l,
547 1619 574 1659 6.
595 1627 611 1649 1
636 1619 747 1649 Scribe-

119 1663 159 1691 ris
172 1662 258 1692 Vario
257 1661 347 1703 firtis
359 1670 385 1691 et
398 1662 509 1703 htfiium
522 1662 617 1692 Vmor
626 1661 748 1693 Maeom'i

118 1706 247 1735 carminis
261 1705 334 1741 aliti,
358 1703 394 1734 h.
420 1706 535 1746 poe‘tae,
557 1704 611 1745 qui
635 1705 742 1736 evolat

118 1747 260 1778 carmine
289 1747 389 1788 epico.
435 1749 536 1777 Serm.
563 1749 586 1784 1,
621 1756 672 1784 10,
701 1757 744 1785 44

108 1791 193 1832 forte
207 1798 266 1833 epos
285 1803 360 1828 acer,
381 1791 424 1821 Ut
448 1803 532 1828 nemo,
563 1792 670 1821 Varius
689 1791 743 1822 du-

116 1835 166 1864 eit.
225 1833 338 1865 Versus
363 1832 429 1874 ejus
453 1833 574 1874 aliquot
600 1833 745 1864 heroicos

115 1875 276 1918 adscripsit
301 1875 445 1906 Macrob.
471 1878 528 1913 VI,
557 1887 583 1907 c.
611 1885 626 1907 1
656 1883 688 1907 et
705 1885 740 1915 23

117 1926 267 1960 corrupte
285 1926 393 1950 tamen
415 1919 459 1950 ibi
475 1919 641 1951 laudatur:
676 1921 741 1950 Va-

115 1964 175 1993 rius
200 1963 235 1993 de
257 1972 348 1994 morte.
395 1963 440 1993 At
455 1974 491 1993 ex
508 1965 591 1993 Varii
605 1965 741 2006 Panegy-

115 2008 171 2035 rico
185 2006 308 2048 Augusti
322 2005 438 2046 petitos
450 2005 509 2036 effe
525 2006 641 2043 versus,
662 2017 740 2047 quos

114 2048 270 2079 Horatius
292 2049 400 2079 inserit
416 2050 438 2078 1.
465 2050 524 2090 Ep.
544 2048 596 2086 16,
612 2058 663 2090 27.
682 2049 736 2081 28.

112 2100 167 2132 29,
190 2091 321 2123 testatur
345 2091 448 2122 Schol.
476 2093 516 2123 ad
543 2103 570 2122 e.
588 2092 609 2123 1.
654 2093 739 2123 Cum

113 2135 252 2176 Virgilio
299 2143 463 2176 tamquam
507 2135 588 2165 alter
627 2137 738 2176 poeta-

113 2187 187 2207 rum
202 2178 346 2220 princeps
360 2179 544 2208 nominatur
556 2180 631 2209 Art.
647 2180 682 2209 P.
693 2188 735 2218 55

112 2227 145 2251 et
159 2221 186 2251 11
197 2222 277 2263 Epp.
296 2230 325 2259 1,
349 2230 420 2261 247.
438 2221 654 2252 Amiciffimus
667 2223 737 2252 Ho-

112 2263 196 2294 ratio
210 2275 240 2294 v.
257 2265 359 2299 Serm.
377 2266 401 2301 1,
415 2274 447 2305 9,
465 2274 517 2304 23,
529 2275 625 2306 quem
637 2265 735 2296 etiam

112 2306 291 2338 Maecenati
331 2308 620 2338 commendaverat.
670 2309 734 2340 vid.

111 2351 212 2381 Serm.
229 2351 254 2387 I,
271 2349 302 2388 6,
316 2360 370 2389 55.
416 2350 502 2381 Male
525 2362 597 2381 cum
613 2352 700 2382 Varo
717 2363 734 2382 a

111 2392 224 2423 multis
237 2393 450 2424 confunditur.
473 2404 503 2425 v,
521 2395 594 2424 Exc.
611 2395 650 2425 ad
664 2395 731 2425 Ecl.

110 2434 168 2467 VI.
214 2437 263 2466 De
291 2436 442 2467 varietate
465 2436 497 2467 in
523 2437 658 2478 sciptura
691 2439 730 2470 cs.

109 2479 275 2509 Horreum
290 2479 322 2510 in
337 2489 472 2520 prooem.
501 2480 637 2510 Miscell.
662 2482 734 2512 Cri-

109 2521 164 2553 tiC.
210 2523 318 2553 Plotius
333 2523 439 2559 Tucca,
464 2523 546 2553 male
562 2525 733 2567 QinHilius

107 2565 209 2596 Tucca
231 2565 406 2606 appellatur
434 2567 517 2605 apud
542 2567 683 2597 Probum
700 2567 732 2598 in

108 2608 186 2638 Vita
198 2607 336 2649 Virgilii.
381 2610 418 2639 L.
437 2610 555 2639 Varium
571 2619 596 2640 rt
610 2611 732 2641 Plotium

108 2651 232 2682 Tuccam
247 2661 323 2681 mox
340 2651 365 2691 Ε).
383 2652 425 2690 56
446 2653 590 2683 Donatus
605 2653 731 2685 excitat.

107 2693 217 2725 Plotius
227 2700 257 2724 et
273 2695 390 2732 Varius,
410 2702 573 2735 tamquam
590 2706 733 2726 commu-

109 2745 165 2766 nes
189 2738 314 2768 Horatii
336 2745 368 2768 et
393 2738 519 2778 Virgilii
536 2739 641 2776 amici,
663 2739 730 2770 lau-

107 2778 224 2809 dantur
239 2782 351 2810 Horat.
369 2781 472 2817 Sat.1,
493 2790 525 2818 5,
547 2791 599 2817 4ο.
646 2783 732 2813 Inter

106 2821 372 2863 praestantissimos
408 2825 585 2854 carminum
610 2824 731 2865 judices

105 2862 244 2939 tesffrtur
257 2867 341 2907 apud
356 2867 492 2898 eundem
507 2868 615 2899 Plotius
627 2869 693 2901 Sat.
706 2870 730 2908 1,

184 2916 243 2940 OM.
259 2917 281 2941 Ι.

825 1239 876 1269 10,
898 1230 950 1263 81.

820 1274 925 1312 doffte,
947 1274 1009 1306 fide
1033 1285 1119 1307 certa
1143 1285 1175 1307 et
1191 1277 1322 1316 incerta,
1342 1279 1449 1320 dispu-

818 1317 910 1355 tavit,
920 1326 960 1348 ¹ut
975 1319 1140 1350 inventam
1152 1320 1184 1350 in
1197 1322 1370 1352 Germania
1381 1329 1445 1352 tra-

819 1361 958 1401 goediam
988 1364 1127 1392 Tereum
1157 1363 1185 1393 ei
1213 1364 1370 1402 assereret,
1403 1368 1444 1396 V.

820 1403 869 1433 cl.
888 1405 966 1436 Ger.
985 1406 1057 1437 Nic.
1069 1406 1236 1438 Heerkens
1247 1407 1279 1438 in
1294 1408 1384 1450 praef.
1403 1407 1446 1440 ad

815 1447 934 1478 Icones.

861 1499 887 1520 et
898 1490 995 1534 versus
1011 1493 1092 1523 ctiam
1118 1494 1288 1536 impetflft'os
1304 1494 1443 1537 relinque-

817 1542 888 1563 rent.
912 1544 944 1564 v.
962 1535 1001 1565 ad
1017 1535 1037 1565 s.
1053 1545 1108 1576 59.
1151 1537 1286 1567 Eosdem
1296 1537 1393 1568 etiam
1404 1538 1443 1568 li-

815 1575 889 1606 bros
904 1576 1086 1615 distinxisse,
1121 1588 1250 1610 narrant
1281 1591 1443 1621 gramma-

816 1618 891 1650 tici:
915 1630 977 1661 qua
992 1621 1031 1651 de
1046 1631 1080 1651 re
1096 1621 1160 1653 vid.
1174 1623 1214 1653 ad
1229 1623 1285 1654 lib.
1300 1626 1340 1655 V.
1359 1625 1441 1658 AEn.

815 1669 895 1693 extr.

860 1705 886 1746 ᾗ.
903 1714 922 1744 5
925 1714 957 1744 5.
978 1707 1106 1749 dssichon
1119 1720 1130 1739 .·
1160 1707 1221 1739 hoc
1248 1708 1358 1750 paffim
1374 1709 1442 1741 lau-

814 1747 922 1787 datm-3
955 1750 999 1780 est
1023 1760 1130 1781 tamen
1148 1758 1215 1782 tam
1238 1753 1383 1793 jejunum
1406 1761 1441 1786 et

813 1790 971 1832 ineptum,
993 1800 1029 1823 ut
1046 1794 1168 1824 nemini
1183 1794 1274 1825 facile
1291 1795 1440 1828 fraudem

811 1832 916 1865 faciat.
960 1835 1061 1866 Aliud
1089 1837 1287 1878 epitaphium
1316 1839 1349 1869 in
1377 1841 1441 1871 Ca·-

812 1876 934 1917 gianni,
958 1879 1113 1920 Principis
1127 1880 1267 1918 feminae,
1289 1882 1374 1913 Villa
1389 1884 1439 1914 in-

811 1928 955 1959 ventum,
976 1921 1181 1954 Mabillonius
1190 1933 1347 1956 memorat
1364 1927 1437 1958 Irin.

812 1963 879 1995 Ital.
897 1975 930 2006 p.
949 1973 1012 2002 114
1045 1966 1147 2008 Sistite,
1178 1969 1315 2006 Viatores,
1346 1969 1438 2014 quaeso

803 2015 901 2049 pauca
915 2009 1006 2050 legite.
1044 2012 1100 2040 Hic
1115 2010 1279 2052 Maro—situs
1292 2013 1337 2054 ιβ.
1378 2016 1436 2044 Vi-

808 2051 902 2080 detur
918 2059 949 2081 et
964 2051 1024 2082 hoc
1040 2063 1168 2084 carmen
1183 2054 1273 2085 otiosi
1297 2057 1438 2087 hominis

806 2092 889 2124 lusus
905 2093 975 2125 effe.

841 2138 969 2180 prulcro
977 2152 987 2172 ;
1013 2138 1100 2179 quod
1112 2138 1214 2170 adhuc
1230 2141 1436 2180 monstratur,

806 2180 847 2209 ad
872 2180 1043 2221 ingressum
1060 2190 1180 2223 cryptae
1196 2185 1430 2226 Paufilypanae;

806 2223 953 2264 quodque
969 2224 1100 2265 magicis
1116 2228 1217 2266 po‘e'tae
1231 2228 1350 2259 artibus
1361 2236 1433 2260 mo-

805 2266 898 2296 nachi
915 2275 1083 2298 narrarunt
1100 2268 1254 2301 effossum.
1299 2273 1432 2303 Nsemo-

805 2316 877 2339 rant
903 2310 940 2340 de
958 2322 994 2340 eo
1011 2321 1132 2348 omnes,
1152 2313 1205 2353 qui
1222 2314 1261 2344 ad
1276 2313 1342 2346 haee
1361 2316 1431 2346 loca

803 2351 954 2383 aet-effere
969 2363 976 2383 :
1001 2362 1036 2384 ut
1049 2353 1185 2396 fingulos
1195 2357 1332 2388 excitare
1348 2360 1432 2390 velle

803 2395 951 2435 putidum
978 2397 1072 2429 foret.
1113 2409 1144 2428 v.
1173 2399 1284 2430 saltem
1315 2402 1430 2433 Holds-

802 2438 909 2469 worth
939 2442 1075 2471 Remarks
1097 2454 1128 2472 on
1154 2444 1258 2485 Vn‘gil,
1294 2455 1323 2485 p.
1351 2455 1426 2483 50¹·

802 2482 905 2522 Egere
922 2492 1017 2523 porro
1031 2485 1068 2513 de
1080 2495 1117 2514 eo
1134 2487 1227 2516 multi
1240 2498 1247 2516 τ
1272 2487 1303 2517 in
1315 2489 1429 2528 quibus

800 2524 930 2555 videndi
954 2526 1080 2557 Cluver.
1102 2528 1168 2559 Ital.
1188 2539 1250 2561 ant.
1268 2532 1324 2568 iv,
1340 2541 1370 2569 3,
1392 2543 1425 2573 p.

801 2575 896 2606 1153,
918 2569 972 2609 qui
989 2571 1138 2601 tamenin
1156 2573 1317 2603 censuram
1333 2577 1423 2606 venit

797 2610 1018 2642 Holdsworthi
1032 2624 1061 2654 p.
1079 2624 1109 2652 5.
1156 2615 1310 2656 Capacius
1335 2618 1419 2650 Hip,

797 2653 919 2685 Puteol.
944 2666 1008 2696 cap.
1028 2665 1080 2694 34,
1103 2664 1134 2687 et
1147 2658 1227 2689 Hist.
1246 2661 1345 2700 Neap.
1364 2662 1416 2693 liu.

797 2696 836 2733 ΙΙ,
858 2708 922 2737 cap.
949 2707 976 2729 2.
1036 2700 1124 2730 Cain.
1151 2702 1353 2743 Peregrinius
1378 2706 1417 2736 de

796 2739 972 2781 Campania
1003 2742 1103 2772 Felice
1134 2743 1200 2774 diff.
1232 2747 1269 2781 11,
1308 2746 1331 2777 Ε)
1367 2757 1417 2779 20.

794 2783 874 2823 Scip.
896 2785 1053 2815 Mazzella
1075 2797 1103 2826 p.
1124 2795 1183 2826 203
1208 2790 1326 2819 Verum
1338 2800 1421 2830 praee

794 2825 854 2855 stat
881 2836 963 2856 nunc
990 2829 1076 2858 adire
1103 2830 1191 2860 I‘aoli
1207 2834 1339 2873 Antiqq.
1358 2837 1420 2863 l’u-

795 2868 867 2899 tcol.
886 2869 939 2901 sol.
974 2881 1009 2902 10
1036 2871 1115 2914 sqq„
1144 2873 1198 2905 ubi
1223 2882 1255 2905 et
1282 2876 1424 2918 expreffa

837 2922 870 2942 m
1358 2919 1420 2952 loci

1007 1232 1120 1274 Nuper
1145 1233 1184 1264 de
1213 1234 1312 1266 Vario
1344 1234 1446 1266 multa

1266 652 1307 676 ac
1343 639 1445 677 simul
1473 645 1521 684 53
