1821 3381
339 324 803 382 BUCOLICA‚
856 323 1035 373 ECL.
1082 323 1143 373 V.
1339 339 1398 391 95

224 771 696 839 ECLOGA
779 769 1260 857 QUINTA.

280 1028 762 1076 MENALCAS.
832 1027 1189 1076 MOPSUS.

602 1197 884 1230 MENALCAS.

89 1248 252 1333 CUR
286 1299 397 1341 non,
432 1282 620 1346 Mopse,
653 1283 767 1330 boni
802 1282 1031 1345 quoniam
1065 1285 1377 1331 convenimus

212 1376 373 1432 ambo,

85 1464 164 1512 Tu
187 1466 391 1513 calamos
415 1466 579 1512 inflare
602 1464 734 1521 levis,
759 1480 849 1528 ego
871 1465 1028 1514 dicere
1052 1467 1220 1525 versus,

87 1555 187 1605 Hic
211 1558 382 1605 corulis
407 1559 581 1604 mixtas
609 1556 730 1603 inter
750 1556 1038 1605 confidimus
1061 1559 1249 1606 ulmos?

642 1662 852 1695 MOPSUS.

84 1737 162 1784 Tu
187 1738 364 1802 major;
394 1739 485 1786 tibi
509 1755 586 1786 me
609 1739 673 1785 est
696 1754 888 1802 aequum
911 1755 1088 1803 parere,
1114 1740 1367 1791 Menalca:

85 1829 194 1877 Sive
215 1830 299 1878 sub
323 1831 522 1878 incertas
548 1830 778 1894 Zephyris
803 1832 1095 1880 mutantibus
1119 1834 1327 1893 umbras,
1371 1848 1395 1899 5

130 1971 160 1995 1.
184 1965 340 2005 corfidimzes
363 1963 461 1995 Pierii
485 1963 661 2005 Oblongus.
753 1974 784 2003 3.
805 1965 957 2007 cozfidimus
974 1965 1085 1997 Heins.
1110 1977 1127 1997 e
1152 1967 1236 1998 Gud.
1261 1968 1404 2000 Mentel.

84 2025 133 2057 pr.
150 2026 168 2046 a
180 2026 227 2046 m.
245 2016 303 2046 sec.
321 2015 461 2046 Mentel.
482 2016 540 2046 sec.
568 2026 585 2046 a
608 2026 652 2046 m.
673 2025 724 2056 pr.
746 2016 901 2057 praetulit,
916 2024 1027 2060 utpote
1046 2017 1079 2048 in
1095 2020 1200 2060 poe'ta.
1245 2022 1403 2061 corfidimus

85 2065 194 2108 vulgo.
240 2069 311 2096 inter
321 2068 475 2108 consedimus
491 2079 571 2108 agros
590 2069 720 2108 Menag.
736 2066 951 2108 prior.—·—4.
974 2069 1025 2098 tibi
1038 2080 1078 2098 me
1092 2082 1194 2110 aequum
1209 2071 1244 2113 qs}
1258 2071 1351 2102 Leid.
1367 2079 1402 2103 et

86 2116 241 2148 Rottend.
263 2116 354 2148 alter.
445 2126 476 2155 5.
502 2118 641 2159 Zephyris
657 2118 843 2157 mutantibm3
865 2117 925 2148 hoc
941 2118 979 2149 ab
997 2119 1128 2151 Heinfio
1145 2132 1160 2152 e
1175 2121 1258 2151 binis
1273 2123 1400 2154 Moret-

85 2167 143 2199 alt.
171 2169 327 2199 Rottend.
355 2178 428 2199 cum
451 2168 543 2199 Voss.
575 2168 630 2199 alt.
660 2170 934 2208 commendatum,
964 2171 1132 2202 accedente
1164 2172 1337 2203 Franciano
1367 2179 1401 2203 et

85 2219 202 2261 fragm.
217 2221 399 2262 Antwerp.,
426 2230 500 2251 cum
525 2228 681 2262 praeterea
706 2221 787 2252 alter
802 2221 940 2252 Mentel.
962 2233 980 2252 a
996 2232 1039 2252 m.
1056 2233 1102 2264 pr.
1127 2230 1158 2254 et
1182 2234 1230 2265 pr.
1246 2224 1332 2255 Voff
1349 2237 1401 2254 nu-

85 2271 203 2300 tantibus
218 2270 384 2308 haberent,
397 2272 538 2314 reposuit
555 2272 665 2303 Burm0
690 2272 800 2314 Vulgo
815 2272 932 2314 ubique
947 2275 1105 2305 motantibus
1116 2285 1126 2305 :
1149 2275 1235 2316 quod
1250 2275 1401 2317 equidem

86 2321 173 2353 haud
195 2321 406 2353 deseruiffem.
452 2323 561 2354 Etiam
587 2322 654 2354 Ecl.
678 2324 737 2361 VI,
771 2323 810 2357 28
842 2327 948 2368 rigidas
978 2332 1080 2356 motare
1107 2329 1248 2357 cacumina
1279 2340 1402 2368 quercus.

88 2372 183 2403 Nunc
199 2383 270 2403 cum
286 2372 423 2404 alterum
439 2380 471 2405 et
487 2374 589 2417 ipsum
603 2373 710 2406 locum
727 2374 809 2406 tueri
824 2375 928 2418 poffit,
946 2376 1103 2408 retinetur
1117 2377 1208 2416 illud,
1226 2388 1266 2410 ne
1282 2379 1402 2411 iterum

88 2424 189 2455 variet
205 2423 335 2466 vulgata
350 2424 457 2455 lectio.

144 2549 177 2574 1.
196 2535 604 2586 boni—irfiare—dicere.
623 2538 713 2584 εἶναι·
827 2552 866 2588 4.
892 2541 1001 2591 mqjor
1015 2549 1113 2577 natu.
1157 2538 1220 2577 Sic
1237 2544 1402 2579 maximus

90 2586 157 2630 Sei,
200 2587 330 2631 ἒσὲλοῖ,
382 2589 530 2638 avelgem,
581 2590 709 2627 ἀείδειν.
776 2588 936 2628 absolute
950 2590 1139 2636 AEn.VJI,
1157 2604 1242 2643 5'32.
1273 2594 1400 2646 Qan-

91 2639 251 2677 Theocr.
282 2639 391 2688 Idyll.
416 2639 528 2685 VIII,
551 2655 570 2690 3
584 2643 712 2690 ’Ἄμφω
776 2652 814 2678 to
833 2642 906 2679 haec
921 2643 1140 2692 jucundiora
1157 2643 1237 2680 sunt
1254 2644 1402 2694 Eclogae

89 2692 235 2742 συξίσδεν
262 2692 454 2737 ὃεδαημένω,
479 2694 582 2741 ἄμφω
603 2694 712 2732 ἆεῖἓεν,
775 2693 888 2731 tertiae
905 2694 1108 2744 principio!
1128 2696 1241 2732 Ἀλλαὶ
1259 2696 1403 2733 πίθεσθ’.

92 2743 314 2782 Convenimus
351 2744 390 2781 in
434 2757 540 2782 unam
576 2746 711 2783 locum.
775 2747 879 2794 ἄμφω
897 2745 930 2783 δὲ
950 2749 1087 2796 νεωτέρω
1109 2749 1173 2787 ἔς-ὸν
1191 2751 1274 2793 ἐμεῖο
1289 2747 1399 2785 Iliad.

93 2794 250 2832 Calamos
268 2795 374 2839 leves,
402 2796 453 2832 ita
472 2796 611 2847 junge3
640 2810 712 2834 non
778 2815 818 2840 α,
848 2810 935 2847 259.
990 2811 1026 2849 5.
1055 2799 1255 2837 mutantibus
1272 2800 1401 2850 Zeplgy-

91 2844 180 2884 leves
196 2851 322 2896 vefsus.
376 2847 419 2884 In
446 2849 507 2885 vfl'.
537 2862 572 2896 3.
601 2851 636 2887 6.
667 2862 710 2887 12
779 2855 822 2886 ris
845 2848 966 2886 reddit
992 2849 1166 2886 rationem
1187 2857 1230 2888 τὲ
1247 2857 1402 2894 incertas,

92 2898 194 2935 color
211 2898 338 2936 ductus
356 2912 401 2937 ex
421 2899 582 2940 Theocr.
601 2900 713 2950 Idyll.
779 2901 878 2949 quod
898 2913 969 2937 non
988 2913 1053 2951 pro
1071 2901 1250 2952 vituperio
1267 2901 1404 2940 umbrae

92 2947 126 2991 Ι,
150 2962 191 2988 12
211 2950 286 3001 sqq.
779 2950 905 2990 haberi
932 2951 1099 2997 debebat,
1127 2966 1209 2992 cum
1234 2952 1403 3042 fitllonge

1258 3018 1277 3043 e
1294 3017 1403 3056 egan-
