1987 3361
495 445 545 486 47
572 441 672 487 licet,
708 449 876 492 quartum
911 449 945 478 ct
991 440 1142 477 sextum.

493 685 542 736 48

493 758 544 797 49

491 1249 543 1290 50

491 1314 536 1353 51

576 319 766 356 etxxw
869 302 1025 351 TIB.
1085 301 1201 350 CL.
1255 294 1592 351 DONATI

1233 438 1302 475 Sed
1334 437 1431 475 hunc
1473 433 1654 486 praecipue
1692 433 1742 472 ob
1775 427 1888 473 Oeta:

569 502 696 541 viam:
748 516 844 553 quse,
878 515 962 539 cum
991 499 1194 539 recitationi
1223 498 1415 542 interesset,
1455 497 1501 534 ad
1528 496 1611 534 illos
1641 496 1689 534 de
1715 494 1793 533 filio
1826 495 1892 534 suo

568 564 702 608 νει-(υς,
738 565 794 602 ‘Tu
829 562 1012 600 Marcellus
1040 568 1117 605 cris,
1155 559 1323 598 dcfcciffe
1354 559 1489 596 fertur:
1544 566 1654 608 atque
1672 569 1766 606 aegre
1796 557 1891 594 refo-

568 624 707 669 cillata,
743 625 835 662 dena
866 623 1018 661 sestertia
1051 635 1117 672 pro
1156 621 1293 672 singulo
1335 619 1434 657 versu
1471 616 1634 670 Virgilio
1668 616 1748 654 dari
1777 617 1891 667 juffit,

574 685 759 722 Recitavit
794 694 829 722 et
854 683 1041 735 pluribus;
1089 683 1149 720 sed
1185 694 1297 733 neque
1329 681 1548 730 frequenter,
1587 687 1624 715 et
1658 678 1770 715 ferme
1807 676 1887 723 illa,

571 746 617 783 de
650 747 781 797 quibus
809 745 1032 796 ambigebat,
1078 758 1150 794 quo
1184 744 1299 794 magis
1329 740 1514 792 judicium
1556 739 1743 778 hominum
1780 751 1890 790 expe-

568 807 713 846 riretur.
785 807 946 849 Erotem,
982 806 1175 843 librarium
1226 815 1262 842 ct
1305 803 1475 841 libertum
1506 801 1597 852 ejuS,
1636 802 1770 839 exac'tae
1811 801 1889 852 jam

567 867 770 912 senectutis,
798 868 944 904 tradunt
963 867 1092 904 referre
1113 865 1273 910 solitum,
1302 865 1487 916 quondam
1521 864 1560 901 in
1588 862 1776 900 recitando
1806 876 1890 902 eum

567 926 661 964 duos
677 925 887 964 dimidiatos
907 924 1024 962 versus
1043 924 1229 975 complesse
1248 937 1291 961 cx
1311 933 1492 974 tempore:
1525 931 1561 959 et
1604 921 1691 960 huic
1724 921 1892 973 Mistnum

568 984 761 1030 AEoHdem,
791 983 968 1033 adjecisse,
1003 1000 1063 1035 quo
1082 1000 1142 1021 non
1155 985 1368 1033 praestantior
1382 982 1499 1021 alter:
1544 980 1632 1018 item
1666 980 1770 1026 huic,
1802 982 1890 1020 AEre

566 1051 650 1086 ciere
666 1052 774 1089 viros,
803 1044 908 1081 simili
938 1044 1058 1081 calore
1085 1046 1244 1082 actutum
1268 1042 1497 1093 subjunxisse,
1538 1042 1752 1094 Martemque
1778 1055 1892 1081 accen—

567 1109 643 1144 dere
658 1117 787 1145 cantu:
834 1104 1021 1155 statimque
1047 1105 1114 1143 fibi
1128 1103 1326 1156 imperasse,
1353 1114 1392 1142 ut
1419 1113 1612 1155 utrumque
1629 1101 1807 1141 volumini
1824 1104 1890 1142 ad·

568 1167 758 1206 scriberet.

621 1229 736 1271 XIII.
785 1228 957 1267 Bucolica
985 1224 1242 1279 Georgicaque
1273 1227 1490 1266 emendavit.
1545 1228 1658 1265 Anno
1675 1239 1760 1264 vero
1784 1226 1892 1278 quin-

569 1293 773 1343 quagefimo
792 1291 963 1335 secundo,
992 1300 1032 1328 ut
1051 1291 1217 1327 ultimam
1245 1304 1390 1327 manum
1409 1289 1559 1327 AEneidi
1579 1290 1796 1340 imponeret,
1824 1289 1890 1326 stas

568 1351 640 1389 tuit
684 1351 724 1388 in
751 1349 936 1388 Graeciam
969 1361 1006 1388 et
1042 1350 1165 1387 Afiam
1204 1349 1379 1394 secedere,
1440 1348 1672 1400 triennioque
1715 1348 1890 1385 continuo

566 1425 712 1452 omnem
730 1425 876 1464 operam
895 1411 1076 1449 limationi
1094 1411 1194 1456 dare,
1221 1421 1261 1448 ut
1293 1412 1430 1463 reliqua
1456 1413 1533 1448 vita
1560 1420 1699 1449 tantum
1733 1409 1891 1460 phiioso-

565 1472 661 1524 phia:
678 1482 832 1510 vacaret.
887 1471 972 1516 Sed,
1005 1485 1088 1509 curn
1107 1471 1282 1522 aggreffiis
1300 1471 1382 1516 iter,
1416 1470 1570 1509 Athenis
1587 1469 1792 1508 occurrisset
1812 1471 1891 1507 Au-

566 1531 685 1582 gusto,
711 1530 758 1569 ab
793 1530 947 1567 Oriente
978 1529 1132 1567 Romam
1152 1529 1358 1573 revertenti,
1390 1543 1459 1566 una
1484 1542 1567 1566 cum
1595 1528 1735 1566 Caesare
1768 1527 1886 1565 redire

566 1589 703 1627 statuit.
760 1588 820 1626 Ac
857 1600 938 1626 cum
972 1587 1140 1638 Megara,
1170 1586 1332 1624 vicinum
1353 1587 1507 1624 Athenis
1532 1587 1723 1638 oppidum,
1751 1586 1889 1625 visendi

567 1649 685 1700 gratia
711 1657 862 1699 peteret,
893 1648 1106 1698 languorem
1124 1647 1247 1684 nafflus
1278 1648 1351 1684 est:
1399 1660 1505 1698 quem
1524 1661 1597 1685 non
1615 1647 1811 1685 intermissa
1829 1662 1890 1691 na,

566 1709 707 1761 vigatio
724 1709 841 1754 auxit,
868 1709 919 1746 ita
947 1719 1001 1752 ut,
1034 1706 1183 1760 gravior
1217 1708 1349 1752 indies,
1389 1709 1534 1746 tandem
1566 1707 1793 1746 Brundisium
1822 1711 1889 1748 ad-

565 1771 746 1810 ventarit:
781 1771 843 1808 ubi
860 1770 986 1808 diebus
1004 1770 1129 1821 paucis
1146 1769 1258 1815 obiit,
1282 1770 1426 1809 decimo
1441 1770 1532 1812 Kal..
1553 1770 1706 1809 Octobr.
1727 1770 1776 1809 C.
1800 1770 1888 1811 Sen-

565 1832 636 1877 tio,
663 1831 905 1884 QLucretio
921 1830 1018 1869 Coff.

613 1948 641 1989 ἶ).
665 1959 720 1988 47.
743 1948 775 1979 ob
801 1949 965 1979 offaviam.
1011 1947 1088 1988 Ejus
1113 1947 1198 1979 filius

567 1992 621 2023 M.
634 1991 803 2023 Marcellus
815 1991 987 2022 immatura
997 1999 1101 2021 morte
1111 1990 1198 2022 obie-

566 2043 619 2067 rat
649 2047 676 2066 a.
701 2036 746 2066 U.
776 2035 813 2066 C.
841 2043 914 2074 731.
948 2045 982 2067 v.
1014 2034 1126 2065 Vitam
1157 2035 1197 2065 ad

568 2078 604 2111 h.
619 2090 647 2109 a.

610 2121 814 2198 denagestertia
840 2120 919 2153 801.
941 2131 979 2158 14
999 2121 1021 2152 s.
1047 2132 1064 2162 7
1081 2121 1112 2152 d.
1132 2120 1196 2152 five

567 2165 651 2198 circa
666 2177 686 2204 4
711 2165 904 2204 4thaler053
941 2166 1044 2195 XXV
1068 2164 1199 2202 Versus,

567 2218 618 2241 tot
649 2210 736 2241 enim
766 2210 805 2240 de
832 2208 992 2239 Marcello
1022 2216 1133 2250 agunt,
1155 2209 1195 2240 ad

568 2262 655 2284 2100
681 2253 702 2284 1.
727 2253 788 2283 hoc
813 2251 856 2283 est
880 2252 919 2283 ad
937 2251 1044 2284 12600
1066 2251 1196 2282 thaleris

514 2310 520 2313 >
567 2296 715 2327 aestimati
731 2295 876 2328 fuerunt.
917 2296 1017 2336 Apud
1043 2297 1131 2326 Serv.
1155 2295 1196 2326 ad

565 2341 624 2377 VI,
648 2339 712 2372 862
741 2344 761 2359 “
778 2341 819 2370 Et
843 2338 963 2370 constat
978 2339 1062 2369 hunc
1077 2338 1196 2370 librum

563 2387 586 2402 “·
602 2390 693 2414 tanta
714 2382 975 2424 pronuntiatione
993 2382 1138 2424 Augusto
1166 2389 1198 2412 et

567 2430 587 2448 ⁶‘
605 2426 750 2457 oetaviae
773 2425 834 2457 effe
856 2426 1038 2463 recitatum,
1058 2433 1095 2457 ut
1119 2425 1198 2457 fletu

565 2474 588 2488 ‘⁵
605 2470 706 2500 nimio
722 2470 918 2510 imperarent
943 2469 1117 2507 silentium,
1138 2467 1196 2499 nisi

564 2517 591 2533 ‘⁶
608 2512 764 2554 Virgilius
778 2511 876 2543 finem
892 2511 952 2543 effe
974 2512 1117 2550 dixiffet3
1141 2511 1196 2553 qui

561 2560 593 2593 ,⁸⁶
607 2565 667 2598 pro
681 2556 743 2586 hoc
758 2566 820 2587 aere
836 2556 925 2597 gravi
938 2555 1073 2587 donatus
1086 2556 1142 2593 est,
1162 2555 1196 2586 id

563 2603 589 2622 ‘⁸
603 2599 648 2631 est
662 2599 768 2636 miffis,
788 2599 873 2629 &c.''
912 2599 1038 2630 Ultima
1050 2610 1066 2630 e
1078 2601 1195 2630 Gram-

565 2643 676 2674 matici
691 2653 776 2685 penu
792 2642 899 2674 addita
913 2642 996 2674 sunt.

612 2687 639 2727 ξ.
650 2696 704 2727 49.
726 2686 824 2730 versus
839 2687 983 2730 compleffi’.
1006 2685 1114 2717 Etiam
1134 2685 1195 2716 hoc

567 2729 781 2760 Grammatici
795 2739 929 2760 acumen
953 2729 1070 2771 prodit.
1113 2731 1196 2761 Ver-

566 2772 619 2804 sus
632 2772 705 2804 sunt
719 2773 798 2805 AEn.
813 2773 872 2811 VI,
889 2772 963 2810 164.
985 2772 1062 2812 165,
1082 2772 1136 2804 ubi
1153 2768 1194 2803 cf.

568 2817 657 2847 Serv.

610 2860 639 2902 ς.
653 2868 708 2900 51.
729 2868 838 2894 tantum
862 2859 1044 2906 philqfiaphiae
1063 2868 1198 2894 vacaret.

1263 1948 1424 1979 Convenit
1459 1959 1531 1980 cum
1557 1948 1712 1980 sententia
1740 1946 1890 1980 versuum

1259 1992 1549 2034 pulcherrimorum
1577 1995 1636 2024 Ge.
1669 1994 1708 2031 ΙΙ,
1733 2001 1795 2031 475
1819 1992 1890 2033 sqq.

1260 2036 1317 2067 Me
1328 2049 1397 2067 vero
1404 2040 1525 2078 primum
1533 2037 1626 2069 dulces
1636 2046 1702 2068 ante
1716 2038 1803 2068 omnia
1812 2037 1889 2068 Mu-

1251 2081 1297 2124 sae
1311 2082 1450 2121 accipiant
1467 2080 1528 2110 &c.

1303 2124 1431 2166 Augusto
1455 2124 1492 2154 ab
1507 2125 1606 2154 oriente
1620 2124 1660 2154 R.
1676 2125 1829 2155 revertenti
1851 2133 1891 2155 ex

1260 2164 1386 2203 itinere,
1407 2167 1493 2208 quod
1519 2177 1535 2196 e
1563 2166 1668 2197 Sicilia
1694 2176 1753 2208 per
1777 2166 1890 2198 Aliam

1259 2216 1291 2239 et
1309 2210 1469 2240 Graeciam
1480 2209 1608 2240 fecerat.
1623 2209 1690 2241 vid.
1708 2208 1766 2240 inf.
1777 2210 1889 2242 Vitam

1259 2252 1300 2283 ad
1317 2261 1499 2292 732-734·

1304 2297 1496 2338 Brundssum.
1541 2295 1723 2328 Tarentum
1747 2295 1803 2327 alii
1821 2307 1891 2328 me-

1260 2348 1402 2370 morant.
1467 2341 1585 2372 Tarenti
1613 2341 1735 2382 Apuliae
1760 2342 1891 2377 civitate,

1261 2383 1328 2414 dum
1366 2385 1563 2427 Metapontum
1591 2385 1692 2414 videre
1720 2385 1808 2426 cupit,
1836 2385 1890 2428 seu

1261 2427 1418 2469 Brundisii,
1441 2429 1508 2459 dum
1530 2428 1687 2469 Megaram
1709 2427 1810 2458 videre
1833 2439 1891 2458 vo-

1259 2471 1349 2512 lug‘ffet
1377 2470 1479 2512 (vides
1509 2470 1802 2501 Grammaticorum
1835 2469 1890 2505 seu

1261 2514 1502 2545 Monachorum
1516 2513 1725 2555 imperitiam,
1734 2513 1811 2545 dum
1820 2513 1890 2544 Do·-

1261 2564 1373 2588 natum
1403 2564 1477 2588 ante
1503 2556 1614 2587 oculos
1642 2556 1761 2587 habent
1788 2556 1814 2597 ξ.
1829 2556 1890 2598 51)

1260 2601 1433 2643 quorundam
1440 2600 1548 2641 judicio
1573 2600 1762 2632 invalitudine
1782 2611 1816 2631 ex
1823 2600 1890 2644 Jblt'e

1259 2645 1359 2675 ardore
1374 2649 1537 2677 contrat-ia:
1560 2643 1637 2675 Vita
1652 2643 1783 2685 Virgilii
1806 2653 1891 2685 prae-

1260 2687 1351 2718 missa
1375 2687 1463 2719 Edit.
1481 2689 1564 2718 Ven.
1585 2695 1683 2726 1472,
1701 2697 1772 2727 quae
1798 2686 1889 2717 dein-

1261 2741 1333 2772 ceps
1346 2730 1379 2762 in
1405 2732 1465 2762 Ed.
1481 2729 1626 2761 Danielis
1641 2729 1752 2762 Servio
1775 2728 1892 2760 tribui-

1258 2781 1323 2805 tur.
1367 2774 1472 2816 Inepti
1488 2772 1699 2805 Grammatici
1715 2771 1831 2806 lacinia
1843 2771 1890 2804 est

1259 2817 1292 2847 in
1310 2819 1397 2848 Serv.
1416 2818 1455 2848 ad
1469 2816 1547 2848 AEn.
1565 2818 1605 2854 11,
1622 2824 1696 2857 197,
1717 2815 1892 2857 qnaThes-

1260 2860 1368 2894 saliam
1381 2860 1489 2894 adiisse
1504 2861 1598 2894 Maro
1613 2865 1772 2893 narratur.

1791 2900 1892 2944 ἱππ»
