1987 3361
475 317 604 351 cuv
857 297 971 347 DE
1034 291 1417 343 VIRGILII

473 451 523 477 an
544 434 857 476 Commentarium
878 433 915 470 in
934 431 1138 482 Virgilium
1158 427 1350 479 scripserit,
1376 424 1480 463 valde
1497 423 1642 462 dubito.
1703 422 1790 461 Fuit

477 500 556 548 ejus
571 496 712 535 libellus
744 502 870 531 contra
900 492 1161 529 obtreeiatores
1188 486 1370 538 Virgilii:
1400 485 1483 523 teste
1507 483 1657 521 Donato
1680 481 1720 520 in
1735 481 1789 520 V.

479 556 533 594 V.
551 555 579 594 s.
599 557 662 605 64,
679 567 699 591 c
717 566 789 603 quo
806 550 915 602 petita
930 550 996 588 esse
1013 547 1195 592 videntur,
1212 559 1291 597 quae
1310 544 1348 582 in
1368 542 1492 580 Servio
1509 550 1545 579 et
1564 539 1793 592 Philargyrio

480 615 658 653 habentur
677 612 722 651 ad
741 610 822 648 Ecl.
842 609 916 653 111,
941 621 1025 660 ¹05·
1044 607 1119 651 IV,
1150 620 1162 644 ι
1176 619 1212 650 1,
1229 614 1264 643 et
1282 604 1322 642 in
1352 603 1444 640 Vita
1466 600 1579 652 Virg.
1598 599 1626 639 s.
1646 611 1708 639 21.
1724 600 1789 650 64.

510 701 669 783 >Asper:
700 728 826 781 saepius
843 728 905 765 ille
924 728 963 765 in
991 734 1106 777 partes
1133 730 1283 760 vocatus
1307 733 1327 757 a
1356 717 1496 764 Servio,
1522 716 1633 756 etiam
1661 728 1683 753 a
1706 713 1794 753 Phi-

481 791 655 842 largyrio.
710 789 771 827 Ad
799 788 886 825 AEn.
917 785 1010 830 VII,
1038 785 1111 834 648
1143 783 1331 819 Contemtor
1359 781 1492 817 divum.
1544 775 1641 814 Eum
1669 774 1795 812 laudat

481 849 654 888 Macrob.
683 847 757 892 111,
778 860 812 898 5,
869 846 927 883 Est
954 845 1044 882 alius
1073 841 1270 893 antiquior,
1298 853 1319 877 a
1342 838 1522 881 Charifio,
1541 835 1794 878 Prisciano,et

482 909 566 946 aliis
584 909 763 953 laudatus,
790 906 881 944 alius
894 905 1033 955 junior.
1088 903 1147 940 De
1174 909 1303 938 neutro
1332 897 1526 950 quicquam
1545 896 1591 933 ad
1610 893 1792 945 liquidum
1830 887 1836 890 ¹

482 967 710 1019 perdufium.
767 964 986 1016 Pomponius
1014 960 1099 999 Sab.
1128 974 1164 1012 p.
1201 971 1268 1009 153
1300 958 1339 995 in
1371 956 1458 994 AEn.
1494 955 1527 1000 I,
1558 956 1604 991 88
1637 953 1796 1003 Eripiunt

470 1026 588 1077 subito
615 1025 715 1063 nubes
742 1023 920 1074 caelumque
949 1023 1117 1072 diemque:
1156 1027 1183 1042 “
1204 1016 1377 1056 AEmilius
1403 1015 1520 1066 Asper
1546 1014 1585 1051 in
1617 1013 1687 1050 hoc
1711 1012 1797 1048 loco

485 1091 514 1108 ‘⁸
543 1083 618 1121 ait:
648 1083 741 1120 Haec
775 1081 938 1119 membra
967 1091 1090 1116 natura
1124 1078 1170 1115 fic
1203 1076 1290 1115 solet
1316 1075 1508 1125 jungere.'’
1561 1070 1670 1109 Alius
1699 1069 1796 1121 apud

485 1142 639 1180 eundem
658 1141 757 1178 locus
773 1141 819 1178 est
842 1153 878 1190 p.
898 1152 976 1187 400
998 1138 1043 1175 ad
1063 1137 1147 1174 AEn.
1167 1136 1240 1179 VI,
1263 1149 1275 1172 1
1290 1148 1356 1184 143
1385 1133 1474 1172 item
1499 1145 1536 1184 p.
1556 1143 1626 1181 401
1648 1139 1685 1167 et
1702 1141 1796 1180 419.

490 1201 596 1239 Forte
616 1210 770 1250 utroque
799 1199 882 1236 loco
898 1199 968 1248 leg.
989 1196 1117 1233 Velius
1144 1195 1271 1246 Asper,
1287 1194 1382 1231 idem
1407 1191 1471 1243 qui
1488 1190 1617 1229 Velius
1634 1188 1797 1239 Longus.

488 1259 715 1298 Benediffini
736 1258 912 1295 Auaores
945 1255 1048 1293 Artis
1072 1255 1238 1306 Diplom.
1258 1254 1372 1291 Tom.
1407 1251 1480 1295 III,
1511 1264 1548 1301 p.
1584 1262 1673 1301 153,
1698 1247 1796 1298 frag-

489 1329 609 1358 menta
629 1317 740 1369 Aspri
776 1317 813 1354 in
845 1316 977 1354 codice
1013 1315 1185 1366 rescripto
1214 1315 1439 1356 detexerant,
1466 1320 1502 1348 et
1530 1310 1679 1360 quidem
1699 1306 1796 1358 siglis

487 1378 642 1429 scripm3
666 1390 712 1414 ex
740 1374 800 1419 iis,
828 1389 910 1426 quae
937 1374 1023 1411 inde
1049 1372 1254 1424 apposuere,
1283 1371 1344 1408 vix
1375 1382 1544 1420 magnum
1582 1367 1659 1405 fieri
1685 1365 1798 1418 potest

491 1436 706 1474 desiderium
726 1434 837 1471 amiffi
856 1432 987 1484 operis,
1041 1432 1208 1469 Posuerat
1227 1429 1462 1482 grammatica
1491 1437 1526 1464 et
1553 1426 1701 1477 poetica
1733 1425 1800 1462 ob-

489 1496 627 1534 servata
644 1494 703 1531 vel
731 1503 924 1545 praecepta,
951 1490 1116 1542 subjeefis
1143 1502 1210 1542 pro
1244 1488 1409 1539 exemplo
1435 1484 1655 1536 Virgilianis
1683 1483 1801 1522 verbis

490 1556 548 1593 vel
563 1553 758 1606 phrasibus.

542 1617 713 1653 Avienus.
777 1613 820 1650 In
851 1612 976 1650 Servio
1005 1611 1051 1649 ad
1077 1611 1132 1654 X,
1164 1622 1236 1661 272
1265 1615 1295 1632 “
1326 1608 1554 1651 Avienus—3
1584 1605 1648 1657 qui
1669 1604 1801 1647 iambis

494 1684 523 1701 Η
554 1674 692 1726 scripsit
713 1673 868 1724 Virgilii
900 1672 1070 1710 fabulas”
1097 1682 1133 1708 et
1160 1673 1206 1708 ad
1235 1684 1272 1708 v.
1301 1672 1373 1718 388
1401 1674 1431 1690 “
1452 1667 1629 1710 Avienus,
1655 1665 1720 1717 qui
1742 1674 1798 1703 to-

489 1743 520 1760 “
549 1745 627 1773 turn
647 1733 849 1784 Virgilium
874 1742 908 1770 et
940 1731 1087 1768 Livium
1116 1729 1247 1768 iambis
1279 1728 1446 1779 scripfit’'
1473 1727 1614 1764 nullum
1641 1724 1799 1763 fundum

493 1796 598 1840 facit,
625 1793 686 1832 cui
722 1793 862 1843 aliquid
896 1792 1121 1842 superstruas.
1192 1789 1381 1840 Ingeniose
1417 1797 1536 1825 tamen
1570 1784 1799 1823 Wernsdorf.

491 1857 544 1895 V.
562 1857 611 1895 C.
630 1855 675 1892 ad
696 1855 799 1892 Poet.
820 1852 909 1890 min.
930 1853 1042 1888 Tom.
1063 1851 1138 1894 IV,
1162 1864 1197 1901 p.
1233 1863 1303 1901 555
1324 1849 1401 1899 sqq.
1422 1846 1589 1897 conjicit,
1608 1845 1799 1884 AEneidem

492 1916 715 1953 commestam
732 1912 770 1950 in
791 1913 894 1949 breve
912 1924 1055 1948 carmen
1073 1911 1186 1948 fuiss'e.
1243 1909 1333 1946 Non
1362 1908 1477 1958 magis
1496 1906 1646 1950 dixeris,
1662 1918 1735 1958 quo
1754 1905 1799 1942 li-

493 1976 563 2014 bro
581 1976 643 2013 illa
672 1974 716 2010 de
733 1972 899 2010 Cometis
920 1971 1128 2015 tradiderit,
1155 1983 1234 2021 quae
1251 1969 1343 2006 ibid.
1376 1969 1421 2005 ad
1441 1982 1474 2004 v.
1506 1981 1575 2019 272
1597 1979 1799 2004 memoran-

494 2048 564 2075 tur.
618 2034 780 2072 Avienus
803 2033 850 2070 est
881 2032 975 2070 inter
1002 2044 1076 2075 eos,
1106 2044 1196 2081 quos
1225 2028 1435 2067 Macrobius
1466 2026 1713 2064 Saturnalibus
1732 2025 1804 2062 suis

496 2095 656 2133 interesse
690 2092 832 2137 voluit3
861 2090 1024 2129 diversus
1053 2090 1178 2141 utique
1213 2089 1259 2126 ab
1301 2089 1436 2125 altero:
1465 2087 1548 2124 vide
1582 2085 1801 2137 Cannegiet.

498 2155 589 2193 Diff.
609 2155 655 2191 de
675 2152 819 2189 Aviano
835 2164 869 2189 e.
891 2165 927 2189 2.

549 2215 688 2252 Avitus.
743 2211 879 2248 Donat.
900 2208 979 2247 Vit.
999 2210 1036 2246 V
1039 2209 1107 2260 irg.
1127 2208 1153 2247 s.
1175 2211 1220 2256 63
1247 2214 1275 2231 “
1297 2207 1385 2244 Sunt
1402 2215 1437 2242 et
1454 2205 1515 2257 Q
1531 2204 1679 2241 O&avii
1698 2202 1804 2242 Aviti

496 2280 526 2299 ί(
552 2271 822 2319 Ὀμοιοτελεύτων
840 2270 921 2306 οξὶο
940 2269 1138 2312 volumina,
1154 2267 1284 2318 quibus
1303 2276 1532 2309 annotantur,
1550 2277 1640 2315 quos
1656 2273 1692 2302 et
1707 2263 1803 2301 unde

498 2339 528 2356 “
557 2331 675 2369 versus
695 2328 951 2367 transtulerit.”

549 2389 687 2427 Baebius
705 2390 849 2426 Macer:
877 2387 1044 2424 laudatur
1072 2398 1093 2422 a
1113 2384 1238 2423 Servio
1271 2384 1316 2421 ad
1347 2383 1428 2421 Ecl.
1460 2381 1537 2427 IX,
1557 2396 1627 2435 472,
1648 2390 1686 2419 et
1716 2380 1803 2419 AEn.

500 2444 594 2501 V,‘3
602 2450 662 2500 56.
715 2447 773 2485 Ex
807 2456 934 2484 neutro
965 2457 1082 2484 tamen
1108 2444 1192 2482 loco
1223 2451 1541 2481 commentatorem
1559 2441 1723 2479 Maronis
1740 2453 1804 2493 ag-

500 2507 635 2546 noscas.

551 2567 688 2604 Calvus
704 2565 788 2603 vide
806 2564 973 2602 Titianus.

553 2627 670 2676 Caper
698 2624 863 2661 laudatur
893 2636 914 2660 a
949 2620 1073 2659 Servio
1106 2619 1154 2658 ad
1189 2619 1274 2658 AEn.
1308 2617 1380 2661 VI,
1407 2630 1494 2671 545.
1523 2616 1599 2662 IX,
1632 2629 1720 2668 709.
1749 2615 1806 2660 X,

500 2686 592 2735 788.
637 2682 731 2726 XII,
763 2695 859 2726 1203
903 2694 978 2732 quo
1011 2679 1141 2718 ultimo
1189 2679 1272 2717 loco
1307 2691 1429 2715 veram
1460 2676 1650 2715 leffionem
1684 2675 1808 2728 prodit

511 2744 627 2781 Veluti
651 2743 739 2780 lim.
810 2742 949 2780 Nullus
983 2751 1100 2778 tamen
1135 2740 1234 2777 locus
1276 2739 1419 2789 probat,
1461 2739 1621 2788 Captum
1652 2736 1808 2788 singula-

505 2817 578 2842 rem
596 2805 634 2841 in
653 2803 854 2855 Virgilium
878 2803 1011 2842 librum
1032 2800 1210 2855 scripsisse.
1264 2800 1324 2839 Est
1354 2809 1473 2838 autem
1506 2796 1652 2837 Flavius
1670 2796 1807 2847 Caper,

1506 2864 1508 2869 ’
1705 2855 1809 2909 cujus
