1987 3361
436 301 525 338 111
811 281 1376 334 PRAEFATIO

438 424 603 496 tiplici
629 423 871 495 variaque
897 423 1152 484 doctrina,
1182 442 1298 495 quae
1325 421 1378 474 in
1405 442 1466 476 eo
1492 424 1620 478 Viro
1647 426 1739 486 est,

439 529 488 569 et
514 515 826 587 generosiore
857 516 908 567 in
950 517 1350 570 correctionibus
1396 516 1593 588 spiritu,
1634 538 1739 571 non

438 607 860 667 contemnendam,
903 608 956 659 in
1007 609 1160 660 variis
1199 609 1262 660 ad
1308 610 1566 681 Georgica
1611 610 1738 661 locis

435 697 662 756 inscrui;
704 696 907 749 miserat
957 698 1097 749 enim
1149 698 1212 750 ad
1263 717 1345 750 me
1385 699 1480 750 Vir
1520 712 1569 750 et
1610 698 1739 750 olim

439 789 544 841 mei
569 785 818 838 studiosus
845 807 937 858 pro
963 787 1316 839 benevolentia
1342 786 1427 839 sua
1461 801 1510 840 et
1554 787 1743 840 huma-

439 875 598 928 nitate
624 874 1002 943 Georgicorum
1042 877 1302 947 exemplar
1341 896 1500 928 manu
1536 876 1622 929 sua
1646 896 1744 929 no-

442 976 606 1015 tatum
633 983 690 1015 ea
715 964 843 1035 lege,
885 977 961 1025 ut,
990 983 1104 1035 quoe
1131 965 1249 1017 inde
1275 966 1451 1017 tollere
1477 977 1563 1016 aut
1584 967 1743 1019 relin-

440 1073 595 1127 quere
621 1055 829 1116 vellmn,
856 1055 1143 1106 libertatem
1171 1054 1376 1108 faceret.

516 1146 584 1198 Et
611 1144 858 1196 hactenus
902 1146 1116 1217 quidem
1147 1146 1210 1197 de
1237 1145 1504 1198 conatibus
1533 1146 1669 1198 meis
1689 1145 1744 1199 in

443 1236 613 1310 ipsum
653 1236 885 1308 poetam.
965 1238 1158 1300 Restat,
1185 1251 1242 1292 ut
1267 1239 1486 1291 breviter
1517 1239 1746 1292 indicem

445 1347 522 1388 ea,
553 1347 668 1399 quae
695 1326 816 1380 huic
842 1328 1130 1399 praefationi
1175 1329 1402 1401 subjecta
1430 1328 1561 1382 sunt.
1635 1331 1748 1382 Pri-

443 1437 614 1479 mum,
642 1437 761 1468 cum
788 1420 1037 1470 variantes
1064 1419 1312 1472 lectiones
1338 1439 1401 1472 ex
1422 1419 1538 1472 satis
1556 1439 1749 1491 magno

445 1510 686 1562 codicum
711 1507 1016 1580 scriptorum
1038 1531 1252 1564 numero
1269 1511 1555 1565 excitandae
1575 1511 1749 1572 effent,

445 1619 669 1672 quorum
709 1613 764 1651 ut
811 1602 919 1662 alii,
963 1602 1053 1673 qui
1099 1602 1316 1654 eandem
1361 1622 1569 1655 mecum
1593 1604 1752 1656 telam

447 1711 556 1744 non
582 1690 872 1752 detexuere,
913 1694 1171 1755 notitiam,
1200 1709 1247 1746 et
1275 1707 1466 1766 quanta
1503 1694 1751 1767 cujusque

448 1782 722 1835 auctoritas
748 1782 885 1843 effet,
926 1784 979 1835 in
1021 1797 1233 1854 promtu
1273 1785 1535 1846 haberent,
1574 1785 1753 1856 postu-

448 1873 543 1926 lari
584 1892 688 1924 non
737 1886 934 1944 poterat
950 1898 967 1933 3
1027 1873 1379 1946 subjungenda
1427 1889 1532 1928 erat
1578 1876 1754 1948 aliqua

451 1981 635 2015 eorum
661 1963 859 2015 notatio
886 1976 934 2015 et
969 1962 1258 2035 descriptio,
1298 1966 1353 2016 in
1397 1985 1500 2039 qua
1542 1966 1749 2029 deinde,

450 2066 509 2108 ut
531 2053 608 2113 fit,
629 2073 737 2105 non
763 2053 922 2105 modo
949 2056 1195 2106 nonnulla
1220 2055 1517 2127 diligentius
1539 2058 1751 2120 excuffi,

452 2162 570 2216 quae
598 2143 661 2196 ad
683 2141 872 2196 horum
896 2144 1136 2197 codicum
1162 2145 1427 2200 historiam
1447 2147 1752 2220 spectarent,

449 2254 632 2289 verum
658 2235 814 2286 etiam
842 2236 992 2288 altius
1019 2257 1129 2289 rem
1158 2238 1366 2292 exorsus
1396 2239 1530 2302 sum,
1554 2255 1609 2293 ut
1637 2261 1755 2293 orn-

451 2325 577 2379 nino
598 2325 659 2376 de
684 2325 943 2378 codicibus
972 2346 1272 2398 quaererem,
1294 2350 1518 2402 quorum
1541 2332 1757 2404 quidem

451 2433 686 2486 unquam
711 2416 773 2467 ab
800 2416 1080 2470 editoribus
1124 2422 1331 2492 Virgilii
1358 2423 1681 2475 mentionem
1707 2437 1757 2476 et

453 2505 697 2558 notitiam
716 2504 909 2558 saetam
935 2508 1182 2561 videram.
1227 2513 1288 2563 In
1309 2531 1465 2584 quam
1487 2532 1758 2567 commen-p

454 2596 706 2647 tationem
733 2616 854 2649 cum
882 2597 1035 2650 semel
1064 2601 1367 2662 incidissem,
1388 2623 1449 2655 eo
1472 2604 1759 2658 deduffitum

453 2705 538 2737 me
566 2686 690 2746 vidi,
731 2700 788 2738 ut
815 2689 867 2738 in
889 2706 970 2739 eas
994 2690 1244 2744 editiones
1266 2693 1599 2767 inquirerem,
1641 2716 1760 2768 quae

453 2794 519 2828 ex
559 2775 819 2828 codicibus
862 2776 1058 2851 scriptis
1104 2782 1305 2836 excusae
1345 2797 1430 2837 aut
1475 2787 1760 2840 emendatae

1663 2879 1759 2933 effe
