1821 3381
325 354 418 416 236
506 351 561 400 P.
615 347 1011 397 VIRGILII
1082 347 1474 396 MARONIS

328 485 467 532 Falce
486 497 668 546 premes
687 480 892 537 umbras,
911 479 1125 542 votisque
1143 479 1385 526 vocaveris
1402 479 1639 529 imbrem:

326 577 457 632 Heu,
481 591 711 638 magnum
735 573 924 619 alterius
949 571 1113 617 frustra
1136 570 1365 633 speetabis
1385 586 1637 633 acervum3

328 663 652 725 Concuffaque
677 661 856 707 famem
879 660 928 706 in
951 658 1076 704 filvis
1100 657 1305 705 solabere
1327 675 1519 721 quercu.

394 750 666 801 Dicendum
688 761 748 805 et,
770 764 879 811 quae
900 746 990 793 fint
1013 744 1140 791 duris
1164 745 1422 808 agrestibus
1444 762 1590 803 arma,

329 843 452 907 Qis
467 842 560 888 fine
573 857 658 888 nec
675 852 868 903 potuere
883 837 986 895 seri,
1006 852 1091 883 nec
1110 835 1309 901 surgere,
1327 836 1510 884 meffes:
1553 839 1639 885 161
1689 878 1694 881 ,

330 933 511 989 Vomis‚
534 944 578 978 et
602 930 761 978 inflexi
784 930 998 992 primum
1021 944 1165 991 grave
1189 929 1332 974 robur
1355 928 1512 984 aratri,

329 1027 582 1088 Tardaque
606 1022 840 1070 Eleusinae
866 1022 1030 1068 matris
1057 1021 1292 1067 volventia
1313 1021 1534 1084 plaustra,

329 1117 637 1178 Tribulaque,
659 1113 942 1177 traheaeque,
966 1126 1011 1161 et
1034 1113 1198 1176 iniquo
1220 1114 1428 1177 pondere
1449 1112 1579 1159 rastri
1594 1135 1609 1166 ;

373 1268 411 1298 15
418 1267 447 1298 7.
471 1257 595 1288 umbram
608 1255 731 1287 Medic.
742 1256 908 1286 Romanus
922 1265 994 1287 cum
1009 1254 1128 1286 multis.
1220 1254 1294 1293 158.
1313 1254 1380 1285 Heu
1385 1255 1500 1298 frqstra
1515 1264 1642 1295 magnum

329 1313 443 1345 alterius
458 1309 565 1341 laudat
583 1309 655 1338 Sen-
672 1307 711 1338 de
727 1307 837 1338 Benef.
855 1308 928 1344 VII,
943 1316 975 1346 5.
1019 1307 1180 1348 eispeffiabis
1203 1305 1319 1343 Medic,
1339 1305 1437 1337 Pierii
1462 1313 1492 1337 et
1520 1304 1644 1336 Bodlei.

422 1372 493 1404 159.
518 1360 714 1402 Cotti-ffzmque
738 1359 789 1391 cd.
809 1361 904 1397 Gen„
928 1358 1022 1389 male.
1049 1359 1113 1389 vid.
1141 1358 1198 1388 inf.
1227 1358 1282 1394 IV,
1302 1354 1363 1389 ⁷81.
1418 1358 1538 1401 Exctffz
1562 1365 1645 1388 unus

331 1414 444 1447 Mead.
535 1411 605 1443 160.
620 1414 694 1441 duris
710 1412 830 1452 qzzaefint
846 1410 910 1451 legi
927 1410 994 1441 vult
1008 1409 1222 1451 Cuningham.
1317 1408 1389 1440 161.
1407 1422 1456 1439 non
1467 1417 1499 1451 p.
1514 1408 1643 1440 Zulich.

341 1458 344 1459 ⁷
424 1465 495 1497 162.
518 1466 610 1494 Vomis
623 1463 673 1493 vel
689 1464 789 1493 Vomer
802 1462 958 1492 Rottend.
976 1461 1040 1492 vid.
1054 1461 1120 1502 sup.
1135 1471 1165 1490 V.
1181 1460 1233 1498 46.
1274 1462 1376 1492 Vomer
1388 1460 1487 1491 Goth.
1505 1471 1553 1501 pr.

333 1518 406 1557 163.
426 1517 568 1556 ‘Tardeque
583 1513 670 1545 Voss‘.
731 1515 871 1544 volventia
890 1515 987 1542 matris
998 1513 1124 1554 j>la1stra
1142 1511 1240 1542 Goth.
1257 1511 1315 1542 sec.
1334 1513 1457 1554 Eletfine
1472 1511 1543 1542 edd.
1561 1519 1642 1542 vett,

331 1577 362 1600 et
379 1569 455 1599 Ald.
474 1578 522 1609 pr.
567 1567 708 1608 Elezgſsnus
724 1565 854 1595 novavit
879 1566 973 1606 poeta
995 1575 1053 1605 pro
1074 1563 1199 1604 vulgari
1213 1563 1381 1596 Ἐλευσίνιος.
1472 1562 1543 1600 164.
1573 1563 1645 1593 ‘Tri-

330 1621 446 1661 bm'ct‘qlffl
461 1618 568 1650 laudat
586 1615 709 1647 Nonius
737 1615 922 1645 Marcellus.
967 1614 1020 1645 Est
1043 1614 1115 1644 sane
1140 1615 1241 1644 tribula
1266 1622 1297 1644 et
1321 1615 1451 1644 tribulum
1467 1625 1484 1644 a
1505 1614 1642 1658 φξίβαλος.

331 1673 372 1703 cf.
398 1671 482 1714 Atffl
507 1672 538 1699 de
567 1670 698 1709 Villog'fon
719 1669 761 1699 V.
787 1667 825 1697 C.
850 1667 890 1696 ad
906 1667 1058 1707 Longun‘i
1084 1676 1118 1707 p.
1146 1674 1218 1696 120.
1261 1666 1397 1706 trahaeque
1417 1666 1533 1697 Medic.
1550 1673 1581 1697 et
1604 1662 1647 1697 al)

329 1730 354 1754 et
371 1722 454 1753 abest
471 1732 488 1751 a
504 1718 591 1750 Voff.
609 1730 657 1761 pr.
702 1718 792 1760 mssau
816 1716 916 1746 Goth.
937 1727 985 1757 pr.
1032 1723 1139 1745 rutrum
1156 1723 1187 1746 et
1217 1716 1268 1746 hic
1292 1716 1358 1758 Jul.
1385 1716 1456 1747 Sab.
1480 1717 1645 1759 praescrip-

332 1783 403 1806 tum
418 1773 533 1810 habet3
556 1771 609 1802 sed
635 1769 699 1808 ille,
729 1780 766 1800 cx
790 1768 895 1799 Probo
919 1767 1068 1809 suspicor,
1099 1777 1194 1797 omne
1218 1767 1466 1804 instrumentum
1491 1768 1644 1817 rusticum2

333 1830 510 1858 enumerat.

1023 1929 1173 1967 Meffem
1193 1943 1337 1980 parcam
1366 1930 1442 1967 fore
1460 1930 1647 1968 ominatur

1023 1986 1133 2032 poeta
1177 1992 1314 2020 ornate.
1386 1982 1442 2018 Ex
1490 1982 1643 2020 Hefiod.

333 1936 530 1978 cationem,
559 1932 722 1970 sarculo:
753 1931 849 1980 quod
869 1931 905 1968 h.
933 1930 958 1968 l.

334 1992 487 2038 rastrum.
523 1986 632 2034 Qvtss
650 1986 679 2028 ὃ,
697 1982 794 2024 καθὸ,
812 1996 958 2032 quamo-

334 2039 452 2083 brem,
481 2051 564 2074 cum
592 2036 642 2072 ita
671 2048 722 2071 res
740 2035 772 2072 se
791 2034 959 2077 habeant,

336 2091 400 2128 nifi
419 2101 488 2127 etc.
542 2087 739 2138 instchbere
764 2099 828 2136 pro
846 2084 960 2121 insec-

334 2152 429 2179 tatus
445 2139 575 2185 fueris3
596 2148 635 2175 ut
649 2148 683 2175 et
698 2137 848 2187 reliqua.
890 2136 960 2173 Sed

336 2194 386 2231 ita
430 2193 544 2230 solent
586 2195 717 2241 poetae.
761 2203 797 2225 v.
836 2188 959 2225 Burm.

340 2258 424 2296 157.
443 2244 582 2295 frondes
607 2242 762 2278 arborum
797 2240 959 2276 umbram

336 2295 550 2334 facientium
569 2292 799 2342 amputandas
816 2292 881 2328 effe
904 2291 960 2327 di-

335 2348 414 2385 cit:
443 2346 544 2397 falce
572 2351 732 2393 premitur
770 2342 823 2386 id,
865 2343 962 2391 quod

335 2400 486 2436 secatur.
543 2395 625 2432 Nifi
657 2408 738 2432 eum
767 2393 960 2431 Mitscher-

335 2449 452 2489 lichio
487 2447 650 2495 accipere
681 2445 784 2483 malis
816 2457 963 2495 premere

335 2501 470 2539 umbras
499 2498 748 2548 comprimere,
781 2501 962 2534 coercere.

343 2554 478 2590 Verum
495 2561 530 2588 et
550 2550 682 2586 Horat.
700 2549 730 2586 I.
752 2549 876 2585 Carm.
898 2562 961 2596 31,

337 2620 361 2656 9
378 2614 529 2651 premant
549 2600 959 2651 Calenafalce—vitem.

339 2653 393 2694 ra]-
410 2667 540 2706 opacum
555 2652 590 2689 h.
607 2652 797 2689 arboribus
808 2651 962 2687 consitus

338 2722 437 2759 ager,
473 2706 633 2754 adeoque
663 2717 728 2754 pro
761 2702 960 2740 arboribus.

337 2764 483 2811 verisque
500 2762 678 2793 vocaveris
695 2754 830 2791 imbrem
843 2767 855 2789 .·
883 2752 904 2790 s
902 2766 960 2790 ua-

338 2804 444 2854 viter,
491 2808 555 2844 nisi
593 2807 686 2843 votis
733 2804 957 2842 obtinueris:

337 2875 402 2913 pro
433 2857 603 2909 vulgari:
649 2857 713 2894 nisi
749 2856 961 2906 tempestivae

336 2913 468 2965 pluviae
483 2909 694 2960 obtigerint.
765 2911 850 2959 158.
876 2919 958 2959 159.

1016 2036 1114 2082 ”Εξγ.
1152 2046 1237 2083 394.
1278 2045 1350 2084 395
1379 2037 1419 2071 ihs
1455 2051 1503 2070 τοι
1535 2038 1644 2076 ’ἔκαε-σι

1015 2087 1107 2135 ''fig-1³
1124 2087 1279 2130 ἀέξηταιν
1299 2087 1345 2131 μή
1365 2103 1432 2123 πως
1447 2088 1493 2122 ταὶ
1510 2088 1645 2133 μεταξὺ

1024 2137 1177 2187 χατίζων
1190 2140 1542 2188 Πτώσ-σῃςάλλοτξίες
1558 2139 1645 2178 osnes

1024 2189 1083 2228 καὶ
1099 2189 1195 2235 μηδὲν
1213 2191 1367 2241 ἀνύσσῃς.

1080 2242 1293 2280 160-166.
1348 2239 1406 2278 De
1432 2244 1646 2291 itfimtmentis

1024 2292 1141 2343 operis
1174 2291 1297 2329 rustici
1331 2292 1428 2342 agit:
1485 2293 1644 2343 primum

1024 2360 1141 2380 vomer
1156 2343 1183 2382 s.
1210 2349 1330 2388 vomis,
1356 2354 1391 2380 et
1409 2356 1563 2382 aratrum
1593 2361 1643 2382 ro-

1025 2395 1066 2432 bu
1096 2411 1176 2441 κως
1221 2405 1298 2432 tum
1340 2393 1493 2445 plaustra
1529 2396 1647 2434 bobus

1022 2448 1166 2496 junsta3
1212 2448 1308 2484 unde
1359 2447 1536 2485 «volventia
1595 2448 1644 2492 se,

1024 2500 1141 2542 tarda,
1170 2511 1235 2549 pro
1253 2497 1412 2541 tardum,
1440 2500 1539 2535 tarde
1565 2513 1646 2549 quae

1026 2551 1231 2594 volvuntur,
1258 2550 1370 2586 tradia
1399 2562 1420 2585 a
1449 2549 1580 2595 bubus,
1607 2561 1644 2589 et

1025 2611 1180 2651 aguntur
1199 2601 1299 2639 tarde
1310 2615 1321 2644 ;
1348 2600 1440 2638 forte
1458 2601 1546 2639 rotis
1562 2615 1644 2651 par-

1024 2653 1078 2689 vis
1102 2652 1216 2702 iisque
1245 2652 1384 2695 solidis,
1411 2651 1482 2690 fine
1509 2653 1642 2690 radiis:

1026 2714 1194 2754 tympana
1228 2704 1429 2753 appellant:
1470 2704 1522 2742 cf.
1558 2704 1644 2741 Pro-

1024 2755 1112 2792 bus:
1157 2754 1360 2804 cujusmodi
1397 2764 1484 2792 rotae
1515 2755 1644 2793 etiam-

1024 2820 1110 2844 num
1135 2808 1255 2856 pfiffim
1275 2805 1452 2856 visuntur,
1478 2806 1586 2843 etiam
1605 2808 1645 2845 in

1025 2857 1261 2895 Lombardia.
1354 2858 1472 2894 Cereri
1532 2858 1644 2904 sacra,

1024 2909 1156 2961 quippe
1188 2922 1207 2947 a
1239 2921 1310 2960 qua
1343 2907 1493 2946 omnino
1527 2911 1648 2999 opieriq

1314 3000 1316 3003 ,
1382 2973 1404 3011 5
1525 2973 1566 2999 ru
1597 2973 1647 3000 iel
