1821 3381
361 304 448 353 160
535 304 582 350 P.
646 297 1025 348 VIRGILII
1096 293 1489 342 MARONIS

368 439 497 486 Nam
518 450 668 498 neque
691 433 844 479 adhuc
868 430 1011 476 Vario
1032 427 1207 484 videor,
1241 442 1326 473 nec
1345 426 1500 473 dicere
1521 425 1677 474 Cinna

371 532 545 595 Digna,
577 527 655 574 sed
677 536 865 588 argutos
888 523 1008 568 inter
1025 521 1226 584 strepere
1249 520 1381 568 anser
1403 520 1575 566 olores.
1613 516 1678 580 36

935 627 1139 660 MOERIS.

377 714 434 762 Id
468 710 662 775 quidem
695 724 802 772 ago,
841 718 888 752 et
916 706 1103 760 tacitus,
1138 702 1336 765 Lycida,
1373 717 1564 748 mecum
1589 697 1687 766 ipse

509 801 688 856 voluto,

379 901 429 948 Si
450 898 633 945 valeam
657 888 950 939 meminiffe?
981 903 1129 951 neque
1152 887 1217 934 est
1238 887 1450 951 ignobile
1473 884 1702 936 carmen(

427 1067 481 1097 35.
509 1057 598 1087 Vario
613 1053 777 1086 manifeste
801 1051 880 1093 legit
907 1050 995 1080 Serv.
1022 1056 1053 1080 et
1077 1047 1183 1079 Schol.
1201 1048 1321 1080 Horat.
1340 1049 1462 1092 Cruqu.
1478 1049 1517 1081 ad
1534 1050 1597 1081 od.
1617 1052 1644 1090 1,
1659 1049 1693 1090 6,

383 1109 439 1150 qui
453 1107 603 1147 Thyestae
625 1103 789 1147 tragoediae
810 1102 986 1136 auctorem,
1008 1099 1208 1141 eundemque
1233 1099 1376 1130 nobilem
1401 1100 1528 1142 epicum
1554 1103 1695 1143 poetam,

385 1159 558 1200 intelligit3
580 1157 677 1188 sedin
694 1155 816 1197 scriptis
832 1152 1010 1184 constanter
1023 1153 1113 1182 Varo.
1161 1152 1195 1180 In
1212 1151 1284 1183 edd.
1307 1153 1397 1181 Vario
1411 1151 1584 1193 repositum
1599 1153 1642 1184 est
1659 1153 1697 1184 ab

387 1210 526 1252 Egnatio
543 1217 574 1240 ct
591 1208 753 1249 Naugerio
769 1217 776 1237 ε
801 1205 886 1247 quod
902 1204 1019 1234 iterum
1036 1201 1172 1234 deseruit
1189 1201 1318 1233 Paullus
1337 1203 1506 1234 Manutius
1528 1214 1601 1234 cum
1626 1204 1698 1235 edd.

386 1262 472 1302 sequ.
508 1262 589 1302 Qae
606 1257 838 1299 ambiguitasin
849 1256 897 1286 his
907 1255 1089 1285 nominibus
1102 1253 1149 1292 fit,
1159 1261 1235 1284 nota
1247 1264 1295 1284 res
1305 1253 1363 1285 est:
1382 1265 1412 1284 v.
1427 1256 1502 1285 Exc.
1516 1255 1555 1285 ad
1567 1254 1700 1285 Ecl.V1.

388 1314 514 1343 Varum
537 1312 620 1342 inter
644 1310 729 1340 viros
756 1308 913 1351 principes
937 1315 969 1337 et
998 1306 1112 1336 militia
1139 1305 1239 1335 claros
1266 1305 1352 1336 istius
1372 1305 1473 1336 aetatis
1500 1305 1600 1344 fuisse,
1628 1306 1701 1337 satis

390 1364 528 1401 constat;
552 1373 592 1393 an
613 1362 698 1392 idem
724 1362 818 1402 po'c'ta
839 1357 947 1395 fucrit,
962 1368 1026 1387 nou
1048 1356 1105 1387 nisi
1128 1367 1166 1387 ex
1190 1356 1250 1386 hoc
1271 1355 1342 1386 loco
1366 1357 1491 1387 statuas.
1533 1358 1582 1387 De
1608 1359 1704 1399 poeta

390 1417 477 1448 enim
492 1415 699 1455 cogitandum
715 1411 786 1449 esse,
808 1411 900 1441 docet
922 1409 1116 1440 memoratio
1135 1408 1261 1439 Cinnae.
1307 1409 1429 1449 ltaque,
1455 1420 1527 1440 cum
1550 1417 1704 1451 perpetua

390 1469 428 1501 fit
443 1468 560 1498 horum
577 1466 745 1496 nominum
761 1462 912 1500 confusio,
935 1471 1070 1502 cumque
1085 1467 1210 1491 veteres
1226 1460 1437 1491 Grammatici
1464 1463 1584 1491 Varium
1605 1461 1655 1492 hic
1672 1462 1705 1493 in

392 1519 482 1552 libris
498 1518 645 1560 legerint,
661 1515 728 1557 post
745 1516 869 1545 Varum
886 1524 918 1543 v.
938 1512 977 1545 26
995 1512 1087 1543 illum
1110 1511 1247 1542 alterurn
1263 1511 1295 1541 in
1312 1510 1418 1541 locum
1434 1511 1524 1542 suum
1543 1512 1708 1543 retrahen-

392 1572 471 1603 dum
486 1568 546 1600 effe
561 1566 763 1598 manifestum
780 1564 828 1595 fit.
877 1565 976 1605 Cigna‚
1006 1564 1111 1604 Cygm,
1143 1563 1218 1604 Cym
1241 1561 1276 1592 in
1302 1561 1391 1592 libris
1414 1562 1585 1593 nonnullis.
1629 1575 1709 1604 neque

391 1626 475 1654 dicere
491 1624 608 1652 Moret-

394 1677 485 1705 voluto
502 1672 631 1704 Zulich.
673 1678 698 1701 et
724 1670 808 1700 abest
833 1680 851 1699 a
878 1668 977 1698 Goth.
995 1668 1056 1698 sec.

396 1739 459 1757 nam
487 1724 571 1756 deest
594 1723 710 1766 fragm.
727 1721 853 1752 Morcti
869 1728 901 1751 et
918 1720 1018 1751 Goth.
1033 1720 1092 1751 sec.

1146 1666 1202 1706 38.
1225 1666 1312 1697 idem
1329 1668 1393 1710 Qi
1408 1668 1516 1696 valeam
1529 1678 1712 1711 m.——-—·39.

697 1618 750 1659 36.
774 1616 953 1660 infer-strepet
970 1617 1164 1653 Ven.——-3
1172 1624 1199 1653 7.
1224 1615 1299 1656 Jam
1309 1617 1418 1656 pridem
1433 1628 1625 1656 ago—mecum
1650 1618 1710 1658 ipsa
1756 1645 1761 1648 ,

399 1873 493 1910 inter
509 1870 632 1907 Celtas
660 1867 797 1905 Vatum
828 1865 886 1903 seu
907 1865 1026 1902 Euba-

400 1933 494 1967 turn,
523 1922 729 1972 Euhagum,
757 1918 864 1962 ordO,
893 1917 1027 1954 Bardos

401 1976 512 2013 etiam
565 1972 743 2024 dignitate
801 1970 1027 2007 antecellens.

402 2026 503 2065 conf.
546 2025 663 2062 Strab.
703 2023 776 2067 IV,
822 2035 904 2072 pag.
937 2035 1024 2069 302.

405 2077 594 2115 Ammian.
627 2075 707 2114 XV
737 2074 766 2112 f.
831 2072 1026 2110 Enimvero

405 2129 571 2168 concidit
605 2126 722 2165 omnis
762 2125 838 2162 haec
886 2123 1027 2161 subtili-

405 2193 473 2224 tas,
525 2180 549 2216 fi
605 2176 824 2221 memineris,
871 2174 1029 2225 Virgili-

406 2247 467 2272 um
510 2231 621 2268 latine
668 2229 859 2267 reddidisse
906 2228 1029 2264 Theo-

407 2284 534 2326 critea,
572 2283 611 2319 in
655 2281 783 2332 quibus
826 2279 927 2318 ἀοιδὸς
969 2279 1031 2323 est,

408 2349 476 2375 nec
518 2334 701 2372 diversum
746 2333 811 2368 effe
853 2341 970 2370 vatem
1012 2344 1033 2367 a

407 2392 531 2441 po‘eta.

465 2453 526 2490 35.
572 2437 693 2473 Varius
723 2434 859 2472 nobilis
886 2432 1036 2484 Thyqstae

411 2493 535 2528 auctor
551 2504 586 2526 v.
607 2487 652 2524 ad
672 2486 808 2524 Donati
824 2486 905 2524 Vit.
922 2486 1032 2537 Virg.

412 2543 445 2588 ᾷ.
470 2555 528 2593 53,
585 2540 700 2575 Cinna
719 2539 906 2587 Smyrnam
924 2537 1034 2588 scrip-

411 2589 518 2637 serat,
536 2604 694 2633 carmen,
713 2591 810 2640 quod
830 2590 954 2626 decem
973 2603 1034 2625 an-

414 2646 471 2683 nis
497 2644 720 2684 elimaverat,
749 2655 785 2678 V.
815 2641 952 2677 Catull.
976 2643 1036 2690 89.

413 2697 466 2735 cf.
485 2695 651 2734 Martial.
672 2692 728 2737 X,
749 2706 810 2730 21.
831 2693 963 2729 Ruaeus
977 2706 1038 2742 pa-

415 2761 494 2786 rum
512 2745 641 2785 validis
658 2743 856 2781 rationibus
875 2744 921 2780 ad
941 2744 1032 2781 Cor-

415 2800 551 2837 nelium
570 2797 727 2834 Cinnam
744 2808 913 2847 magnum
933 2795 1039 2832 Pom-

414 2851 492 2904 peii
526 2862 572 2888 ex
605 2848 680 2886 filia
715 2857 881 2898 nepotem
915 2847 1038 2885 refert.

1093 1863 1225 1902 Poeras
1254 1865 1320 1901 effe
1349 1864 1408 1901 hic
1446 1864 1714 1915 intelligendos,

1090 1916 1207 1953 versus
1252 1916 1397 1966 sequens
1442 1917 1583 1967 arguit:
1630 1924 1717 1954 inter

1089 1968 1198 2005 olores.
1268 1968 1329 2016 36.
1373 1969 1530 2018 Anserem
1558 1968 1715 2018 aliquem

1090 2020 1165 2069 ejus
1191 2019 1361 2068 temporis
1389 2024 1551 2070 poetam,
1578 2020 1624 2056 de
1643 2032 1716 2070 quo

1093 2069 1209 2108 Ovid.
1266 2070 1376 2108 Trist.
1412 2071 1467 2116 II,
1508 2085 1597 2122 435.
1632 2070 1717 2108 Pro-

1093 2132 1185 2174 pert.
1205 2122 1259 2167 II,
1280 2135 1343 2172 34,
1364 2126 1425 2172 84.
1444 2122 1497 2167 Π,
1518 2136 1580 2173 25,
1601 2127 1666 2170 83,
1682 2131 1720 2160 et

1097 2174 1143 2211 ad
1177 2187 1284 2224 quem
1312 2173 1400 2212 Cic.
1431 2173 1525 2211 Phil.
1560 2173 1675 2219 XIII,
1696 2187 1716 2226 ς

1097 2225 1271 2276 respicere
1301 2234 1462 2276 putatur,
1512 2225 1574 2262 hic
1608 2225 1720 2263 tacite

1098 2276 1272 2322 vellicari,
1304 2279 1411 2314 docet
1442 2277 1597 2315 Servius.
1649 2277 1720 2314 Sed

1101 2329 1258 2366 anserem
1288 2342 1333 2366 ex
1368 2329 1532 2379 oppofito
1578 2327 1720 2366 olorum

1100 2391 1224 2430 natum
1253 2381 1319 2418 effe
1353 2390 1390 2418 et
1419 2380 1611 2431 expreffiffe
1641 2381 1721 2418 nos.

1100 2442 1196 2470 trum
1215 2432 1451 2476 Theocritea‚
1477 2431 1666 2482 probabile
1682 2432 1723 2469 fit

1100 2484 1211 2535 Idyll.
1248 2483 1340 2529 VII,
1392 2496 1440 2534 47
1484 2483 1586 2521 Odio
1630 2482 1723 2520 mihi

1101 2536 1182 2573 sunt
1215 2534 1402 2573 Musarum
1436 2535 1552 2577 alites,
1595 2539 1725 2572 Μοισᾶν

1101 2589 1226 2638 ῧξνιχες
1250 2590 1309 2638 (ut
1337 2600 1394 2636 ap.
1417 2586 1551 2624 Horat.
1582 2587 1729 2624 Maeonii

1102 2646 1257 2678 carmini,-
1270 2638 1351 2676 aliti
1374 2637 1530 2687 Vario),
1557 2637 1725 2688 quicum

1105 2692 1270 2728 Homero
1288 2689 1525 2735 contendunt,
1544 2692 1626 2734 ὅσοι,
1644 2691 1726 2728 ‹no-ft

1103 2748 1189 2787 Χῖον,
1219 2742 1319 2780 ἀοιδὸν
1348 2741 1468 2778 Ἀντία
1511 2742 1726 2792 κοκκύζοντες,

1101 2799 1224 2834 ἐτώσια
1242 2793 1446 2845 μοχθίζεσι.
1498 2800 1617 2846 arguti
1646 2793 1726 2831 sunt

1102 2859 1240 2884 canori.

1582 2906 1643 2945 39.
1672 2893 1730 2932 Ex

1811 2794 1821 3185 ⁴
