1821 3381
351 341 447 387 204
696 320 1334 378 PROOEMIUM

346 477 426 507 ma
457 475 549 506 non
587 458 838 511 convenit;
887 456 1067 503 diversa
1099 459 1338 523 utriusque
1368 473 1544 521 natura,
1584 466 1667 514 di..

349 543 501 590 versus
525 542 708 605 genius,
729 539 965 587 diversum
989 540 1251 589 con-filium.
1309 544 1542 594 Hesiodus
1565 565 1664 597 non

347 624 600 688 Georgica,
635 625 681 670 h.
708 640 748 670 e.
775 623 833 669 de
857 639 904 670 re
929 623 1113 681 rustica,
1150 624 1329 689 scripsit
1352 640 1432 674 aut
1457 629 1660 679 scribere

344 707 510 764 voluit,
562 705 639 752 sed
680 704 824 751 totius
878 705 990 750 vitae
1029 705 1316 766 domesticae,
1365 711 1517 772 qualis
1557 722 1661 760 tum

345 801 458 845 erat,
509 787 776 851 conjunastae
814 786 993 833 scilicet
1028 787 1153 834 illius
1193 789 1266 835 vel
1301 792 1508 838 maxime
1542 809 1661 841 curn

343 870 695 934 agricolatione,
741 869 942 915 rationes
978 869 1177 925 tradere,
1208 871 1478 932 prudentiae
1511 875 1664 922 etiam
1702 898 1707 901 ’

342 965 388 1000 et
431 969 619 999 morum
657 963 896 1014 praecepta
937 959 1215 1013 proponere.
1309 952 1452 1017 Qod
1495 968 1659 1004 autem

344 1035 590 1082 Ascraeum
624 1047 813 1078 carmen
848 1032 1055 1094 appellat
1089 1032 1223 1079 suurn
1258 1049 1375 1096 opus
1411 1035 1660 1101 Virgilius,

343 1116 392 1163 id
417 1131 472 1160 eo
494 1113 716 1178 pertinet,
754 1111 880 1174 quod
905 1113 954 1157 in
978 1110 1118 1159 simili
1138 1112 1230 1159 fere
1245 1130 1417 1176 genere
1433 1116 1660 1175 versatur,

340 1215 434 1247 non
465 1195 596 1260 quod
624 1211 681 1243 ex
710 1194 947 1241 Hesiodeo
980 1194 1185 1256 petitum
1205 1207 1284 1241 aut
1318 1195 1657 1259 transcriptum
1692 1250 1693 1254 Ἰ

342 1294 421 1330 aut
445 1281 503 1327 ad
521 1279 618 1344 ejus
645 1277 848 1325 formam
873 1276 936 1323 est
961 1277 1295 1339 compositum.
1366 1276 1521 1324 Potest
1544 1278 1654 1341 qui-

340 1363 454 1411 dem
487 1359 656 1423 aliquis
693 1359 740 1404 in
775 1374 879 1404 eam
913 1357 1190 1420 opinionem
1215 1357 1404 1414 adduci,
1438 1370 1580 1421 atque
1603 1359 1656 1405 in

339 1461 445 1492 eam
469 1443 564 1506 jam
589 1442 712 1489 Dan.
750 1439 1004 1487 Heinfium
1025 1439 1204 1485 Introd.
1237 1439 1296 1485 ad
1328 1439 1524 1485 Hesiod.
1550 1457 1593 1488 c.
1619 1462 1652 1503 4

339 1525 510 1573 veniffe
544 1522 681 1569 video
703 1525 744 1579 ἦ,
778 1533 830 1568 ut
863 1533 942 1567 aut
977 1521 1219 1583 quoddam
1254 1522 1396 1579 aliud,
1430 1535 1509 1568 aut
1544 1524 1655 1581 hoc,

337 1607 468 1674 quod
497 1606 740 1661 habemus,
786 1603 985 1652 Hesiodi
1021 1620 1137 1666 opus
1173 1605 1292 1651 olim
1328 1606 1482 1656 multo
1515 1607 1650 1657 locu-

336 1690 508 1755 pletius
533 1701 578 1735 et
608 1687 793 1751 plenius
825 1686 1024 1738 extitiffe
1055 1687 1305 1735 existimet.
1374 1688 1497 1753 Qis
1519 1689 1653 1737 enim.

337 1775 386 1821 in
420 1771 503 1818 tali
538 1770 803 1834 argumenti
827 1768 1114 1824 transtatione,
1148 1769 1341 1830 qualem
1362 1786 1487 1819 nunc
1520 1771 1566 1817 in
1591 1788 1653 1817 eo⁴

335 1853 568 1910 videmuS,
602 1868 695 1898 non
728 1851 926 1897 miretur
960 1849 1209 1906 Catonem,
1242 1850 1322 1913 qui
1352 1850 1477 1912 apud
1507 1850 1646 1897 Cice-

336 1954 503 1987 ronem
533 1938 598 1984 ita
625 1935 831 1999 disputat
854 1934 898 1992 †‚
931 1944 981 1978 ut
1006 1934 1055 1978 de
1058 1934 1322 1994 stercorandi
1341 1934 1530 1978 utilitate
1550 1934 1646 1979 doc-

336 2033 421 2069 tam
448 2020 664 2079 Hestodnm
688 2035 737 2064 ne
765 2019 935 2066 verbum
966 2017 1124 2079 quidem
1147 2015 1312 2083 feciffi2,
1347 2026 1519 2073 moneat,
1554 2033 1643 2063 cum

333 2108 385 2155 de
420 2107 585 2152 callum
618 2105 715 2165 agri
730 2103 980 2163 scriberet?
1024 2100 1157 2163 Qid
1191 2112 1349 2145 autem
1382 2098 1643 2144 Manilium

332 2190 583 2251 sequutum
606 2186 692 2232 effe
714 2183 1002 2247 putabimu3‚
1035 2181 1131 2244 qui,
1166 2182 1282 2228 dum
1304 2179 1502 2233 Hesiodi
1525 2195 1641 2241 ope-

332 2289 381 2321 ra
404 2282 600 2327 enarrat,
635 2270 898 2337 innetlasn,
932 2266 1102 2333 inquit,
1137 2266 1251 2311 ruris
1287 2265 1424 2311 cultus
1457 2263 1641 2325 legesque

382 2407 407 2427 ‘¹¹'
433 2406 512 2456 Jos.v
528 2404 702 2454 Scaliger,
721 2402 782 2452 qui
803 2401 847 2438 ad
867 2401 951 2437 Ma-
1016 2400 1154 2437 Tzetza
1184 2413 1336 2450 prooem.
1362 2399 1407 2436 ad
1427 2396 1640 2434 Hefiodum.

331 2460 415 2498 ri-ilii
449 2460 569 2496 locum
608 2457 699 2493 hanc
742 2452 951 2491 sententiam
1014 2451 1116 2488 Idem
1154 2452 1293 2489 Tzetza
1332 2449 1472 2500 Orphei
1504 2449 1638 2485 librum

332 2510 583 2562 improbabat,
638 2507 688 2543 ita
738 2515 856 2541 tamen
913 2503 954 2540 in
1017 2503 1285 2553 Georgicorum
1305 2502 1447 2544 laudat3
1483 2499 1541 2536 sed
1560 2512 1639 2535 ver-

331 2562 449 2600 verbis
505 2559 655 2597 Manilii
699 2556 868 2599 haerebat,
916 2565 955 2590 ut
1018 2555 1073 2590 sus
1094 2567 1136 2591 ex
1165 2554 1208 2590 iis
1232 2553 1405 2591 excitatos
1423 2553 1458 2588 in
1479 2550 1638 2587 Maximi

331 2629 413 2653 cum
449 2613 540 2651 forte
576 2608 715 2661 Orphei
745 2610 853 2657 Ἔργα
898 2606 957 2643 καὶ
1020 2605 1227 2656 Philosophi
1243 2606 1288 2642 de
1304 2602 1549 2641 Eleffionibus
1563 2614 1640 2639 car-

329 2669 476 2715 Ἦμέξας
535 2661 697 2699 Hesiodo
755 2657 952 2696 attribuiffe
1016 2657 1111 2694 mine
1130 2656 1242 2706 (quod
1257 2655 1444 2692 Fabricius
1460 2653 1636 2690 Biblioth.

331 2718 560 2767 conjeftaret,
586 2713 687 2762 cujus
721 2710 802 2747 sane
835 2708 952 2759 operis
1016 2709 1086 2745 Gr.
1104 2707 1191 2744 Vol.
1205 2707 1318 2750 VIII,
1334 2721 1369 2755 p.
1384 2719 1456 2756 415
1473 2704 1635 2751 inseruit)

332 2769 479 2808 initium
506 2779 589 2803 cum
614 2761 829 2800 Manilianis
849 2759 952 2797 versi·
1017 2758 1173 2796 inveniri·
1200 2758 1293 2796 vidit
1315 2757 1520 2811 Wesseling.
1551 2755 1636 2793 Pro-

331 2823 397 2859 bus
414 2817 549 2869 aliquid
569 2815 800 2864 conjunfflum
826 2811 955 2848 habere
1015 2810 1126 2849 babil.
1144 2823 1222 2860 cap.
1246 2822 1304 2860 17.

328 2873 485 2911 videtur.
538 2869 724 2907 Servatum
745 2864 838 2903 illud
861 2863 907 2901 est
934 2876 957 2901 a
1070 2862 1093 2901 ’ὶ-
1122 2860 1180 2901 De
1197 2861 1338 2901 Senest..
1351 2873 1432 2911 cap.
1456 2872 1469 2896 1
1478 2872 1515 2911 ς.

1491 2936 1640 2983 novali
