<?xml version="1.0" encoding="UTF-8"?>
<!DOCTYPE html PUBLIC "-//W3C//DTD XHTML 1.0 Transitional//EN"
    "http://www.w3.org/TR/xhtml1/DTD/xhtml1-transitional.dtd">
<html xmlns="http://www.w3.org/1999/xhtml" xml:lang="en" lang="en">
 <head>
  <title>
</title>
<meta http-equiv="Content-Type" content="text/html;charset=utf-8" />
  <meta name='ocr-system' content='tesseract 3.04.00' />
  <meta name='ocr-capabilities' content='ocr_page ocr_carea ocr_par ocr_line ocrx_word'/>
</head>
<body>
  <div class='ocr_page' id='page_1' title='image "./operavarietatele01virguoft_0597.png"; bbox 0 0 1821 3381; ppageno 0'>
   <div class='ocr_carea' id='block_1_1' title="bbox 345 362 1435 443">
    <p class='ocr_par' dir='ltr' id='par_1_1' title="bbox 345 362 1435 443">
     <span class='ocr_line' id='line_1_1' title="bbox 345 362 1435 443; baseline 0.001 -15"><span class='ocrx_word' id='word_1_1' title='bbox 345 362 878 436; x_wconf 49' lang='lat' dir='ltr'>’&#39;chRGmON,</span> <span class='ocrx_word' id='word_1_2' title='bbox 931 375 1088 427; x_wconf 66' lang='grc' dir='ltr'><strong>ΜΒ.</strong></span> <span class='ocrx_word' id='word_1_3' title='bbox 1147 362 1227 427; x_wconf 66' lang='grc' dir='ltr'><strong>ΠΣ</strong></span> <span class='ocrx_word' id='word_1_4' title='bbox 1345 394 1435 443; x_wconf 77' lang='lat'><strong>323</strong></span> 
     </span>
    </p>
   </div>
   <div class='ocr_carea' id='block_1_2' title="bbox 126 491 1438 1122">
    <p class='ocr_par' dir='ltr' id='par_1_2' title="bbox 126 491 1438 1122">
     <span class='ocr_line' id='line_1_2' title="bbox 128 491 1183 576; baseline 0.003 -18"><span class='ocrx_word' id='word_1_5' title='bbox 128 491 351 569; x_wconf 56' lang='lat' dir='ltr'><strong>Viffima,</strong></span> <span class='ocrx_word' id='word_1_6' title='bbox 375 511 497 576; x_wconf 85' lang='lat' dir='ltr'><strong>saepe</strong></span> <span class='ocrx_word' id='word_1_7' title='bbox 521 524 604 559; x_wconf 92' lang='lat' dir='ltr'><strong>tuo</strong></span> <span class='ocrx_word' id='word_1_8' title='bbox 626 513 798 576; x_wconf 79' lang='lat' dir='ltr'><strong>perfusi</strong></span> <span class='ocrx_word' id='word_1_9' title='bbox 821 514 1016 561; x_wconf 87' lang='lat' dir='ltr'><strong>flumine</strong></span> <span class='ocrx_word' id='word_1_10' title='bbox 1038 513 1183 571; x_wconf 85' lang='lat' dir='ltr'><strong>sacro,</strong></span> 
     </span>
     <span class='ocr_line' id='line_1_3' title="bbox 129 593 1327 667; baseline 0 -18"><span class='ocrx_word' id='word_1_11' title='bbox 129 593 368 650; x_wconf 78' lang='lat' dir='ltr'><strong>Romanos</strong></span> <span class='ocrx_word' id='word_1_12' title='bbox 392 603 448 649; x_wconf 85' lang='lat' dir='ltr'><strong>ad</strong></span> <span class='ocrx_word' id='word_1_13' title='bbox 479 603 654 666; x_wconf 83' lang='lat' dir='ltr'><strong>templa</strong></span> <span class='ocrx_word' id='word_1_14' title='bbox 681 602 824 650; x_wconf 88' lang='lat' dir='ltr'><strong>deum</strong></span> <span class='ocrx_word' id='word_1_15' title='bbox 848 603 1022 650; x_wconf 83' lang='lat' dir='ltr'><strong>duxere</strong></span> <span class='ocrx_word' id='word_1_16' title='bbox 1045 604 1327 667; x_wconf 87' lang='lat' dir='ltr'><strong>triumphos.</strong></span> 
     </span>
     <span class='ocr_line' id='line_1_4' title="bbox 128 678 1420 756; baseline 0.001 -16"><span class='ocrx_word' id='word_1_17' title='bbox 128 678 229 741; x_wconf 79' lang='lat' dir='ltr'><strong>Hic</strong></span> <span class='ocrx_word' id='word_1_18' title='bbox 254 710 337 740; x_wconf 86' lang='lat' dir='ltr'><strong>ver</strong></span> <span class='ocrx_word' id='word_1_19' title='bbox 357 693 619 750; x_wconf 79' lang='lat' dir='ltr'><strong>adsiduum,</strong></span> <span class='ocrx_word' id='word_1_20' title='bbox 643 705 783 756; x_wconf 83' lang='lat' dir='ltr'><strong>atque</strong></span> <span class='ocrx_word' id='word_1_21' title='bbox 807 694 970 740; x_wconf 82' lang='lat' dir='ltr'><strong>alienis</strong></span> <span class='ocrx_word' id='word_1_22' title='bbox 994 692 1233 741; x_wconf 85' lang='lat' dir='ltr'><strong>mensibus</strong></span> <span class='ocrx_word' id='word_1_23' title='bbox 1256 695 1385 741; x_wconf 84' lang='lat' dir='ltr'>aestas</span> <span class='ocrx_word' id='word_1_24' title='bbox 1404 718 1420 749; x_wconf 81' lang='lat'>;</span> 
     </span>
     <span class='ocr_line' id='line_1_5' title="bbox 127 765 1438 846; baseline 0.002 -18"><span class='ocrx_word' id='word_1_25' title='bbox 127 765 206 828; x_wconf 80' lang='lat' dir='ltr'><strong>Bis</strong></span> <span class='ocrx_word' id='word_1_26' title='bbox 230 783 442 846; x_wconf 83' lang='lat' dir='ltr'><strong>gravidae</strong></span> <span class='ocrx_word' id='word_1_27' title='bbox 465 784 686 846; x_wconf 84' lang='lat' dir='ltr'><strong>pecudes,</strong></span> <span class='ocrx_word' id='word_1_28' title='bbox 715 784 786 830; x_wconf 89' lang='lat' dir='ltr'><strong>bis</strong></span> <span class='ocrx_word' id='word_1_29' title='bbox 808 784 966 846; x_wconf 87' lang='lat' dir='ltr'><strong>pomis</strong></span> <span class='ocrx_word' id='word_1_30' title='bbox 988 784 1119 830; x_wconf 90' lang='lat' dir='ltr'><strong>utilis</strong></span> <span class='ocrx_word' id='word_1_31' title='bbox 1143 784 1296 831; x_wconf 87' lang='lat' dir='ltr'><strong>arbor.</strong></span> <span class='ocrx_word' id='word_1_32' title='bbox 1346 798 1438 846; x_wconf 82' lang='lat'><strong>150</strong></span> 
     </span>
     <span class='ocr_line' id='line_1_6' title="bbox 127 872 1203 938; baseline 0.005 -20"><span class='ocrx_word' id='word_1_33' title='bbox 127 872 196 918; x_wconf 84' lang='lat' dir='ltr'><strong>At</strong></span> <span class='ocrx_word' id='word_1_34' title='bbox 217 873 393 920; x_wconf 81' lang='lat' dir='ltr'><strong>rabidae</strong></span> <span class='ocrx_word' id='word_1_35' title='bbox 420 874 562 938; x_wconf 82' lang='lat' dir='ltr'><strong>tigres</strong></span> <span class='ocrx_word' id='word_1_36' title='bbox 586 875 769 933; x_wconf 86' lang='lat' dir='ltr'><strong>absunt,</strong></span> <span class='ocrx_word' id='word_1_37' title='bbox 801 888 846 923; x_wconf 85' lang='lat' dir='ltr'><strong>et</strong></span> <span class='ocrx_word' id='word_1_38' title='bbox 866 876 988 922; x_wconf 84' lang='lat' dir='ltr'>saeva</span> <span class='ocrx_word' id='word_1_39' title='bbox 1010 877 1203 924; x_wconf 89' lang='lat' dir='ltr'><strong>leonum</strong></span> 
     </span>
     <span class='ocr_line' id='line_1_7' title="bbox 126 956 1327 1030; baseline 0.004 -21"><span class='ocrx_word' id='word_1_40' title='bbox 126 956 346 1019; x_wconf 76' lang='lat' dir='ltr'><strong>Semina3</strong></span> <span class='ocrx_word' id='word_1_41' title='bbox 375 981 459 1012; x_wconf 86' lang='lat' dir='ltr'><strong>nec</strong></span> <span class='ocrx_word' id='word_1_42' title='bbox 485 965 677 1013; x_wconf 86' lang='lat' dir='ltr'><strong>miseros</strong></span> <span class='ocrx_word' id='word_1_43' title='bbox 702 967 870 1014; x_wconf 86' lang='lat' dir='ltr'><strong>fallunt</strong></span> <span class='ocrx_word' id='word_1_44' title='bbox 891 968 1079 1013; x_wconf 77' lang='lat' dir='ltr'><strong>aconita</strong></span> <span class='ocrx_word' id='word_1_45' title='bbox 1100 967 1327 1030; x_wconf 80' lang='lat' dir='ltr'><strong>legentis;</strong></span> 
     </span>
     <span class='ocr_line' id='line_1_8' title="bbox 126 1053 1438 1122; baseline 0.002 -20"><span class='ocrx_word' id='word_1_46' title='bbox 126 1053 230 1102; x_wconf 88' lang='lat' dir='ltr'><strong>Nec</strong></span> <span class='ocrx_word' id='word_1_47' title='bbox 254 1057 379 1119; x_wconf 80' lang='lat' dir='ltr'>rapit</span> <span class='ocrx_word' id='word_1_48' title='bbox 401 1056 631 1104; x_wconf 82' lang='lat' dir='ltr'><strong>inmensos</strong></span> <span class='ocrx_word' id='word_1_49' title='bbox 655 1058 782 1106; x_wconf 84' lang='lat' dir='ltr'><strong>orbis</strong></span> <span class='ocrx_word' id='word_1_50' title='bbox 807 1076 890 1122; x_wconf 91' lang='lat' dir='ltr'><strong>per</strong></span> <span class='ocrx_word' id='word_1_51' title='bbox 912 1060 1129 1116; x_wconf 86' lang='lat' dir='ltr'>humum,</span> <span class='ocrx_word' id='word_1_52' title='bbox 1144 1076 1295 1122; x_wconf 87' lang='lat' dir='ltr'><strong>neque</strong></span> <span class='ocrx_word' id='word_1_53' title='bbox 1308 1071 1438 1105; x_wconf 84' lang='lat' dir='ltr'><strong>tanto</strong></span> 
     </span>
    </p>
   </div>
   <div class='ocr_carea' id='block_1_3' title="bbox 125 1146 1324 1215">
    <p class='ocr_par' dir='ltr' id='par_1_3' title="bbox 125 1146 1324 1215">
     <span class='ocr_line' id='line_1_9' title="bbox 125 1146 1324 1215; baseline 0.003 -21"><span class='ocrx_word' id='word_1_54' title='bbox 125 1146 386 1211; x_wconf 80' lang='lat' dir='ltr'>Squameus</span> <span class='ocrx_word' id='word_1_55' title='bbox 408 1150 456 1195; x_wconf 90' lang='lat' dir='ltr'><strong>in</strong></span> <span class='ocrx_word' id='word_1_56' title='bbox 480 1150 655 1212; x_wconf 83' lang='lat' dir='ltr'>spiram</span> <span class='ocrx_word' id='word_1_57' title='bbox 679 1151 826 1198; x_wconf 64' lang='lat' dir='ltr'><strong>trastu</strong></span> <span class='ocrx_word' id='word_1_58' title='bbox 852 1151 896 1198; x_wconf 89' lang='lat' dir='ltr'><strong>se</strong></span> <span class='ocrx_word' id='word_1_59' title='bbox 919 1151 1119 1214; x_wconf 80' lang='lat' dir='ltr'><strong>conligit</strong></span> <span class='ocrx_word' id='word_1_60' title='bbox 1142 1153 1324 1215; x_wconf 80' lang='lat' dir='ltr'>anguis.</span> 
     </span>
    </p>
   </div>
   <div class='ocr_carea' id='block_1_4' title="bbox 126 1304 1441 1506">
    <p class='ocr_par' dir='ltr' id='par_1_4' title="bbox 126 1304 1441 1506">
     <span class='ocr_line' id='line_1_10' title="bbox 141 1304 1439 1354; baseline -0.002 -12"><span class='ocrx_word' id='word_1_61' title='bbox 141 1351 143 1353; x_wconf 14' lang='lat' dir='ltr'>q</span> <span class='ocrx_word' id='word_1_62' title='bbox 171 1304 245 1353; x_wconf 68' lang='lat'><strong>⁴149.</strong></span> <span class='ocrx_word' id='word_1_63' title='bbox 270 1323 323 1342; x_wconf 84' lang='lat' dir='ltr'><strong>ver</strong></span> <span class='ocrx_word' id='word_1_64' title='bbox 340 1317 500 1354; x_wconf 51' lang='grc' dir='ltr'><strong>ρει-μέμηνα</strong></span> <span class='ocrx_word' id='word_1_65' title='bbox 527 1310 631 1342; x_wconf 87' lang='lat' dir='ltr'><strong>Schol.</strong></span> <span class='ocrx_word' id='word_1_66' title='bbox 660 1311 780 1353; x_wconf 82' lang='lat' dir='ltr'><strong>Cruqu.</strong></span> <span class='ocrx_word' id='word_1_67' title='bbox 815 1312 930 1344; x_wconf 83' lang='lat' dir='ltr'>Horat.</span> <span class='ocrx_word' id='word_1_68' title='bbox 963 1312 1025 1343; x_wconf 87' lang='lat' dir='ltr'><strong>Od.</strong></span> <span class='ocrx_word' id='word_1_69' title='bbox 1055 1313 1095 1350; x_wconf 88' lang='lat'><strong>11,</strong></span> <span class='ocrx_word' id='word_1_70' title='bbox 1125 1311 1155 1343; x_wconf 91' lang='lat'><strong>6.</strong></span> <span class='ocrx_word' id='word_1_71' title='bbox 1180 1311 1263 1342; x_wconf 83' lang='lat' dir='ltr'><strong>conf.</strong></span> <span class='ocrx_word' id='word_1_72' title='bbox 1298 1310 1338 1342; x_wconf 84' lang='lat' dir='ltr'><strong>ad</strong></span> <span class='ocrx_word' id='word_1_73' title='bbox 1368 1308 1439 1341; x_wconf 82' lang='lat' dir='ltr'><strong>Ecl.</strong></span> 
     </span>
     <span class='ocr_line' id='line_1_11' title="bbox 126 1354 1438 1405; baseline 0 -13"><span class='ocrx_word' id='word_1_74' title='bbox 126 1354 189 1399; x_wconf 74' lang='grc' dir='ltr'><strong>ῘΧ,</strong></span> <span class='ocrx_word' id='word_1_75' title='bbox 211 1372 265 1400; x_wconf 85' lang='grc'><strong>40.</strong></span> <span class='ocrx_word' id='word_1_76' title='bbox 310 1364 370 1393; x_wconf 83' lang='lat' dir='ltr'><strong>Hic</strong></span> <span class='ocrx_word' id='word_1_77' title='bbox 396 1366 448 1393; x_wconf 80' lang='lat' dir='ltr'><strong>iter</strong></span> <span class='ocrx_word' id='word_1_78' title='bbox 471 1364 555 1394; x_wconf 84' lang='lat' dir='ltr'><strong>Ven.</strong></span> <span class='ocrx_word' id='word_1_79' title='bbox 599 1364 717 1405; x_wconf 69' lang='lat' dir='ltr'><em>mcffibus</em></span> <span class='ocrx_word' id='word_1_80' title='bbox 741 1364 825 1405; x_wconf 79' lang='lat' dir='ltr'>apud</span> <span class='ocrx_word' id='word_1_81' title='bbox 845 1363 1029 1394; x_wconf 67' lang='lat' dir='ltr'><strong>Martinum</strong></span> <span class='ocrx_word' id='word_1_82' title='bbox 1051 1363 1102 1393; x_wconf 84' lang='lat' dir='ltr'><strong>vir</strong></span> <span class='ocrx_word' id='word_1_83' title='bbox 1127 1363 1239 1393; x_wconf 62' lang='lat' dir='ltr'><strong>docilus</strong></span> <span class='ocrx_word' id='word_1_84' title='bbox 1260 1361 1397 1404; x_wconf 77' lang='lat' dir='ltr'><strong>legebat,</strong></span> <span class='ocrx_word' id='word_1_85' title='bbox 1420 1372 1438 1393; x_wconf 81' lang='lat' dir='ltr'>c</span> 
     </span>
     <span class='ocr_line' id='line_1_12' title="bbox 126 1410 1440 1456; baseline -0.002 -13"><span class='ocrx_word' id='word_1_86' title='bbox 126 1411 294 1444; x_wconf 71' lang='lat' dir='ltr'><strong>Claudiani</strong></span> <span class='ocrx_word' id='word_1_87' title='bbox 312 1415 477 1451; x_wconf 67' lang='lat' dir='ltr'>XXXVI,</span> <span class='ocrx_word' id='word_1_88' title='bbox 500 1423 562 1451; x_wconf 78' lang='lat'><strong>224</strong></span> <span class='ocrx_word' id='word_1_89' title='bbox 578 1416 662 1444; x_wconf 75' lang='lat' dir='ltr'><strong>alieno</strong></span> <span class='ocrx_word' id='word_1_90' title='bbox 683 1417 820 1456; x_wconf 76' lang='lat' dir='ltr'><strong>gramine,</strong></span> <span class='ocrx_word' id='word_1_91' title='bbox 839 1421 874 1445; x_wconf 88' lang='lat' dir='ltr'><strong>ut</strong></span> <span class='ocrx_word' id='word_1_92' title='bbox 891 1414 929 1445; x_wconf 87' lang='lat' dir='ltr'><strong>de</strong></span> <span class='ocrx_word' id='word_1_93' title='bbox 947 1414 1088 1450; x_wconf 62' lang='lat' dir='ltr'><strong>R&#39;Iedica,</strong></span> <span class='ocrx_word' id='word_1_94' title='bbox 1104 1412 1214 1451; x_wconf 78' lang='lat' dir='ltr'><strong>herba,</strong></span> <span class='ocrx_word' id='word_1_95' title='bbox 1228 1410 1440 1453; x_wconf 68' lang='lat' dir='ltr'>intelligatur,</span> 
     </span>
     <span class='ocr_line' id='line_1_13' title="bbox 126 1462 1441 1506; baseline 0 -13"><span class='ocrx_word' id='word_1_96' title='bbox 126 1462 178 1494; x_wconf 82' lang='lat' dir='ltr'><strong>sed</strong></span> <span class='ocrx_word' id='word_1_97' title='bbox 195 1463 296 1502; x_wconf 82' lang='lat' dir='ltr'><strong>male3</strong></span> <span class='ocrx_word' id='word_1_98' title='bbox 320 1465 358 1495; x_wconf 91' lang='lat' dir='ltr'><strong>de</strong></span> <span class='ocrx_word' id='word_1_99' title='bbox 375 1465 451 1496; x_wconf 74' lang='lat' dir='ltr'><strong>anni</strong></span> <span class='ocrx_word' id='word_1_100' title='bbox 467 1472 611 1506; x_wconf 81' lang='lat' dir='ltr'><strong>tempore</strong></span> <span class='ocrx_word' id='word_1_101' title='bbox 629 1465 748 1506; x_wconf 83' lang='lat' dir='ltr'>cogitat</span> <span class='ocrx_word' id='word_1_102' title='bbox 764 1467 857 1506; x_wconf 67' lang='lat' dir='ltr'><strong>poe&#39;ta</strong></span> <span class='ocrx_word' id='word_1_103' title='bbox 872 1476 879 1495; x_wconf 91' lang='lat'>:</span> <span class='ocrx_word' id='word_1_104' title='bbox 905 1465 1046 1496; x_wconf 83' lang='lat' dir='ltr'><strong>aestatem</strong></span> <span class='ocrx_word' id='word_1_105' title='bbox 1065 1464 1162 1495; x_wconf 70' lang='lat' dir='ltr'><strong>etiam</strong></span> <span class='ocrx_word' id='word_1_106' title='bbox 1178 1474 1236 1506; x_wconf 85' lang='lat' dir='ltr'><strong>per</strong></span> <span class='ocrx_word' id='word_1_107' title='bbox 1251 1462 1303 1494; x_wconf 82' lang='lat' dir='ltr'><strong>eos</strong></span> <span class='ocrx_word' id='word_1_108' title='bbox 1318 1463 1441 1494; x_wconf 72' lang='lat' dir='ltr'><strong>menses</strong></span> 
     </span>
    </p>
   </div>
   <div class='ocr_carea' id='block_1_5' title="bbox 892 1532 977 1538">
    <p class='ocr_par' dir='ltr' id='par_1_5' title="bbox 892 1532 977 1538">
     <span class='ocr_line' id='line_1_14' title="bbox 892 1532 977 1538; baseline 0 0"><span class='ocrx_word' id='word_1_109' title='bbox 892 1532 977 1538; x_wconf 95' lang='lat' dir='ltr'><strong> </strong></span> 
     </span>
    </p>
   </div>
   <div class='ocr_carea' id='block_1_6' title="bbox 111 1513 1440 2267">
    <p class='ocr_par' dir='ltr' id='par_1_6' title="bbox 111 1513 1440 2267">
     <span class='ocr_line' id='line_1_15' title="bbox 126 1513 1437 1556; baseline -0.002 -12"><span class='ocrx_word' id='word_1_110' title='bbox 126 1513 253 1552; x_wconf 83' lang='lat' dir='ltr'><strong>durare,</strong></span> <span class='ocrx_word' id='word_1_111' title='bbox 266 1516 378 1556; x_wconf 81' lang='lat' dir='ltr'><strong>quibus</strong></span> <span class='ocrx_word' id='word_1_112' title='bbox 389 1514 529 1545; x_wconf 82' lang='lat' dir='ltr'><strong>hiemem</strong></span> <span class='ocrx_word' id='word_1_113' title='bbox 547 1515 616 1545; x_wconf 65' lang='lat' dir='ltr'><strong>alise</strong></span> <span class='ocrx_word' id='word_1_114' title='bbox 630 1522 722 1546; x_wconf 82' lang='lat' dir='ltr'><strong>terrae</strong></span> <span class='ocrx_word' id='word_1_115' title='bbox 739 1515 889 1547; x_wconf 80' lang='lat' dir='ltr'><strong>sentiunt.</strong></span> <span class='ocrx_word' id='word_1_116' title='bbox 951 1529 955 1531; x_wconf 90' lang='lat'>·</span> <span class='ocrx_word' id='word_1_117' title='bbox 982 1524 1053 1554; x_wconf 78' lang='lat'>150.</span> <span class='ocrx_word' id='word_1_118' title='bbox 1065 1514 1437 1556; x_wconf 73' lang='lat' dir='ltr'><strong>a7·b0rpraetulitBu1-m.‚</strong></span> 
     </span>
     <span class='ocr_line' id='line_1_16' title="bbox 126 1558 1440 1607; baseline 0.001 -14"><span class='ocrx_word' id='word_1_119' title='bbox 126 1571 163 1594; x_wconf 81' lang='lat' dir='ltr'><strong>nt</strong></span> <span class='ocrx_word' id='word_1_120' title='bbox 184 1574 215 1594; x_wconf 81' lang='lat' dir='ltr'><strong>v,</strong></span> <span class='ocrx_word' id='word_1_121' title='bbox 244 1564 295 1596; x_wconf 89' lang='lat'><strong>81.</strong></span> <span class='ocrx_word' id='word_1_122' title='bbox 387 1558 460 1603; x_wconf 49' lang='grc' dir='ltr'><strong>ἰῇ.</strong></span> <span class='ocrx_word' id='word_1_123' title='bbox 486 1567 589 1607; x_wconf 77' lang='lat' dir='ltr'><strong>rapidae</strong></span> <span class='ocrx_word' id='word_1_124' title='bbox 611 1565 757 1596; x_wconf 82' lang='lat' dir='ltr'>nonnulli</span> <span class='ocrx_word' id='word_1_125' title='bbox 784 1566 868 1607; x_wconf 84' lang='lat' dir='ltr'>apud</span> <span class='ocrx_word' id='word_1_126' title='bbox 891 1565 975 1595; x_wconf 88' lang='lat' dir='ltr'><strong>Pier.</strong></span> <span class='ocrx_word' id='word_1_127' title='bbox 996 1573 1026 1596; x_wconf 92' lang='lat' dir='ltr'><strong>et</strong></span> <span class='ocrx_word' id='word_1_128' title='bbox 1045 1567 1154 1596; x_wconf 87' lang='lat' dir='ltr'><strong>Burm.</strong></span> <span class='ocrx_word' id='word_1_129' title='bbox 1182 1575 1254 1596; x_wconf 85' lang='lat' dir='ltr'><strong>cum</strong></span> <span class='ocrx_word' id='word_1_130' title='bbox 1271 1564 1440 1601; x_wconf 79' lang='lat' dir='ltr'><strong>Gothanis,</strong></span> 
     </span>
     <span class='ocr_line' id='line_1_17' title="bbox 125 1614 1439 1657; baseline 0.002 -14"><span class='ocrx_word' id='word_1_131' title='bbox 125 1622 279 1655; x_wconf 81' lang='lat' dir='ltr'><strong>perpetua</strong></span> <span class='ocrx_word' id='word_1_132' title='bbox 304 1614 494 1645; x_wconf 83' lang='lat' dir='ltr'><strong>variatione.</strong></span> <span class='ocrx_word' id='word_1_133' title='bbox 549 1615 638 1656; x_wconf 75' lang='lat' dir='ltr'><em>obsunt</em></span> <span class='ocrx_word' id='word_1_134' title='bbox 662 1618 744 1646; x_wconf 85' lang='lat' dir='ltr'><strong>Ven.</strong></span> <span class='ocrx_word' id='word_1_135' title='bbox 786 1617 869 1646; x_wconf 77' lang='lat' dir='ltr'><strong>leones</strong></span> <span class='ocrx_word' id='word_1_136' title='bbox 893 1616 1015 1646; x_wconf 86' lang='lat' dir='ltr'><strong>Medic.</strong></span> <span class='ocrx_word' id='word_1_137' title='bbox 1036 1627 1054 1646; x_wconf 83' lang='lat' dir='ltr'>a</span> <span class='ocrx_word' id='word_1_138' title='bbox 1080 1626 1122 1646; x_wconf 88' lang='lat' dir='ltr'><strong>m.</strong></span> <span class='ocrx_word' id='word_1_139' title='bbox 1144 1626 1204 1657; x_wconf 65' lang='lat' dir='ltr'><strong>pr„</strong></span> <span class='ocrx_word' id='word_1_140' title='bbox 1227 1615 1311 1657; x_wconf 86' lang='lat' dir='ltr'>quod</span> <span class='ocrx_word' id='word_1_141' title='bbox 1335 1615 1439 1656; x_wconf 79' lang='lat' dir='ltr'><strong>placet</strong></span> 
     </span>
     <span class='ocr_line' id='line_1_18' title="bbox 126 1663 1438 1707; baseline 0.002 -13"><span class='ocrx_word' id='word_1_142' title='bbox 126 1664 280 1702; x_wconf 87' lang='lat' dir='ltr'><strong>Heinfio;</strong></span> <span class='ocrx_word' id='word_1_143' title='bbox 302 1671 334 1694; x_wconf 84' lang='lat' dir='ltr'><strong>et</strong></span> <span class='ocrx_word' id='word_1_144' title='bbox 360 1663 455 1695; x_wconf 72' lang='lat' dir='ltr'><strong>h‘abct</strong></span> <span class='ocrx_word' id='word_1_145' title='bbox 477 1664 529 1695; x_wconf 90' lang='lat' dir='ltr'><strong>ed.</strong></span> <span class='ocrx_word' id='word_1_146' title='bbox 557 1664 777 1706; x_wconf 84' lang='lat' dir='ltr'><strong>Cuningham.</strong></span> <span class='ocrx_word' id='word_1_147' title='bbox 823 1666 948 1696; x_wconf 82' lang='lat' dir='ltr'>Scilicet</span> <span class='ocrx_word' id='word_1_148' title='bbox 973 1666 1150 1707; x_wconf 76' lang='lat' dir='ltr'><strong>epexegesis</strong></span> <span class='ocrx_word' id='word_1_149' title='bbox 1176 1666 1230 1696; x_wconf 81' lang='lat' dir='ltr'><strong>illa</strong></span> <span class='ocrx_word' id='word_1_150' title='bbox 1253 1674 1284 1697; x_wconf 90' lang='lat' dir='ltr'><strong>et</strong></span> <span class='ocrx_word' id='word_1_151' title='bbox 1310 1666 1438 1707; x_wconf 66' lang='lat' dir='ltr'><strong>elegans</strong></span> 
     </span>
     <span class='ocr_line' id='line_1_19' title="bbox 125 1714 1438 1756; baseline 0.003 -12"><span class='ocrx_word' id='word_1_152' title='bbox 125 1722 157 1745; x_wconf 75' lang='lat' dir='ltr'><strong>et</strong></span> <span class='ocrx_word' id='word_1_153' title='bbox 185 1714 324 1756; x_wconf 76' lang='lat' dir='ltr'>Virgilio</span> <span class='ocrx_word' id='word_1_154' title='bbox 346 1714 523 1746; x_wconf 76' lang='lat' dir='ltr'><strong>familiaris.</strong></span> <span class='ocrx_word' id='word_1_155' title='bbox 548 1715 630 1746; x_wconf 84' lang='lat' dir='ltr'><strong>conf.</strong></span> <span class='ocrx_word' id='word_1_156' title='bbox 658 1716 768 1746; x_wconf 84' lang='lat' dir='ltr'><strong>Heins.</strong></span> <span class='ocrx_word' id='word_1_157' title='bbox 792 1716 831 1746; x_wconf 78' lang='lat' dir='ltr'><strong>ad</strong></span> <span class='ocrx_word' id='word_1_158' title='bbox 855 1716 1020 1749; x_wconf 80' lang='lat' dir='ltr'><strong>Claudian.</strong></span> <span class='ocrx_word' id='word_1_159' title='bbox 1040 1716 1077 1747; x_wconf 87' lang='lat' dir='ltr'><strong>de</strong></span> <span class='ocrx_word' id='word_1_160' title='bbox 1096 1718 1130 1747; x_wconf 88' lang='lat' dir='ltr'><strong>B.</strong></span> <span class='ocrx_word' id='word_1_161' title='bbox 1149 1717 1235 1747; x_wconf 81' lang='lat' dir='ltr'><strong>Gild.</strong></span> <span class='ocrx_word' id='word_1_162' title='bbox 1255 1717 1329 1756; x_wconf 84' lang='lat'>138.</span> <span class='ocrx_word' id='word_1_163' title='bbox 1376 1716 1438 1748; x_wconf 80' lang='lat' dir='ltr'><strong>Sed</strong></span> 
     </span>
     <span class='ocr_line' id='line_1_20' title="bbox 126 1764 1434 1810; baseline 0.003 -15"><span class='ocrx_word' id='word_1_164' title='bbox 126 1775 156 1796; x_wconf 84' lang='grc' dir='ltr'><strong>ν.</strong></span> <span class='ocrx_word' id='word_1_165' title='bbox 174 1764 232 1796; x_wconf 83' lang='lat' dir='ltr'><strong>loc.</strong></span> <span class='ocrx_word' id='word_1_166' title='bbox 250 1766 394 1796; x_wconf 83' lang='lat' dir='ltr'><strong>Lucretii</strong></span> <span class='ocrx_word' id='word_1_167' title='bbox 411 1766 443 1796; x_wconf 87' lang='lat' dir='ltr'><strong>in</strong></span> <span class='ocrx_word' id='word_1_168' title='bbox 470 1766 574 1796; x_wconf 77' lang='lat' dir='ltr'><strong>Notis.</strong></span> <span class='ocrx_word' id='word_1_169' title='bbox 618 1766 764 1798; x_wconf 83' lang='lat' dir='ltr'><strong>Reifkius</strong></span> <span class='ocrx_word' id='word_1_170' title='bbox 787 1767 893 1799; x_wconf 80' lang='lat' dir='ltr'><strong>iocum</strong></span> <span class='ocrx_word' id='word_1_171' title='bbox 919 1767 957 1799; x_wconf 82' lang='lat' dir='ltr'><strong>fic</strong></span> <span class='ocrx_word' id='word_1_172' title='bbox 981 1765 1204 1810; x_wconf 81' lang='lat' dir='ltr'><strong>refingendum</strong></span> <span class='ocrx_word' id='word_1_173' title='bbox 1225 1768 1434 1810; x_wconf 80' lang='lat' dir='ltr'><strong>conjiciebat:</strong></span> 
     </span>
     <span class='ocr_line' id='line_1_21' title="bbox 124 1816 1436 1860; baseline 0.003 -15"><span class='ocrx_word' id='word_1_174' title='bbox 124 1822 149 1845; x_wconf 77' lang='lat' dir='ltr'><strong>et</strong></span> <span class='ocrx_word' id='word_1_175' title='bbox 164 1817 240 1857; x_wconf 71' lang='lat' dir='ltr'><strong>fiala</strong></span> <span class='ocrx_word' id='word_1_176' title='bbox 266 1818 379 1846; x_wconf 65' lang='lat' dir='ltr'><strong>leonum.</strong></span> <span class='ocrx_word' id='word_1_177' title='bbox 436 1816 548 1846; x_wconf 70' lang='lat' dir='ltr'><strong>Semina</strong></span> <span class='ocrx_word' id='word_1_178' title='bbox 574 1830 618 1847; x_wconf 80' lang='lat' dir='ltr'><strong>nec</strong></span> <span class='ocrx_word' id='word_1_179' title='bbox 637 1819 742 1858; x_wconf 66' lang='lat' dir='ltr'><strong>mfiros</strong></span> <span class='ocrx_word' id='word_1_180' title='bbox 760 1820 875 1859; x_wconf 75' lang='lat' dir='ltr'><strong>fallunt</strong></span> <span class='ocrx_word' id='word_1_181' title='bbox 899 1821 1004 1849; x_wconf 77' lang='lat' dir='ltr'><strong>aconita</strong></span> <span class='ocrx_word' id='word_1_182' title='bbox 1029 1821 1152 1860; x_wconf 77' lang='lat' dir='ltr'><strong>legentes,</strong></span> <span class='ocrx_word' id='word_1_183' title='bbox 1174 1819 1205 1849; x_wconf 87' lang='lat' dir='ltr'><strong>h.</strong></span> <span class='ocrx_word' id='word_1_184' title='bbox 1234 1829 1291 1849; x_wconf 86' lang='lat' dir='ltr'><strong>nec</strong></span> <span class='ocrx_word' id='word_1_185' title='bbox 1322 1818 1436 1850; x_wconf 82' lang='lat' dir='ltr'><strong>fallunt</strong></span> 
     </span>
     <span class='ocr_line' id='line_1_22' title="bbox 126 1867 1438 1910; baseline 0.002 -13"><span class='ocrx_word' id='word_1_186' title='bbox 126 1867 252 1898; x_wconf 81' lang='lat' dir='ltr'><strong>aconita</strong></span> <span class='ocrx_word' id='word_1_187' title='bbox 278 1867 410 1898; x_wconf 80' lang='lat' dir='ltr'><strong>miseros</strong></span> <span class='ocrx_word' id='word_1_188' title='bbox 430 1867 511 1904; x_wconf 88' lang='lat' dir='ltr'><strong>illos,</strong></span> <span class='ocrx_word' id='word_1_189' title='bbox 533 1868 587 1908; x_wconf 91' lang='lat' dir='ltr'><strong>qui</strong></span> <span class='ocrx_word' id='word_1_190' title='bbox 611 1868 741 1906; x_wconf 87' lang='lat' dir='ltr'><strong>semina,</strong></span> <span class='ocrx_word' id='word_1_191' title='bbox 763 1869 794 1898; x_wconf 90' lang='lat' dir='ltr'><strong>h.</strong></span> <span class='ocrx_word' id='word_1_192' title='bbox 820 1868 943 1907; x_wconf 82' lang='lat' dir='ltr'><strong>herbas,</strong></span> <span class='ocrx_word' id='word_1_193' title='bbox 962 1868 1084 1910; x_wconf 84' lang='lat' dir='ltr'><strong>legunt,</strong></span> <span class='ocrx_word' id='word_1_194' title='bbox 1107 1877 1160 1900; x_wconf 83' lang='lat' dir='ltr'><strong>aut</strong></span> <span class='ocrx_word' id='word_1_195' title='bbox 1185 1869 1291 1910; x_wconf 87' lang='lat' dir='ltr'><strong>potius</strong></span> <span class='ocrx_word' id='word_1_196' title='bbox 1309 1871 1438 1910; x_wconf 70' lang='lat' dir='ltr'><strong>germina</strong></span> 
     </span>
     <span class='ocr_line' id='line_1_23' title="bbox 123 1916 1432 1961; baseline 0.002 -13"><span class='ocrx_word' id='word_1_197' title='bbox 123 1920 317 1960; x_wconf 74' lang='lat' dir='ltr'><strong>profimina:</strong></span> <span class='ocrx_word' id='word_1_198' title='bbox 339 1928 475 1959; x_wconf 88' lang='lat' dir='ltr'><strong>namque</strong></span> <span class='ocrx_word' id='word_1_199' title='bbox 492 1918 567 1948; x_wconf 87' lang='lat' dir='ltr'><strong>alias</strong></span> <span class='ocrx_word' id='word_1_200' title='bbox 578 1918 727 1959; x_wconf 82' lang='lat' dir='ltr'><strong>pendebit</strong></span> <span class='ocrx_word' id='word_1_201' title='bbox 747 1920 870 1960; x_wconf 71' lang='lat' dir='ltr'><strong>legentes,</strong></span> <span class='ocrx_word' id='word_1_202' title='bbox 892 1930 994 1961; x_wconf 83' lang='lat' dir='ltr'><strong>neque</strong></span> <span class='ocrx_word' id='word_1_203' title='bbox 1014 1916 1155 1957; x_wconf 74' lang='lat' dir='ltr'><strong>habebit,</strong></span> <span class='ocrx_word' id='word_1_204' title='bbox 1180 1930 1243 1960; x_wconf 92' lang='lat' dir='ltr'><strong>quo</strong></span> <span class='ocrx_word' id='word_1_205' title='bbox 1264 1919 1432 1950; x_wconf 83' lang='lat' dir='ltr'><strong>referatur.</strong></span> 
     </span>
     <span class='ocr_line' id='line_1_24' title="bbox 215 1969 1437 2012; baseline 0 -11"><span class='ocrx_word' id='word_1_206' title='bbox 215 1978 286 2009; x_wconf 84' lang='lat'>153.</span> <span class='ocrx_word' id='word_1_207' title='bbox 310 1969 413 2000; x_wconf 88' lang='lat' dir='ltr'><strong>Miror</strong></span> <span class='ocrx_word' id='word_1_208' title='bbox 437 1969 469 1999; x_wconf 70' lang='grc' dir='ltr'><strong>τὸ</strong></span> <span class='ocrx_word' id='word_1_209' title='bbox 492 1975 566 1999; x_wconf 78' lang='lat' dir='ltr'><em>tanto</em></span> <span class='ocrx_word' id='word_1_210' title='bbox 591 1969 711 2000; x_wconf 84' lang='lat' dir='ltr'><strong>nemini</strong></span> <span class='ocrx_word' id='word_1_211' title='bbox 736 1969 935 2011; x_wconf 80' lang='lat' dir='ltr'><strong>displicuisse,</strong></span> <span class='ocrx_word' id='word_1_212' title='bbox 960 1969 1045 2012; x_wconf 85' lang='lat' dir='ltr'>quod</span> <span class='ocrx_word' id='word_1_213' title='bbox 1064 1970 1214 2012; x_wconf 80' lang='lat' dir='ltr'><strong>explicari</strong></span> <span class='ocrx_word' id='word_1_214' title='bbox 1230 1970 1360 2011; x_wconf 85' lang='lat' dir='ltr'><strong>quidem</strong></span> <span class='ocrx_word' id='word_1_215' title='bbox 1379 1982 1437 2012; x_wconf 82' lang='lat' dir='ltr'><strong>po-</strong></span> 
     </span>
     <span class='ocr_line' id='line_1_25' title="bbox 124 2019 1436 2063; baseline -0.001 -10"><span class='ocrx_word' id='word_1_216' title='bbox 124 2021 195 2059; x_wconf 81' lang='lat' dir='ltr'><strong>test,</strong></span> <span class='ocrx_word' id='word_1_217' title='bbox 216 2029 248 2052; x_wconf 79' lang='lat' dir='ltr'><strong>at</strong></span> <span class='ocrx_word' id='word_1_218' title='bbox 272 2031 345 2051; x_wconf 86' lang='lat' dir='ltr'><strong>cum</strong></span> <span class='ocrx_word' id='word_1_219' title='bbox 369 2019 450 2051; x_wconf 83' lang='lat' dir='ltr'><strong>nihil</strong></span> <span class='ocrx_word' id='word_1_220' title='bbox 474 2019 521 2057; x_wconf 78' lang='lat' dir='ltr'><strong>sit,</strong></span> <span class='ocrx_word' id='word_1_221' title='bbox 544 2030 617 2051; x_wconf 87' lang='lat' dir='ltr'><strong>cum</strong></span> <span class='ocrx_word' id='word_1_222' title='bbox 643 2031 706 2061; x_wconf 90' lang='lat' dir='ltr'><strong>quo</strong></span> <span class='ocrx_word' id='word_1_223' title='bbox 734 2021 930 2063; x_wconf 76' lang='lat' dir='ltr'><strong>comparatio</strong></span> <span class='ocrx_word' id='word_1_224' title='bbox 960 2021 1153 2059; x_wconf 81' lang='lat' dir='ltr'><strong>instituatur,</strong></span> <span class='ocrx_word' id='word_1_225' title='bbox 1177 2022 1216 2052; x_wconf 84' lang='lat' dir='ltr'><strong>ad</strong></span> <span class='ocrx_word' id='word_1_226' title='bbox 1242 2021 1436 2063; x_wconf 81' lang='lat' dir='ltr'><strong>elegantiam</strong></span> 
     </span>
     <span class='ocr_line' id='line_1_26' title="bbox 123 2071 1440 2114; baseline 0.001 -10"><span class='ocrx_word' id='word_1_227' title='bbox 123 2071 226 2104; x_wconf 85' lang='lat' dir='ltr'><strong>facere</strong></span> <span class='ocrx_word' id='word_1_228' title='bbox 243 2072 296 2103; x_wconf 84' lang='lat' dir='ltr'><strong>vix</strong></span> <span class='ocrx_word' id='word_1_229' title='bbox 312 2078 472 2113; x_wconf 77' lang='lat' dir='ltr'>putamus.</span> <span class='ocrx_word' id='word_1_230' title='bbox 519 2072 554 2101; x_wconf 89' lang='lat' dir='ltr'><strong>In</strong></span> <span class='ocrx_word' id='word_1_231' title='bbox 575 2080 704 2113; x_wconf 87' lang='lat' dir='ltr'><strong>promtu</strong></span> <span class='ocrx_word' id='word_1_232' title='bbox 725 2072 768 2103; x_wconf 88' lang='lat' dir='ltr'><strong>est</strong></span> <span class='ocrx_word' id='word_1_233' title='bbox 784 2074 852 2102; x_wconf 79' lang='lat' dir='ltr'><strong>lento</strong></span> <span class='ocrx_word' id='word_1_234' title='bbox 867 2072 984 2114; x_wconf 86' lang='lat' dir='ltr'><strong>legere,</strong></span> <span class='ocrx_word' id='word_1_235' title='bbox 999 2072 1134 2103; x_wconf 89' lang='lat' dir='ltr'><strong>Nicand.</strong></span> <span class='ocrx_word' id='word_1_236' title='bbox 1154 2073 1251 2103; x_wconf 67' lang='lat' dir='ltr'><strong>Ther·</strong></span> <span class='ocrx_word' id='word_1_237' title='bbox 1270 2083 1332 2105; x_wconf 85' lang='lat'><strong>222</strong></span> <span class='ocrx_word' id='word_1_238' title='bbox 1355 2075 1440 2105; x_wconf 71' lang='grc' dir='ltr'><em>νωθεΐ</em></span> 
     </span>
     <span class='ocr_line' id='line_1_27' title="bbox 122 2121 1436 2164; baseline 0.001 -10"><span class='ocrx_word' id='word_1_239' title='bbox 122 2125 209 2164; x_wconf 71' lang='grc' dir='ltr'><strong>ὄλκῷ,</strong></span> <span class='ocrx_word' id='word_1_240' title='bbox 232 2123 285 2155; x_wconf 88' lang='lat' dir='ltr'><strong>seu</strong></span> <span class='ocrx_word' id='word_1_241' title='bbox 308 2129 377 2153; x_wconf 78' lang='lat' dir='ltr'><em>torto</em></span> <span class='ocrx_word' id='word_1_242' title='bbox 401 2126 505 2159; x_wconf 72' lang='grc' dir='ltr'><strong>ΐναὲῖιι,</strong></span> <span class='ocrx_word' id='word_1_243' title='bbox 525 2129 563 2153; x_wconf 83' lang='lat' dir='ltr'><strong>ut</strong></span> <span class='ocrx_word' id='word_1_244' title='bbox 589 2121 665 2152; x_wconf 86' lang='lat' dir='ltr'><strong>alias</strong></span> <span class='ocrx_word' id='word_1_245' title='bbox 689 2125 803 2164; x_wconf 75' lang='lat' dir='ltr'><strong>poe&#39;tae.</strong></span> <span class='ocrx_word' id='word_1_246' title='bbox 849 2123 1030 2155; x_wconf 83' lang='lat' dir='ltr'><strong>Nemefian.</strong></span> <span class='ocrx_word' id='word_1_247' title='bbox 1054 2123 1122 2155; x_wconf 83' lang='lat' dir='ltr'><strong>Ecl.</strong></span> <span class='ocrx_word' id='word_1_248' title='bbox 1148 2125 1204 2161; x_wconf 87' lang='lat' dir='ltr'><strong>IV,</strong></span> <span class='ocrx_word' id='word_1_249' title='bbox 1225 2135 1267 2160; x_wconf 79' lang='lat'><strong>40</strong></span> <span class='ocrx_word' id='word_1_250' title='bbox 1291 2132 1358 2155; x_wconf 76' lang='lat' dir='ltr'><em>torto</em></span> <span class='ocrx_word' id='word_1_251' title='bbox 1383 2138 1436 2156; x_wconf 77' lang='lat' dir='ltr'><strong>non</strong></span> 
     </span>
     <span class='ocr_line' id='line_1_28' title="bbox 111 2174 1434 2217; baseline 0.002 -12"><span class='ocrx_word' id='word_1_252' title='bbox 111 2178 246 2216; x_wconf 80' lang='lat' dir='ltr'><em>squamea</em></span> <span class='ocrx_word' id='word_1_253' title='bbox 260 2178 352 2205; x_wconf 64' lang='lat' dir='ltr'><strong>traa‘i&#39;u</strong></span> <span class='ocrx_word' id='word_1_254' title='bbox 369 2174 467 2215; x_wconf 79' lang='lat' dir='ltr'><strong>Signat</strong></span> <span class='ocrx_word' id='word_1_255' title='bbox 481 2174 590 2203; x_wconf 79' lang='lat' dir='ltr'><em>humum</em></span> <span class='ocrx_word' id='word_1_256' title='bbox 595 2175 722 2215; x_wconf 79' lang='lat' dir='ltr'><strong>serpens.</strong></span> <span class='ocrx_word' id='word_1_257' title='bbox 771 2175 817 2205; x_wconf 79' lang='lat' dir='ltr'><strong>At</strong></span> <span class='ocrx_word' id='word_1_258' title='bbox 840 2174 948 2206; x_wconf 85' lang='lat' dir='ltr'><strong>severo</strong></span> <span class='ocrx_word' id='word_1_259' title='bbox 972 2184 1044 2206; x_wconf 86' lang='lat' dir='ltr'><strong>cum</strong></span> <span class='ocrx_word' id='word_1_260' title='bbox 1061 2174 1228 2217; x_wconf 83' lang='lat' dir='ltr'><strong>supercilio</strong></span> <span class='ocrx_word' id='word_1_261' title='bbox 1251 2182 1352 2206; x_wconf 79' lang='lat' dir='ltr'>totam</span> <span class='ocrx_word' id='word_1_262' title='bbox 1377 2176 1434 2208; x_wconf 82' lang='lat' dir='ltr'><strong>ob—</strong></span> 
     </span>
     <span class='ocr_line' id='line_1_29' title="bbox 121 2223 791 2267; baseline -0.003 -9"><span class='ocrx_word' id='word_1_263' title='bbox 121 2225 332 2258; x_wconf 80' lang='lat' dir='ltr'><strong>servationem</strong></span> <span class='ocrx_word' id='word_1_264' title='bbox 356 2223 482 2267; x_wconf 84' lang='lat' dir='ltr'><strong>jugulat</strong></span> <span class='ocrx_word' id='word_1_265' title='bbox 498 2223 584 2255; x_wconf 74' lang='lat' dir='ltr'>Voss’.</span> <span class='ocrx_word' id='word_1_266' title='bbox 603 2224 652 2255; x_wconf 78' lang='lat' dir='ltr'><strong>vir</strong></span> <span class='ocrx_word' id='word_1_267' title='bbox 667 2223 791 2256; x_wconf 72' lang='lat' dir='ltr'>doffiff.</span> 
     </span>
    </p>
   </div>
   <div class='ocr_carea' id='block_1_7' title="bbox 299 1583 383 1589">
    <p class='ocr_par' dir='ltr' id='par_1_7' title="bbox 299 1583 383 1589">
     <span class='ocr_line' id='line_1_30' title="bbox 299 1583 383 1589; baseline 0 0"><span class='ocrx_word' id='word_1_268' title='bbox 299 1583 383 1589; x_wconf 95' lang='lat' dir='ltr'><strong> </strong></span> 
     </span>
    </p>
   </div>
   <div class='ocr_carea' id='block_1_8' title="bbox 124 1986 211 1997">
    <p class='ocr_par' dir='ltr' id='par_1_8' title="bbox 124 1986 211 1997">
     <span class='ocr_line' id='line_1_31' title="bbox 124 1986 211 1997; baseline 0 0"><span class='ocrx_word' id='word_1_269' title='bbox 124 1986 211 1997; x_wconf 95' lang='lat' dir='ltr'><strong> </strong></span> 
     </span>
    </p>
   </div>
   <div class='ocr_carea' id='block_1_9' title="bbox 0 2219 37 3381">
    <p class='ocr_par' dir='ltr' id='par_1_9' title="bbox 0 2219 37 3381">
     <span class='ocr_line' id='line_1_32' title="bbox 0 2219 37 3381; baseline 0 0"><span class='ocrx_word' id='word_1_270' title='bbox 0 2219 37 3381; x_wconf 95' lang='lat' dir='ltr'><strong> </strong></span> 
     </span>
    </p>
   </div>
   <div class='ocr_carea' id='block_1_10' title="bbox 118 2364 746 2727">
    <p class='ocr_par' dir='ltr' id='par_1_10' title="bbox 118 2364 746 2727">
     <span class='ocr_line' id='line_1_33' title="bbox 122 2364 746 2410; baseline -0.014 0"><span class='ocrx_word' id='word_1_271' title='bbox 122 2370 215 2410; x_wconf 82' lang='lat' dir='ltr'><strong>arvis</strong></span> <span class='ocrx_word' id='word_1_272' title='bbox 230 2367 401 2407; x_wconf 63' lang='lat' dir='ltr'>addufflus</span> <span class='ocrx_word' id='word_1_273' title='bbox 414 2364 590 2403; x_wconf 77' lang='lat' dir='ltr'><strong>candidus</strong></span> <span class='ocrx_word' id='word_1_274' title='bbox 603 2370 746 2402; x_wconf 64' lang='lat' dir='ltr'><strong>vifflma</strong></span> 
     </span>
     <span class='ocr_line' id='line_1_34' title="bbox 119 2415 744 2470; baseline -0.011 -9"><span class='ocrx_word' id='word_1_275' title='bbox 119 2424 160 2461; x_wconf 85' lang='lat' dir='ltr'><strong>in</strong></span> <span class='ocrx_word' id='word_1_276' title='bbox 187 2420 371 2470; x_wconf 82' lang='lat' dir='ltr'><strong>triumpho</strong></span> <span class='ocrx_word' id='word_1_277' title='bbox 407 2417 586 2454; x_wconf 78' lang='lat' dir='ltr'><strong>immolari</strong></span> <span class='ocrx_word' id='word_1_278' title='bbox 626 2415 744 2454; x_wconf 77' lang='lat' dir='ltr'><strong>solita.</strong></span> 
     </span>
     <span class='ocr_line' id='line_1_35' title="bbox 120 2467 744 2512; baseline -0.014 0"><span class='ocrx_word' id='word_1_279' title='bbox 120 2474 258 2512; x_wconf 86' lang='lat' dir='ltr'><strong>Omnia</strong></span> <span class='ocrx_word' id='word_1_280' title='bbox 283 2472 360 2508; x_wconf 86' lang='lat' dir='ltr'><strong>haec</strong></span> <span class='ocrx_word' id='word_1_281' title='bbox 387 2468 469 2507; x_wconf 71' lang='lat' dir='ltr'><strong>saxis</strong></span> <span class='ocrx_word' id='word_1_282' title='bbox 500 2481 520 2504; x_wconf 88' lang='lat' dir='ltr'>a</span> <span class='ocrx_word' id='word_1_283' title='bbox 548 2468 669 2504; x_wconf 75' lang='lat' dir='ltr'><strong>multis</strong></span> <span class='ocrx_word' id='word_1_284' title='bbox 700 2467 744 2504; x_wconf 90' lang='lat' dir='ltr'><strong>il-</strong></span> 
     </span>
     <span class='ocr_line' id='line_1_36' title="bbox 119 2518 743 2564; baseline -0.016 0"><span class='ocrx_word' id='word_1_285' title='bbox 119 2527 283 2564; x_wconf 81' lang='lat' dir='ltr'><strong>lustrata:</strong></span> <span class='ocrx_word' id='word_1_286' title='bbox 304 2522 387 2560; x_wconf 83' lang='lat' dir='ltr'><strong>vide</strong></span> <span class='ocrx_word' id='word_1_287' title='bbox 403 2521 460 2557; x_wconf 87' lang='lat' dir='ltr'><strong>vel</strong></span> <span class='ocrx_word' id='word_1_288' title='bbox 477 2519 648 2556; x_wconf 84' lang='lat' dir='ltr'><strong>Cerdam.</strong></span> <span class='ocrx_word' id='word_1_289' title='bbox 673 2518 743 2555; x_wconf 90' lang='lat' dir='ltr'><strong>Sed</strong></span> 
     </span>
     <span class='ocr_line' id='line_1_37' title="bbox 121 2569 744 2621; baseline -0.013 -6"><span class='ocrx_word' id='word_1_290' title='bbox 121 2578 150 2617; x_wconf 88' lang='lat' dir='ltr'><strong>ii</strong></span> <span class='ocrx_word' id='word_1_291' title='bbox 169 2575 263 2614; x_wconf 83' lang='lat' dir='ltr'><strong>tauri</strong></span> <span class='ocrx_word' id='word_1_292' title='bbox 282 2587 364 2611; x_wconf 87' lang='lat' dir='ltr'><strong>curn</strong></span> <span class='ocrx_word' id='word_1_293' title='bbox 383 2581 463 2608; x_wconf 86' lang='lat' dir='ltr'><strong>ante</strong></span> <span class='ocrx_word' id='word_1_294' title='bbox 489 2569 744 2621; x_wconf 85' lang='lat' dir='ltr'><strong>triumphantis</strong></span> 
     </span>
     <span class='ocr_line' id='line_1_38' title="bbox 119 2621 743 2670; baseline -0.016 -3"><span class='ocrx_word' id='word_1_295' title='bbox 119 2640 266 2667; x_wconf 86' lang='lat' dir='ltr'><strong>currum</strong></span> <span class='ocrx_word' id='word_1_296' title='bbox 301 2625 530 2665; x_wconf 86' lang='lat' dir='ltr'><strong>ducerentur,</strong></span> <span class='ocrx_word' id='word_1_297' title='bbox 560 2621 644 2659; x_wconf 87' lang='lat' dir='ltr'><strong>hinc</strong></span> <span class='ocrx_word' id='word_1_298' title='bbox 679 2621 743 2670; x_wconf 78' lang='lat' dir='ltr'><strong>ipsi</strong></span> 
     </span>
     <span class='ocr_line' id='line_1_39' title="bbox 118 2672 743 2727; baseline -0.016 -9"><span class='ocrx_word' id='word_1_299' title='bbox 118 2684 234 2718; x_wconf 80' lang='lat' dir='ltr'><strong>ducere</strong></span> <span class='ocrx_word' id='word_1_300' title='bbox 263 2675 439 2727; x_wconf 81' lang='lat' dir='ltr'><strong>triumphos</strong></span> <span class='ocrx_word' id='word_1_301' title='bbox 465 2675 514 2711; x_wconf 81' lang='lat' dir='ltr'><strong>ad</strong></span> <span class='ocrx_word' id='word_1_302' title='bbox 539 2673 662 2723; x_wconf 79' lang='lat' dir='ltr'><strong>templa</strong></span> <span class='ocrx_word' id='word_1_303' title='bbox 687 2672 743 2710; x_wconf 81' lang='lat' dir='ltr'><strong>di-</strong></span> 
     </span>
    </p>
   </div>
   <div class='ocr_carea' id='block_1_11' title="bbox 118 2740 740 2832">
    <p class='ocr_par' dir='ltr' id='par_1_11' title="bbox 118 2740 740 2832">
     <span class='ocr_line' id='line_1_40' title="bbox 118 2740 263 2769; baseline -0.014 0"><span class='ocrx_word' id='word_1_304' title='bbox 118 2740 263 2769; x_wconf 85' lang='lat' dir='ltr'><strong>cuntur.</strong></span> 
     </span>
     <span class='ocr_line' id='line_1_41' title="bbox 179 2774 740 2832; baseline -0.012 -13"><span class='ocrx_word' id='word_1_305' title='bbox 179 2793 262 2832; x_wconf 86' lang='lat'>149.</span> <span class='ocrx_word' id='word_1_306' title='bbox 306 2778 363 2815; x_wconf 77' lang='lat' dir='ltr'><strong>Ex</strong></span> <span class='ocrx_word' id='word_1_307' title='bbox 406 2776 551 2813; x_wconf 86' lang='lat' dir='ltr'><strong>Lucret.</strong></span> <span class='ocrx_word' id='word_1_308' title='bbox 593 2774 627 2818; x_wconf 90' lang='grc' dir='ltr'><strong>Ι,</strong></span> <span class='ocrx_word' id='word_1_309' title='bbox 673 2777 740 2812; x_wconf 83' lang='lat'><strong>182</strong></span> 
     </span>
    </p>
   </div>
   <div class='ocr_carea' id='block_1_12' title="bbox 119 2826 744 2986">
    <p class='ocr_par' dir='ltr' id='par_1_12' title="bbox 119 2826 744 2986">
     <span class='ocr_line' id='line_1_42' title="bbox 120 2826 744 2884; baseline -0.014 -12"><span class='ocrx_word' id='word_1_310' title='bbox 120 2835 222 2884; x_wconf 64' lang='lat' dir='ltr'><strong>Qcod</strong></span> <span class='ocrx_word' id='word_1_311' title='bbox 234 2833 276 2878; x_wconf 82' lang='lat' dir='ltr'><em>st</em></span> <span class='ocrx_word' id='word_1_312' title='bbox 298 2832 337 2867; x_wconf 85' lang='lat' dir='ltr'><strong>de</strong></span> <span class='ocrx_word' id='word_1_313' title='bbox 369 2827 470 2866; x_wconf 78' lang='lat' dir='ltr'><strong>nihilo</strong></span> <span class='ocrx_word' id='word_1_314' title='bbox 481 2828 617 2876; x_wconf 78' lang='lat' dir='ltr'><strong>fierent,</strong></span> <span class='ocrx_word' id='word_1_315' title='bbox 630 2826 744 2874; x_wconf 74' lang='lat' dir='ltr'><strong>fitbito</strong></span> 
     </span>
     <span class='ocr_line' id='line_1_43' title="bbox 119 2880 743 2928; baseline -0.016 -5"><span class='ocrx_word' id='word_1_316' title='bbox 119 2894 331 2926; x_wconf 81' lang='lat' dir='ltr'><strong>exorerentur</strong></span> <span class='ocrx_word' id='word_1_317' title='bbox 357 2880 486 2916; x_wconf 79' lang='lat' dir='ltr'><strong>Incerto</strong></span> <span class='ocrx_word' id='word_1_318' title='bbox 507 2881 619 2927; x_wconf 48' lang='lat' dir='ltr'><strong>‚spatio</strong></span> <span class='ocrx_word' id='word_1_319' title='bbox 646 2889 743 2928; x_wconf 75' lang='lat' dir='ltr'><em>atque</em></span> 
     </span>
     <span class='ocr_line' id='line_1_44' title="bbox 119 2928 741 2986; baseline -0.013 -12"><span class='ocrx_word' id='word_1_320' title='bbox 119 2937 235 2974; x_wconf 76' lang='lat' dir='ltr'><strong>alienis</strong></span> <span class='ocrx_word' id='word_1_321' title='bbox 242 2931 396 2986; x_wconf 85' lang='lat' dir='ltr'><strong>partibus</strong></span> <span class='ocrx_word' id='word_1_322' title='bbox 413 2936 508 2968; x_wconf 77' lang='lat' dir='ltr'><strong>anni.</strong></span> <span class='ocrx_word' id='word_1_323' title='bbox 547 2943 560 2967; x_wconf 81' lang='grc' dir='ltr'><em>ι</em></span> <span class='ocrx_word' id='word_1_324' title='bbox 571 2942 630 2980; x_wconf 80' lang='grc'><strong>50.</strong></span> <span class='ocrx_word' id='word_1_325' title='bbox 644 2928 741 2967; x_wconf 77' lang='lat' dir='ltr'><strong>Oves</strong></span> 
     </span>
    </p>
   </div>
   <div class='ocr_carea' id='block_1_13' title="bbox 804 2361 1433 3030">
    <p class='ocr_par' dir='ltr' id='par_1_13' title="bbox 806 2361 1433 2608">
     <span class='ocr_line' id='line_1_45' title="bbox 810 2361 1433 2403; baseline 0.003 -2"><span class='ocrx_word' id='word_1_326' title='bbox 810 2369 847 2401; x_wconf 85' lang='lat' dir='ltr'><strong>et</strong></span> <span class='ocrx_word' id='word_1_327' title='bbox 878 2363 1020 2402; x_wconf 80' lang='lat' dir='ltr'><strong>arbores</strong></span> <span class='ocrx_word' id='word_1_328' title='bbox 1038 2361 1178 2403; x_wconf 83' lang='lat' dir='ltr'><strong>biferae.</strong></span> <span class='ocrx_word' id='word_1_329' title='bbox 1224 2365 1327 2402; x_wconf 88' lang='lat' dir='ltr'>Nota</span> <span class='ocrx_word' id='word_1_330' title='bbox 1358 2365 1433 2403; x_wconf 81' lang='lat' dir='ltr'><strong>Ita·</strong></span> 
     </span>
     <span class='ocr_line' id='line_1_46' title="bbox 809 2415 1430 2455; baseline 0.005 -3"><span class='ocrx_word' id='word_1_331' title='bbox 809 2415 868 2453; x_wconf 81' lang='lat' dir='ltr'><strong>liae</strong></span> <span class='ocrx_word' id='word_1_332' title='bbox 885 2417 972 2454; x_wconf 85' lang='lat' dir='ltr'><strong>laus.</strong></span> <span class='ocrx_word' id='word_1_333' title='bbox 1000 2416 1077 2454; x_wconf 84' lang='lat' dir='ltr'><strong>vid.</strong></span> <span class='ocrx_word' id='word_1_334' title='bbox 1095 2416 1141 2454; x_wconf 89' lang='lat' dir='ltr'><strong>de</strong></span> <span class='ocrx_word' id='word_1_335' title='bbox 1159 2415 1294 2454; x_wconf 85' lang='lat' dir='ltr'><strong>Mirab.</strong></span> <span class='ocrx_word' id='word_1_336' title='bbox 1317 2418 1430 2455; x_wconf 69' lang='lat' dir='ltr'><strong>Auso.</strong></span> 
     </span>
     <span class='ocr_line' id='line_1_47' title="bbox 810 2467 1431 2506; baseline 0.005 -3"><span class='ocrx_word' id='word_1_337' title='bbox 810 2480 843 2503; x_wconf 82' lang='lat' dir='ltr'><strong>c.</strong></span> <span class='ocrx_word' id='word_1_338' title='bbox 865 2470 907 2504; x_wconf 86' lang='lat'><strong>81</strong></span> <span class='ocrx_word' id='word_1_339' title='bbox 929 2478 964 2505; x_wconf 86' lang='lat' dir='ltr'><strong>et</strong></span> <span class='ocrx_word' id='word_1_340' title='bbox 979 2467 1031 2504; x_wconf 91' lang='lat' dir='ltr'><strong>ibi</strong></span> <span class='ocrx_word' id='word_1_341' title='bbox 1051 2469 1151 2506; x_wconf 88' lang='lat' dir='ltr'>Nota</span> <span class='ocrx_word' id='word_1_342' title='bbox 1167 2469 1431 2506; x_wconf 81' lang='lat' dir='ltr'><strong>clariffimiedi-</strong></span> 
     </span>
     <span class='ocr_line' id='line_1_48' title="bbox 809 2520 910 2556; baseline 0.02 -2"><span class='ocrx_word' id='word_1_343' title='bbox 809 2520 910 2556; x_wconf 81' lang='lat' dir='ltr'><strong>toris.</strong></span> 
     </span>
     <span class='ocr_line' id='line_1_49' title="bbox 806 2570 947 2608; baseline 0.007 -2"><span class='ocrx_word' id='word_1_344' title='bbox 806 2570 947 2608; x_wconf 56' lang='lat' dir='ltr'><strong>effefflu.</strong></span> 
     </span>
    </p>

    <p class='ocr_par' dir='ltr' id='par_1_14' title="bbox 804 2621 1433 2979">
     <span class='ocr_line' id='line_1_50' title="bbox 864 2621 1433 2674; baseline 0.002 -16"><span class='ocrx_word' id='word_1_345' title='bbox 864 2634 1075 2674; x_wconf 74' lang='lat'>151—154.</span> <span class='ocrx_word' id='word_1_346' title='bbox 1119 2621 1280 2658; x_wconf 81' lang='lat' dir='ltr'><strong>Ornate:</strong></span> <span class='ocrx_word' id='word_1_347' title='bbox 1321 2622 1433 2659; x_wconf 81' lang='lat' dir='ltr'><strong>Caret</strong></span> 
     </span>
     <span class='ocr_line' id='line_1_51' title="bbox 804 2669 1428 2716; baseline 0.002 -8"><span class='ocrx_word' id='word_1_348' title='bbox 804 2669 912 2709; x_wconf 84' lang='lat' dir='ltr'><strong>Italia</strong></span> <span class='ocrx_word' id='word_1_349' title='bbox 939 2672 1091 2711; x_wconf 87' lang='lat' dir='ltr'><strong>ferarum</strong></span> <span class='ocrx_word' id='word_1_350' title='bbox 1119 2673 1297 2716; x_wconf 82' lang='lat' dir='ltr'><strong>monstris,</strong></span> <span class='ocrx_word' id='word_1_351' title='bbox 1324 2686 1428 2709; x_wconf 89' lang='lat' dir='ltr'><strong>vene-</strong></span> 
     </span>
     <span class='ocr_line' id='line_1_52' title="bbox 807 2723 1431 2776; baseline 0.002 -16"><span class='ocrx_word' id='word_1_352' title='bbox 807 2724 902 2760; x_wconf 84' lang='lat' dir='ltr'><strong>natis</strong></span> <span class='ocrx_word' id='word_1_353' title='bbox 921 2723 1051 2776; x_wconf 77' lang='lat' dir='ltr'><strong>plantis</strong></span> <span class='ocrx_word' id='word_1_354' title='bbox 1061 2735 1096 2761; x_wconf 90' lang='lat' dir='ltr'><strong>et</strong></span> <span class='ocrx_word' id='word_1_355' title='bbox 1116 2724 1431 2773; x_wconf 72' lang='lat' dir='ltr'><strong>reptilibus.sae-va</strong></span> 
     </span>
     <span class='ocr_line' id='line_1_53' title="bbox 805 2774 1429 2825; baseline 0.002 -14"><span class='ocrx_word' id='word_1_356' title='bbox 805 2774 930 2812; x_wconf 81' lang='lat' dir='ltr'><em>leonum</em></span> <span class='ocrx_word' id='word_1_357' title='bbox 950 2779 1097 2825; x_wconf 59' lang='lat' dir='ltr'><strong>firmina,</strong></span> <span class='ocrx_word' id='word_1_358' title='bbox 1127 2780 1215 2822; x_wconf 64' lang='grc' dir='ltr'><em>γένη,</em></span> <span class='ocrx_word' id='word_1_359' title='bbox 1246 2775 1326 2811; x_wconf 73' lang='lat' dir='ltr'><strong>saevi</strong></span> <span class='ocrx_word' id='word_1_360' title='bbox 1355 2777 1429 2812; x_wconf 80' lang='lat' dir='ltr'><strong>leo-</strong></span> 
     </span>
     <span class='ocr_line' id='line_1_54' title="bbox 807 2825 1421 2876; baseline 0.005 -15"><span class='ocrx_word' id='word_1_361' title='bbox 807 2838 882 2868; x_wconf 83' lang='lat' dir='ltr'><strong>nes,</strong></span> <span class='ocrx_word' id='word_1_362' title='bbox 920 2839 965 2863; x_wconf 87' lang='lat' dir='ltr'><strong>ex</strong></span> <span class='ocrx_word' id='word_1_363' title='bbox 1001 2825 1218 2864; x_wconf 54' lang='lat' dir='ltr'><strong>Luc-retiano</strong></span> <span class='ocrx_word' id='word_1_364' title='bbox 1250 2826 1323 2868; x_wconf 81' lang='grc' dir='ltr'><strong>ΙΙΙ,</strong></span> <span class='ocrx_word' id='word_1_365' title='bbox 1352 2840 1421 2876; x_wconf 78' lang='lat'><strong>741</strong></span> 
     </span>
     <span class='ocr_line' id='line_1_55' title="bbox 806 2878 1427 2928; baseline 0 -14"><span class='ocrx_word' id='word_1_366' title='bbox 806 2881 893 2928; x_wconf 70' lang='lat' dir='ltr'><strong>trsse</strong></span> <span class='ocrx_word' id='word_1_367' title='bbox 921 2878 1046 2915; x_wconf 69' lang='lat' dir='ltr'><strong>leonum</strong></span> <span class='ocrx_word' id='word_1_368' title='bbox 1079 2879 1269 2914; x_wconf 70' lang='lat' dir='ltr'><strong>Seminismz.</strong></span> <span class='ocrx_word' id='word_1_369' title='bbox 1321 2889 1427 2920; x_wconf 75' lang='lat' dir='ltr'><em>tamo,</em></span> 
     </span>
     <span class='ocr_line' id='line_1_56' title="bbox 806 2928 1270 2979; baseline 0.004 -15"><span class='ocrx_word' id='word_1_370' title='bbox 806 2939 878 2964; x_wconf 72' lang='lat' dir='ltr'><strong>tam</strong></span> <span class='ocrx_word' id='word_1_371' title='bbox 898 2928 1023 2979; x_wconf 84' lang='lat' dir='ltr'><strong>longo,</strong></span> <span class='ocrx_word' id='word_1_372' title='bbox 1045 2941 1151 2979; x_wconf 80' lang='lat' dir='ltr'><strong>quam</strong></span> <span class='ocrx_word' id='word_1_373' title='bbox 1169 2928 1270 2966; x_wconf 86' lang='lat' dir='ltr'><strong>alibi.</strong></span> 
     </span>
    </p>

    <p class='ocr_par' dir='ltr' id='par_1_15' title="bbox 859 2979 1426 3030">
     <span class='ocr_line' id='line_1_57' title="bbox 859 2979 1426 3030; baseline 0.002 -15"><span class='ocrx_word' id='word_1_374' title='bbox 859 2979 896 3015; x_wconf 84' lang='lat' dir='ltr'>X</span> <span class='ocrx_word' id='word_1_375' title='bbox 927 2993 946 3019; x_wconf 79' lang='lat'>2</span> <span class='ocrx_word' id='word_1_376' title='bbox 1177 2992 1259 3030; x_wconf 72' lang='lat'><strong>135.</strong></span> <span class='ocrx_word' id='word_1_377' title='bbox 1281 2980 1426 3029; x_wconf 81' lang='lat' dir='ltr'><strong>Operum</strong></span> 
     </span>
    </p>
   </div>
   <div class='ocr_carea' id='block_1_14' title="bbox 979 2519 1432 2570">
    <p class='ocr_par' dir='ltr' id='par_1_16' title="bbox 979 2519 1432 2570">
     <span class='ocr_line' id='line_1_58' title="bbox 979 2519 1432 2570; baseline 0 -13"><span class='ocrx_word' id='word_1_378' title='bbox 979 2519 1068 2558; x_wconf 75' lang='lat' dir='ltr'><strong>utilis</strong></span> <span class='ocrx_word' id='word_1_379' title='bbox 1102 2532 1170 2570; x_wconf 87' lang='lat' dir='ltr'><strong>pro</strong></span> <span class='ocrx_word' id='word_1_380' title='bbox 1204 2519 1346 2564; x_wconf 85' lang='lat' dir='ltr'><strong>fertilis,</strong></span> <span class='ocrx_word' id='word_1_381' title='bbox 1384 2521 1432 2557; x_wconf 91' lang='lat' dir='ltr'><strong>ab</strong></span> 
     </span>
    </p>
   </div>
  </div>
 </body>
</html>
