1821 3381
256 286 814 368 'Bucomcffi
879 307 1070 356 ECL.
1126 306 1171 354 1.

1314 319 1374 370 35

65 434 173 496 'Hic
199 447 337 495 illum
359 447 459 494 vidi
476 445 718 510 juvenem,
743 439 991 496 Meliboee,
1012 437 1262 501 quotannis

70 538 151 585 Bis
180 537 311 583 senos
335 537 411 583 cui
436 535 588 582 nostra
610 533 710 579 dies
732 529 894 577 altaria
916 528 1118 575 fumant.

69 627 172 674 Hic
196 627 315 673 mihi
338 624 612 689 responsum
634 625 820 687 primus
843 620 974 668 dedit
990 619 1072 665 ille
1086 618 1290 681 petenti:
1312 625 1372 678 45

69 715 267 772 Pascite,
292 728 346 763 ut
366 729 487 772 ante,
509 715 668 772 boves,
699 713 862 777 pueri5
887 709 1151 758 submittite
1172 720 1347 755 tauros.

574 812 868 845 MELIBOEUS.

72 891 335 941 Fortunate
355 887 508 944 senex,
532 902 647 949 ergo
668 898 748 932 tua
768 903 875 935 rura
898 888 1186 936 manebunt!

111 1029 166 1060 43.
199 1025 261 1061 quot
284 1018 366 1048 annis
406 1014 532 1047 divifim
556 1013 765 1055 antiquiores.
785 1024 818 1044 v.
848 1014 933 1045 Pier.

1023 1024 1076 1055 45.
1094 1016 1218 1057 primum
1233 1016 1384 1060 Longob.

469 1064 719 1103 Pierii.——46.
734 1078 831 1108 greges
846 1066 984 1107 IVIenag.

65 1151 184 1198 ¹iarum
204 1157 343 1196 ratione
361 1154 502 1202 habita,
528 1169 612 1193 cum
630 1167 692 1192 ne-

68 1222 141 1263 que
157 1211 355 1248 libertatem
371 1222 577 1260 recuperare
587 1206 693 1251 alibi,

69 1277 186 1314 neque
214 1272 288 1299 tam
311 1264 487 1311 praefintes
516 1260 553 1297 h.
573 1258 696 1309 propi-

69 1315 157 1357 tios,
185 1313 339 1356 faventes
365 1316 418 1362 (v.
438 1312 572 1357 Cerda)
593 1311 695 1354 deoe,

69 1375 143 1403 tam
160 1365 309 1416 praesens
325 1377 449 1411 eorum
467 1362 696 1405 beneficium,

69 1414 159 1465 alibi
174 1416 330 1468 experiri
344 1416 487 1467 poffem.
529 1428 592 1464 43.
613 1414 696 1451 Hac

72 1469 112 1507 in
130 1468 216 1506 urbe
234 1468 359 1506 herum
377 1481 494 1504 meum
512 1466 605 1511 vidi,
622 1475 697 1502 tam

71 1520 283 1558 munificum
318 1529 353 1556 et
385 1520 517 1563 lenem,
544 1528 584 1554 ut
614 1530 697 1554 eum

71 1585 138 1626 pro
182 1571 252 1608 deo
296 1571 414 1608 colere
462 1568 696 1607 decreverim.

73 1624 184 1660 Dicta
201 1622 276 1659 haec
295 1622 359 1658 effe
377 1621 534 1672 respec‘tu
553 1621 598 1657 ad
616 1620 697 1657 Cae-

70 1671 183 1713 sarem
200 1673 443 1711 Ostavianum
460 1672 602 1717 habim,
630 1673 697 1709 du-

72 1726 184 1764 bitari
203 1726 265 1763 vix
283 1725 407 1776 potest.
462 1724 509 1760 Ei
539 1723 573 1760 se
599 1737 698 1761 men-

72 1777 175 1816 struis
195 1777 299 1814 sacris
317 1776 418 1813 litare
436 1777 527 1813 velle
553 1774 616 1812 ait.
645 1775 696 1812 cf.

71 1844 109 1868 v.
126 1845 163 1882 7.
183 1833 217 1868 8.
248 1833 395 1880 ftcmant
411 1841 476 1878 pro
490 1827 697 1865 fumabunt.

71 1895 135 1932 45.
166 1880 242 1929 Hic
268 1879 426 1930 primum
453 1878 521 1915 tuli
545 1878 698 1927 *respon-

72 1933 150 1970 sum
162 1931 269 1974 illud,
281 1930 318 1969 h.
333 1931 483 1968 facultas
497 1928 600 1966 nobis
614 1929 699 1966 data

72 1984 134 2027 est,
163 1993 203 2020 ut
220 1996 284 2020 nos
302 1982 418 2032 pueri,
434 1995 563 2025 vernae,
589 1980 697 2024 servi,

72 2030 184 2073 libere
197 2034 420 2086 pasceremus
434 2043 469 2070 et
482 2043 602 2070 tauros
616 2032 698 2069 sub-

72 2084 305 2133 mitteremus.
364 2083 501 2122 Similis
526 2083 700 2122 orationis

71 2139 173 2176 color
191 2139 240 2175 est
258 2137 297 2174 in
322 2136 491 2186 Agathiae
519 2135 699 2186 epigram-

77 2201 186 2227 mate.
206 2203 241 2226 v.
268 2199 325 2239 ap.
347 2188 506 2225 Brunck.
534 2188 700 2226 Analecff.

70 2247 162 2279 tom.
181 2241 253 2283 ΙΙΙ,
272 2253 307 2290 p.
327 2242 391 2290 46.
406 2253 441 2276 n.
457 2238 603 2276 xxxvii.
634 2239 701 2275 Rc·-

59 2296 215 2342 sponsum
232 2305 305 2339 non
324 2304 418 2328 nunc
437 2304 479 2327 eo
497 2289 612 2335 sensu,
627 2304 701 2340 quo

71 2344 232 2388 oracula,
266 2342 351 2380 hinc
382 2342 471 2392 jussa
501 2342 699 2379 dicuntur:

72 2409 139 2433 nec
157 2406 230 2431 tam
248 2393 452 2445 magnifice,
478 2407 587 2444 quam
604 2393 702 2444 apud

74 2439 210 2484 Horat.
230 2444 277 2482 C.
298 2447 333 2483 S.
362 2458 423 2496 55.
452 2447 540 2494 Jam
566 2445 700 2495 Scythae

74 2500 219 2548 resporqsa
242 2507 360 2547 petunt
375 2510 388 2531 .·
417 2496 475 2533 sed
503 2497 616 2547 fimpl.
646 2510 700 2533 re-

76 2547 224 2601 spondit
252 2542 404 2599 petenti,
421 2547 560 2585 annuit.
613 2547 699 2598 Stab-

74 2606 192 2640 mittite
206 2611 327 2638 tauros.
364 2597 476 2636 Varie
492 2599 700 2649 interpretes

75 2658 276 2704 exponunt.
329 2650 474 2688 Servius
493 2663 576 2688 cum
596 2651 697 2689 aliis:

74 2697 164 2759 jugo
190 2701 400 2740 submittere
427 2703 473 2739 ad
497 2701 697 2740 arandum:

77 2756 184 2797 reste,
217 2754 327 2791 modo
345 2756 445 2806 jugo,
474 2765 604 2796 aratro,
639 2764 700 2792 aut

77 2804 191 2844 simile
225 2805 315 2856 quid
350 2806 558 2855 adjunctum
590 2805 671 2842 effet
688 2821 699 2850 ;

77 2856 140 2894 etsi
166 2857 221 2895 vel
242 2856 288 2894 fic
312 2869 333 2892 a
350 2858 526 2907 pastorum
553 2855 702 2907 persona

77 2907 234 2949 'alienum
264 2907 374 2948 foret.
425 2907 622 2948 Submittere
655 2909 703 2947 est

757 1151 850 1191 alere
875 1153 922 1191 ad
947 1167 1095 1206 gregem
1123 1154 1356 1206 supplendum
1370 1172 1385 1202 ς

757 1219 841 1242 nam
873 1206 1139 1257 subjunguntur
1169 1208 1316 1258 reliquis
1348 1218 1386 1246 et

758 1267 1001 1308 aggregantur
1043 1258 1072 1295 ii
1114 1259 1222 1304 tauri,
1256 1260 1388 1309 quibus

759 1323 847 1360 grex
884 1309 1077 1360 suppletur.
1131 1311 1205 1348 Ge.
1233 1311 1306 1355 III,
1335 1325 1383 1363 73

760 1377 835 1412 quos
868 1364 903 1397 in
925 1364 1021 1411 spem
1042 1365 1170 1412 statues
1191 1363 1389 1411 submittere

756 1419 877 1463 gentis.
908 1413 957 1450 cf.
992 1427 1074 1464 159.
1096 1428 1131 1452 v.
1161 1414 1283 1452 Burm.
1303 1415 1339 1452 h.
1358 1415 1388 1454 l.

763 1464 877 1502 Gesn.
891 1463 928 1500 in
939 1465 1051 1502 Thes.
1085 1465 1388 1504 Submittereenim

761 1516 828 1552 effe
854 1515 995 1553 mittere
1022 1517 1061 1553 in
1088 1518 1232 1555 alterius
1249 1518 1389 1563 locum,

761 1566 936 1618 supplere,
950 1568 1188 1606 dubitandum
1199 1570 1302 1620 plane
1313 1583 1391 1607 non

760 1619 820 1656 est.
867 1621 928 1655 An
952 1619 1088 1658 dierum
1116 1622 1182 1658 effe
1203 1620 1305 1671 possit
1324 1634 1392 1672 pro

761 1681 870 1708 maros
887 1673 1072 1713 admittere,
1099 1672 1266 1710 dubitare
1286 1673 1391 1712 licet.

762 1720 911 1759 Femina
945 1722 1185 1769 submittitur,
1212 1738 1283 1762 non
1310 1736 1391 1762 tau-

762 1786 820 1809 rus
856 1774 959 1817 bovi,
999 1785 1038 1812 ut
1060 1776 1255 1824 submittere
1289 1793 1392 1828 equas

727 1867 730 1869 ,
762 1823 900 1864 Pallad.
921 1825 1036 1864 Mart.
1062 1840 1120 1875 13,
1136 1828 1182 1876 63
1191 1828 1392 1877 stcbmitten-

761 1878 815 1913 dae
840 1881 945 1914 tauris
971 1895 1102 1920 vaccae‚
1130 1878 1227 1916 idem
1253 1880 1329 1928 Jul.
1347 1894 1391 1930 4,

765 1942 779 1966 1
802 1945 812 1974 3
848 1932 884 1965 in
905 1933 1062 1980 fiturum
1083 1931 1241 1978 submitti
1263 1935 1394 1982 pfftnt

761 1996 881 2028 vaccae
894 1980 987 2019 ibid.
1021 1980 1254 2020 Nemefianus
1270 1994 1394 2022 tamen

764 2031 862 2068 dixit
880 2032 1022 2082 Cyneg.
1053 2047 1145 2082 1¹4²
1175 2036 1263 2072 Huic
1291 2035 1394 2084 (cani

763 2083 922 2131 feminae)
953 2086 1096 2134 parilem
1121 2086 1281 2135 submitte
1319 2105 1394 2126 ma-

764 2150 857 2180 7·em;
894 2133 994 2173 aliud
1032 2145 1151 2174 autem
1186 2139 1393 2189 exemplum

764 2186 927 2224 nondum
941 2187 1033 2225 vidi.
1079 2189 1300 2228 Theocritus
1313 2191 1393 2235 IX,

768 2251 788 2287 3
821 2239 946 2276 eadem
980 2239 1098 2278 forma
1131 2241 1186 2279 uti
1220 2240 1392 2281 videtur:

766 2291 1394 2345 Μόσχωςβωσῖνὺφέντες,ὗπὸςείξοιισι

765 2338 798 2380 δὲ
814 2345 958 2392 ταύξωςς
969 2340 1030 2380 etsl
1042 2354 1077 2381 et
1090 2345 1152 2382 hic
1163 2346 1276 2383 dubia
1285 2347 1395 2386 lec-tio

765 2395 829 2438 est,
843 2408 926 2432 cum
953 2394 993 2431 in
1019 2396 1100 2434 aliis
1125 2398 1181 2435 ἐπὶ
1198 2416 1229 2439 ς.
1257 2399 1325 2445 fit3
1357 2409 1395 2436 et

765 2445 828 2482 vix
846 2450 967 2496 ὑφιέναι
985 2448 1113 2485 eodem
1131 2446 1234 2487 versu
1252 2450 1395 2501 duplici

765 2496 864 2534 sensu
882 2499 979 2535 dixit
996 2501 1116 2549 poeta,
1143 2512 1183 2538 ut
1208 2512 1245 2539 et
1271 2502 1312 2539 fit
1333 2509 1395 2540 vi-

764 2548 845 2587 tulos
871 2550 1022 2588 uberibus
1047 2562 1192 2590 matrum
1217 2555 1396 2592 admovere

768 2603 823 2648 (ut
840 2602 951 2652 vulgo
973 2615 1015 2639 ea
1037 2616 1109 2640 vox
1129 2602 1336 2651 adhibetur,
1355 2621 1396 2645 v.

765 2665 799 2689 c.
810 2652 884 2698 IV,
894 2657 953 2703 4),
963 2663 999 2690 et
1009 2657 1180 2694 admittere
1191 2664 1304 2695 vaccis
1316 2669 1397 2695 tau·

767 2719 851 2742 rum.
907 2704 1073 2743 Debebat
1100 2708 1146 2744 ad
1169 2721 1203 2746 e.
1221 2709 1246 2745 1.
1272 2709 1395 2748 audiri

768 2754 948 2800 Reiikius,

767 2807 961 2858 neglectus.

787 2908 796 2916 .
820 2872 886 2909 47.
914 2861 1005 2911 Ergo
1029 2871 1089 2899 tua
1114 2878 1197 2900 rura
1217 2863 1397 2902 manebunt

768 2907 856 2955 tibi,
879 2923 952 2948 non
969 2911 1181 2966 eripientur,
1207 2926 1238 2953 et
1254 2928 1295 2953 ea
1313 2914 1396 2965 qui-

845 2960 879 3000 C
908 2974 931 3001 z
1308 2966 1395 3006 dem

1003 2757 1156 2797 nimium
1207 2758 1394 2799 interdum
