1821 3381
322 310 856 369 GEORGICON,
904 308 1058 357 LIB.
1115 305 1233 355 IV..
1307 314 1398 367 523

103 451 272 500 Tristis
295 451 354 498 ad
372 448 571 496 extremi
595 446 778 493 sacrum
799 454 942 507 caput
965 440 1140 489 adstitit
1157 437 1324 495 amnis,

106 540 267 586 Multa
288 554 498 602 querenS‚
521 548 658 598 atque
680 535 767 581 hac
786 533 970 579 adfatus
987 545 1101 576 voce
1117 539 1358 591 parentem
1375 543 1390 572 z

108 633 269 679 Mater
294 630 491 691 Cyrene,
515 639 678 683 mater,
699 642 807 689 quae
828 622 1031 688 gurgitis
1055 620 1191 685 hujus

1314 630 1403 678 321

106 714 214 761 Ima
233 725 381 768 tenes,
414 709 531 773 quid
555 724 630 755 me
653 707 880 771 praeclara
904 706 1044 768 stirpe
1061 704 1275 757 deorum,

108 811 158 859 Si
194 810 353 866 modo,
390 823 536 872 quem
567 804 800 869 perhibes,
830 815 966 874 pater
998 801 1064 848 est
1097 798 1414 862 Thymbraeus

301 898 496 962 Apollo,

108 988 322 1038 Invisum
343 989 448 1036 fatis
470 988 704 1053 genuisti?
736 999 817 1035 aut
839 1003 932 1050 quo
955 986 1044 1033 tibi
1067 983 1211 1031 nostri

112 1080 276 1130 Pulsus
290 1079 456 1127 amor?
470 1079 587 1142 quid
603 1095 678 1126 me
693 1079 873 1126 coelum
888 1075 1276 1140 spcrarejubebas
1294 1073 1311 1119 ?
1327 1087 1384 1135 32
1391 1084 1416 1135 5

162 1221 240 1254 319.
263 1218 412 1243 extremum
440 1209 515 1241 libri
543 1209 666 1250 aliquot
696 1209 779 1250 apud
811 1207 966 1238 Pierium.

112 1266 235 1296 Moret.
275 1264 412 1304 placidum
435 1268 516 1302 caput
532 1261 654 1292 Medic.

748 1269 818 1298 320.
843 1261 949 1300 affiztur
965 1257 1102 1288 Mentel.
1119 1268 1169 1298 pr.

113 1326 162 1358 pr.
203 1321 343 1357 parentem
359 1314 393 1356 cst
407 1320 470 1343 tres
485 1323 532 1353 ap.
552 1313 660 1342 Burm.
692 1311 791 1341 Goth.
814 1321 862 1351 pr,

117 1373 150 1398 et
174 1365 254 1397 alter
279 1363 429 1401 Mentel„
456 1362 539 1394 forte
566 1373 602 1392 ex
623 1360 882 1403 pronuntiatione
897 1362 933 1390 et?
956 1373 973 1392 n
996 1359 1027 1389 in
1046 1357 1155 1401 Κυξνζνη.

1033 1214 1180 1237 extremum
1201 1206 1283 1245 sileri
1307 1203 1423 1245 fragm.

1213 1258 1310 1297 qffiztus
1325 1254 1426 1285 Goth·

954 1318 1028 1347 321.
1056 1309 1156 1349 Cyrbze
1183 1308 1267 1337 Gud.
1293 1307 1430 1347 semper,

1245 1366 1262 1395 3
1268 1366 1285 1388 2
1290 1366 1317 1388 2.
1340 1362 1428 1386 tenens

120 1416 262 1449 Mentel.
272 1426 322 1457 pr.
365 1417 394 1445 d.-
409 1416 486 1444 clara
502 1413 569 1444 Erf.
615 1415 730 1456 astirpe
745 1414 841 1443 Rom.
860 1422 932 1442 cum
948 1421 1012 1441 uno
1036 1409 1194 1445 Pieriano,
1218 1408 1302 1438 Gud.
1319 1414 1352 1438 et
1369 1407 1431 1438 sec.

120 1469 245 1500 Moret.
263 1466 330 1496 vid.
346 1465 386 1496 ad
401 1466 479 1495 AEn.
497 1465 522 1502 Ι,
546 1472 760 1506 19.-—-324.
782 1475 818 1493 an
846 1475 895 1503 quo
918 1462 1053 1501 Menag.
1094 1460 1177 1502 nqster
1203 1458 1320 1488 Medic.
1348 1467 1368 1488 a
1384 1467 1431 1488 m.

119 1525 332 1562 pr.--—325.
356 1517 415 1556 quis
429 1528 471 1545 me
486 1522 590 1556 quart.
606 1515 730 1546 Moret.
775 1514 884 1544 videbas
902 1511 1001 1543 Goth.
1015 1511 1090 1548 sec„
1105 1516 1258 1552 perpetuo
1269 1508 1368 1551 lapsu.

121 1619 302 1670 sequutuS,
319 1619 446 1658 ostium
465 1617 570 1655 Penei
589 1617 745 1666 intelligi

121 1672 302 1710 volebam.
357 1670 469 1707 Vetat
512 1682 629 1707 tamen
672 1669 742 1706 hoc

124 1737 243 1762 rerum
260 1721 391 1772 species
405 1732 439 1758 et
453 1722 618 1758 locorum
638 1719 742 1762 ratio,

123 1788 231 1826 quam
268 1778 384 1824 po'etae
418 1773 540 1809 animo
583 1771 745 1808 insedisse

126 1825 351 1864 manifestum
385 1824 454 1869 est3
492 1823 626 1860 etiamsi
660 1835 746 1859 con-

125 1878 271 1920 ceffero,
310 1886 424 1925 caput,
451 1875 504 1911 uti
532 1891 578 1922 os,
604 1889 676 1917 ora,
703 1873 748 1909 de

125 1927 315 1967 fluminum
327 1926 419 1964 ostio
432 1926 508 1964 dici
525 1926 631 1976 poffe,
651 1924 749 1974 quod

127 1979 287 2017 docuisse
305 1978 370 2016 fibi
386 1977 480 2015 visus
497 1979 543 2014 est
563 1977 683 2013 Burm.
704 1975 750 2011 ad

129 2031 254 2069 Valet.
275 2029 396 2067 Flacc.
415 2029 468 2074 V,
498 2042 583 2079 351·
611 2027 749 2064 Lucan.

130 2082 186 2127 Π,
217 2096 278 2133 52,
314 2080 476 2118 adversus
509 2092 615 2129 quem
649 2079 752 2115 dode

131 2133 375 2184 disputantem
402 2131 485 2167 vide
517 2130 567 2167 V.
595 2130 641 2167 C.
674 2129 753 2166 Ou-

132 2198 231 2222 wens
258 2184 371 2221 Noa.
403 2183 503 2233 Hag.
529 2195 564 2232 p.
599 2183 669 2232 598
702 2179 754 2229 sq.

134 2236 219 2275 Nec
252 2234 419 2273 affensum
453 2233 659 2284 exprimunt
697 2232 756 2268 seu

136 2288 221 2333 {1133
256 2291 402 2324 extremi
440 2291 560 2328 amnis,
603 2284 661 2320 seu
700 2296 756 2325 ea,

137 2352 217 2390 quae
233 2338 326 2374 infra
343 2346 537 2372 memorata
555 2335 612 2372 vff.
635 2346 758 2385 359——

138 2391 227 2440 362,
255 2389 300 2425 ad
331 2387 463 2424 fontem
492 2397 526 2423 ct
555 2386 662 2423 initia
688 2385 758 2421 flu-

137 2440 248 2480 minis
265 2439 388 2476 referri
407 2439 495 2475 bene
521 2447 666 2488 queunt.
696 2437 757 2472 Sa-

137 2505 183 2531 ne
214 2501 371 2534 antrum,
399 2503 443 2528 ex
461 2503 532 2540 quo
567 2489 648 2526 fons
678 2500 759 2538 pro-

135 2543 315 2594 greditur,
341 2552 508 2592 perpetua
526 2539 617 2590 apud
637 2543 761 2589 poetas

139 2594 351 2633 Fluviorum
376 2592 489 2642 regia,
516 2602 551 2628 et
570 2590 760 2639 Nympha-

139 2659 218 2686 rum
255 2645 374 2690 sedes3
400 2643 446 2681 cf.
484 2644 618 2693 Spence
654 2641 760 2690 Poly-

139 2706 223 2736 met.
243 2710 278 2747 p.
300 2700 388 2734 226.
420 2707 507 2744 227,
534 2703 569 2730 et
587 2705 681 2730 nunc
701 2705 763 2727 an-

139 2758 194 2793 tra
221 2758 256 2784 et
284 2745 370 2782 vasti
396 2746 540 2782 recessus
563 2745 601 2781 in
620 2742 762 2781 visceri-

139 2800 207 2837 bus
225 2809 324 2835 terrae
340 2795 584 2846 intelligendi,
612 2795 655 2831 ad
675 2807 764 2843 quos

140 2863 204 2902 per
220 2849 334 2901 ipsum
354 2848 493 2884 fontem
512 2845 695 2884 descensus
713 2846 766 2884 fit.

144 2900 215 2941 ‚Pto
233 2901 398 2952 exemplo
416 2899 475 2938 hie
496 2899 596 2937 locus
613 2897 679 2937 effe
700 2909 766 2949 po—

808 1618 886 1661 test,
932 1617 971 1654 in
1015 1620 1122 1666 poe'ta
1166 1611 1432 1664 interpretando

808 1678 1090 1757 ἱῖῗέἒὲῗξῖιὶῗι
1105 1676 1341 1767 ἓζζέἐὲἱζῗῖ
1353 1663 1436 1751 {¹331

815 1771 870 1808 sus
918 1769 1082 1821 poeticus
1124 1768 1267 1806 hebeat.
1346 1765 1437 1802 Erat

817 1833 933 1859 autem
975 1831 1101 1864 mater,
1153 1820 1312 1868 Cyrene,
1363 1829 1437 1854 una

817 1887 862 1911 ex
898 1871 1082 1923 Nymphis
1115 1872 1219 1921 hujus
1260 1867 1437 1911 fluminis,

820 1925 1015 1974 eademque
1043 1923 1148 1960 Penei
1171 1923 1245 1960 filia
1265 1921 1325 1959 seu
1350 1933 1436 1969 nep-

820 1977 878 2013 tis.
933 1975 1045 2026 Apud
1070 1974 1264 2011 Pindarum
1293 1972 1332 2009 P.
1359 1970 1438 2015 IX,

822 2041 884 2077 90.
925 2040 1010 2071 121,
1037 2026 1083 2063 ab
1116 2025 1287 2076 Apolline
1310 2023 1374 2060 illa
1400 2021 1440 2059 in

823 2078 978 2127 Libyam
1014 2077 1222 2120 abducitur;
1277 2083 1314 2112 at
1331 2074 1369 2112 h.
1413 2073 1442 2111 l.

823 2130 934 2179 patris
968 2129 1100 2179 regiam
1135 2127 1275 2165 incolit.
1329 2125 1442 2162 Porro

825 2182 920 2218 hunc
956 2180 1093 2218 versum
1127 2188 1162 2216 et
1192 2178 1253 2215 has
1283 2176 1444 2227 querelas

825 2245 870 2269 ex
914 2231 1115 2268 Homerica
1159 2227 1444 2279 expostulatione

828 2282 986 2321 Achillis
1004 2296 1086 2320 cum
1104 2281 1266 2319 Thetide
1283 2279 1389 2317 Iliad.
1403 2296 1446 2323 x,

832 2347 904 2384 349
933 2335 1008 2384 sqq.
1039 2334 1208 2384 expressas
1236 2332 1318 2376 effe,
1343 2340 1447 2367 nota-

829 2395 914 2423 runt
943 2385 1064 2435 Intpp.
1118 2384 1188 2421 Sed
1213 2383 1364 2422 mirifice
1385 2393 1450 2418 ex-

831 2436 970 2474 ornavit
989 2435 1168 2486 Virgilius
1186 2436 1280 2472 nude
1302 2433 1348 2470 ab
1368 2432 1452 2470 Ho-

832 2501 931 2526 mero
967 2487 1121 2537 primum
1157 2485 1299 2524 tradita.
1336 2483 1449 2522 Conf-

831 2539 939 2576 etiam
963 2538 1070 2576 Iliad.
1103 2556 1139 2582 σ,
1158 2551 1208 2587 70
1230 2537 1307 2586 sqq.
1364 2548 1453 2584 323.

834 2589 1021 2640 Thymbra,
1047 2602 1131 2640 ager
1149 2587 1321 2632 Troadis,
1344 2586 1456 2624 fluvio

835 2640 1044 2689 Thymbrio
1088 2641 1271 2690 irrigatus,
1324 2638 1386 2688 qui
1413 2637 1455 2675 in

836 2691 1092 2729 Scamandrum
1110 2691 1143 2728 se
1161 2688 1349 2733 immittit;
1368 2688 1456 2725 fano

837 2743 1021 2794 Apollinis
1035 2742 1186 2780 nobilis.
1201 2741 1327 2779 Strabo
1341 2738 1458 2784 XIII,

835 2797 1066 2883 {durabimus
1075 2793 1134 2881 {ic}
1154 2803 1297 2894 (Ildlyissm
1313 2790 1459 2894 ‘'Virzsg?

841 2909 929 2949 324·
960 2895 1017 2935 Ita
1034 2896 1120 2937 AEn.
1148 2895 1206 2948 112
1230 2905 1304 2949 595
1322 2893 1461 2946 quoiam

1365 2948 1468 2996 nffln’
