1987 3361
391 250 867 325 co'chlssth
925 275 1095 324 MSS.
1294 293 1406 332 ivn

96 430 208 462 cum
233 412 456 460 Gudiano
478 422 524 456 et
548 407 772 455 Mediceo
788 406 1036 454 consentit.
1107 408 1306 458 Videtur
1327 412 1407 461 hic

97 499 186 545 effe
203 497 257 554 is,
291 493 373 557 qui
398 495 446 540 in
469 503 748 554 apparatum
773 488 1052 536 Gudianum
1074 490 1316 554 migravit.
1339 494 1404 542 cf.

94 578 182 627 inf.
208 579 266 624 de
286 587 511 640 apparatu
536 572 756 618 Saxiano.

166 662 378 719 Leidenfis
401 657 672 705 Bibliothecae
696 654 863 701 itidem
889 663 990 713 tres,
1023 673 1050 702 a
1072 656 1149 718 Jo.
1178 660 1252 706 Fr.
1279 660 1409 708 Gro..

96 746 240 793 novio
283 740 581 805 suppeditati,
626 739 866 784 vetustatis
906 740 1100 786 nomine
1140 757 1303 789 omnes
1345 742 1408 789 ab

98 825 296 875 Heinfio
328 821 521 870 laudati.
606 819 687 865 Ab
719 819 792 865 his
821 819 989 866 diverfi
1024 820 1156 867 fuiffe
1186 823 1408 871 videntur

96 913 175 957 duo
201 907 434 967 Leidelffe5‚
467 919 586 966 quos
611 900 708 964 ipse
733 900 1028 948 Burmannus
1052 904 1273 952 contulit.

163 990 327 1037 Codex
351 987 689 1042 Montalbanius,
729 999 876 1046 quem
899 985 959 1031 ab
985 984 1166 1033 Ovidio
1189 987 1407 1037 Montal-

95 1072 253 1128 banio,
303 1068 477 1117 Philos.
505 1067 632 1115 Prof.
656 1067 785 1130 apud
811 1067 1140 1125 BononienseS,
1174 1068 1301 1116 dono
1324 1087 1407 1119 ae..

94 1166 282 1218 ceperat
305 1152 545 1210 Heinsius,
579 1164 688 1198 ante
712 1152 761 1198 D
785 1151 958 1197 abhinc
990 1167 1135 1198 annos
1159 1151 1406 1217 scriptum,

94 1236 224 1299 quod
249 1236 295 1282 in
320 1235 442 1281 notis
466 1235 524 1281 ad
549 1234 661 1282 AEn.
689 1233 748 1291 V,
775 1247 866 1296 522
902 1250 1014 1281 eum
1037 1233 1260 1282 indicaffe
1283 1236 1406 1284 Bur-

95 1335 292 1366 mannus
316 1317 414 1381 ipse
437 1317 720 1364 observavit.
904 1322 905 1325 ’

161 1400 361 1447 Codices
404 1401 662 1464 Menagiani
703 1400 794 1456 αἰιο,
828 1399 888 1447 ab
930 1399 1129 1464 AEgidio
1174 1402 1405 1468 Menagio

93 1482 292 1530 Heinsio
309 1482 519 1538 conceffi,
543 1498 748 1545 quorum
769 1482 883 1528 alter
903 1482 1177 1530 recentioris
1203 1484 1296 1532 fuit
1316 1503 1405 1533 no-

94 1578 181 1612 tae:
212 1563 376 1611 Heins.
402 1564 462 1610 ad
493 1563 603 1610 AEn.
629 1563 685 1620 V,
711 1563 830 1617 620;
855 1565 986 1626 prior
1007 1566 1206 1628 optimae
1237 1580 1379 1615 notae.

162 1646 325 1694 Codex
372 1646 649 1708 Pugetianus‚
691 1644 774 1707 qui
819 1643 1074 1694 AEneidem
1113 1650 1406 1711 compleote-

93 1727 242 1783 batur,
277 1743 333 1773 ex
356 1726 648 1772 bibliotheca
668 1725 782 1773 Gul.
805 1724 1009 1788 Pugetii,
1032 1728 1080 1773 in
1105 1729 1277 1776 Senatu
1303 1730 1404 1777 To..

93 1808 252 1856 losano
275 1807 517 1870 quondam
536 1807 801 1854 Confiliarii
822 1807 981 1872 Regii.
1054 1810 1199 1874 Cujus
1219 1812 1403 1858 varian-

93 1904 160 1938 tes
186 1890 404 1936 leffiones
428 1906 454 1935 a
478 1889 615 1934 Bern.
637 1888 871 1935 Medonio
893 1891 950 1936 ad
976 1890 1230 1940 Heinfium
1253 1894 1402 1943 miffae

94 1970 452 2019 Burmannianis
484 1971 608 2017 notis
639 1970 823 2020 insertae
855 1971 981 2031 sunt,
1031 1987 1253 2023 monente
1282 1976 1403 2025 Bur-

95 2070 268 2100 manno
283 2054 388 2118 jun.

160 2139 314 2185 Codd.
339 2140 490 2188 Balth.
516 2141 685 2188 Moreli
706 2152 910 2206 qlmluor:
944 2144 1066 2191 inter
1081 2162 1196 2207 quos
1218 2147 1400 2209 primus

92 2235 151 2267 ex
194 2221 390 2282 optimis
435 2220 702 2270 habendus:
739 2224 802 2271 cf.
847 2223 959 2270 AEn.
1007 2225 1071 2284 X,
1120 2229 1225 2284 861,
1258 2228 1404 2276 etiarn

93 2302 320 2350 secundus
345 2304 552 2350 melioris
576 2317 718 2352 notae.

160 2385 312 2433 Codd.
338 2387 413 2432 duo
436 2387 481 2432 V
473 2385 622 2446 efflant.

173 2468 324 2516 Codd.
370 2471 446 2516 duo
490 2470 686 2530 Ecclcstae
729 2473 1007 2537 chmbargen
1025 2492 1087 2520 ss.-
1139 2475 1402 2527 admodum

93 2551 324 2615 praeclari,
381 2566 425 2598 et
469 2553 587 2599 alter
631 2555 828 2617 quidem
877 2555 935 2603 ad
983 2556 1262 2604 Mediceum
1307 2559 1403 2608 fere

91 2633 335 2694 exemplar
358 2632 635 2697 descriptus.

159 2712 323 2759 Codex
347 2714 609 2776 Sprotianus.

158 2795 320 2846 Codex
342 2798 665 2861 Schcffk’ricmus.

1063 2886 1403 2951 Fragmentum
