1821 3381
378 322 465 380 138
569 317 1035 366 P.VIRGILII
1104 319 1494 368 MARONIS

367 463 387 488 a
414 449 649 498 Dyrrhachio
675 450 770 488 sedes
797 450 965 490 habuere.
994 465 1030 490 v.
1067 452 1227 503 Appian.
1260 465 1296 503 p.
1333 464 1427 504 1135
1462 460 1555 492 extr.
1609 453 1688 492 Dio

369 518 478 563 XLI,
497 531 530 556 e.
549 532 616 568 49,
649 517 773 568 ibique
795 518 973 564 Reimar„
1003 520 1092 557 item
1114 519 1219 571 Pigh,
1241 520 1375 558 Annal.
1395 520 1441 558 ad
1459 533 1550 573 714,
1576 530 1612 558 et
1629 520 1685 558 su-

366 573 432 639 {wra
449 587 486 624 V
490 587 532 625 it.
553 586 708 637 Virgilii
724 587 793 625 hoc
812 599 922 627 anno.
977 589 1040 627 Ad
1059 598 1219 626 extrema
1242 589 1338 627 enim
1357 589 1463 640 hujus
1486 589 1588 633 anni,
1613 602 1689 640 quo

371 656 488 694 Pollio
517 655 741 694 consulatum
775 657 923 708 gesserat
951 656 1138 694 referenda
1155 657 1221 694 effe
1255 669 1308 694 res
1323 656 1492 703 videtur;
1519 670 1602 697 nam
1635 657 1689 696 se-

367 725 493 777 quenti
511 737 607 762 anno
638 725 735 763 VIII
765 725 853 764 Kal.
885 727 989 766 Nov.
1015 725 1239 778 triumphum
1263 726 1309 764 de
1337 725 1518 764 Parthinis
1543 726 1686 765 habuit.

368 793 510 834 Catroei
542 794 699 846 argutias
731 804 956 846 veteremque
990 794 1219 846 opinionem,
1262 807 1334 846 qua
1367 795 1415 832 ad
1443 795 1688 835 Ofiavianum

366 880 511 908 carmen
528 867 597 905 hoc
616 866 769 919 spectare
786 875 1021 911 memoratur,
1048 867 1195 918 operose
1213 865 1346 905 refellit
1372 865 1495 906 Burni.
1525 866 1571 905 ad
1591 882 1626 905 v.
1647 869 1686 908 6.
1710 874 1720 901 ἰ

367 936 418 975 cf.
449 935 605 973 Martin.
658 935 840 975 Caeterum
859 935 1062 989 comparari
1078 935 1188 975 velim
1214 948 1299 975 cum
1315 936 1386 974 hoc
1404 936 1564 975 carmine
1579 935 1687 988 Popii

369 1008 498 1058 Pcssor.
515 1005 587 1044 111.

461 1492 956 1562 ECLOGA
1074 1492 1593 1577 OCTAVA

498 1796 826 1846 DAMON.
899 1763 1593 1843 ALPHESIBOEUSs

368 1899 684 1983 PAstuM
713 1930 906 1978 Musam
931 1929 1164 1977 Damonis
1186 1943 1232 1977 et
1255 1924 1573 1994 Alphesiboei,

366 2028 613 2077 Inmemor
634 2022 891 2070 herbarum
918 2039 1035 2085 quos
1061 2021 1126 2068 est
1151 2023 1536 2086 miratajuvenca

369 2116 625 2173 Certanti8‚
647 2130 853 2177 quorum
875 2112 1148 2177 stupefaciat*
1169 2115 1382 2166 carmine
1405 2115 1580 2176 lynces,

367 2209 434 2257 Et
458 2217 640 2254 mutata
661 2203 767 2250 suos
788 2203 1066 2267 requierunt
1083 2202 1283 2250 flumina
1302 2203 1491 2258 cursus3

366 2296 602 2347 Damonis
624 2294 819 2344 Musam
841 2295 1058 2342 dicemus
1080 2307 1127 2342 et
1143 2294 1458 2359 Alphesiboei.
1661 2314 1685 2361 5

414 2443 447 2475 3.
467 2433 594 2465 carmina
618 2431 709 2464 Leid.
734 2430 793 2463 sec.
822 2429 956 2462 Mentel.
976 2440 1024 2473 pr.
1051 2436 1083 2462 et
1108 2441 1126 2461 a
1150 2440 1194 2461 m.
1211 2440 1262 2472 pr.
1280 2431 1375 2472 Reg„
1390 2429 1493 2472 sicque
1508 2430 1564 2461 ms.
1579 2430 1690 2473 Leng-

369 2486 472 2523 nich„
484 2494 521 2518 ut
536 2484 574 2516 fit
590 2483 791 2516 Graecismus.
885 2492 916 2521 4.
943 2483 985 2513 Et
1000 2483 1103 2513 mirata
1109 2483 1176 2522 suos
1192 2481 1241 2513 ed.
1254 2483 1351 2518 Ven.,
1366 2481 1453 2522 quod
1472 2481 1544 2512 sane
1566 2480 1691 2523 placere

368 2537 484 2582 potest.
515 2537 570 2578 suo
585 2534 710 2568 Medic.
725 2545 744 2566 a
755 2543 800 2565 m.
818 2544 867 2576 pr.
911 2536 1048 2576 liquerunt
1064 2533 1211 2565 nonnulli
1223 2532 1306 2565 Pier.
1323 2540 1355 2564 et
1372 2531 1481 2564 Heins.
1498 2542 1572 2564 cum
1588 2532 1690 2566 Goth.

369 2589 442 2629 sec„
456 2599 495 2620 ex
513 2586 642 2620 indodka
656 2584 915 2630 interpolatione.

428 2712 540 2753 1-5‘-
558 2698 695 2738 Manfit
711 2698 782 2736 hoc
798 2710 844 2735 ex
863 2698 998 2749 prisco-
1061 2708 1098 2736 et
1116 2697 1313 2736 inanimata
1331 2711 1374 2735 eo
1393 2711 1475 2736 mov
1477 2697 1540 2736 eri·
1547 2707 1609 2736 aut
1625 2696 1689 2736 de·

372 2767 452 2794 rum
479 2751 671 2790 hominum
688 2750 874 2789 sermone
865 2763 903 2788 in
921 2751 998 2802 pas·
1062 2749 1187 2788 lestari
1213 2750 1388 2788 dicerent.
1448 2764 1490 2800 4.
1520 2748 1688 2790 Flumina

373 2804 494 2844 toritii
511 2802 682 2843 carminis
695 2801 941 2861 simplicitate,
960 2811 1000 2839 ut
1063 2801 1272 2853 requierunt
1305 2812 1435 2840 mutata
1457 2804 1535 2852 suos
1567 2805 1691 2850 cursus,

372 2867 500 2895 cantus
517 2853 783 2906 praestantium
772 2863 824 2892 lta
841 2853 1000 2892 declara-
1063 2866 1179 2905 graece
1195 2866 1283 2904 pro:
1313 2861 1452 2893 mutato
1477 2853 1542 2891 suo
1566 2853 1689 2898 cursu,

376 2919 454 2949 rent
472 2911 606 2962 po'etae,
632 2917 672 2945 ut
697 2906 866 2958 pecudeS,
892 2905 1000 2952 feras,
1063 2907 1103 2946 h.
1135 2906 1163 2945 1.
1197 2904 1372 2946 inhibito.
1440 2904 1688 2956 Qamquam,

1488 2958 1626 3009 reqllles
1592 2958 1683 3008 CCYC

1794 2950 1803 3129 ξ

1793 3125 1799 3187 1²

1788 3204 1797 3381 f
