1821 3381
353 274 828 348 BUCOLICA,
885 288 1065 338 ECL.
1124 290 1165 346 Ι,
1363 308 1421 357 27

113 426 418 473 defiderarentur3
439 424 508 462 five
521 422 619 475 quod
637 431 735 460 tanta
753 419 944 459 hominum
973 422 1028 460 vis
1050 422 1203 469 interiit,
1227 423 1298 462 five
1325 426 1424 476 quod

111 495 294 534 nonnullae
308 493 466 545 legiones
485 493 530 530 ab
549 490 715 529 Antonio
733 490 773 527 in
792 489 915 527 Asiam
934 490 1095 528 abdustae
1112 491 1207 537 sunt,
1225 492 1305 530 aliae
1323 507 1424 543 vero,

110 565 274 609 nondum
293 564 475 615 stipendiis
492 562 665 606 emeritis,
684 561 730 599 ad
746 563 843 599 nulla
860 561 999 600 militiae
1015 563 1158 614 praemia
1167 563 1346 615 adspirare
1358 579 1424 616 po-

110 642 246 679 terant3
263 644 358 671 certe
372 633 453 671 ofto
467 632 566 677 mille
579 644 623 668 ex
642 632 711 668 hoc
730 644 879 668 numero
901 640 1145 681 memorantur
1164 633 1259 683 apud
1285 633 1424 685 Appia-

110 715 196 740 num
213 704 238 739 l.
256 703 281 740 1.
295 716 379 754 pag.
404 715 513 754 ¹073·
560 701 658 738 Inter
671 714 744 746 eos,
763 714 913 751 quorum
928 701 1005 752 agri
1020 701 1181 751 affignati
1194 701 1274 741 sunt
1289 713 1423 740 veterae

109 771 179 817 nis,
197 772 298 810 fuere
311 772 582 817 Cremonenses,
601 771 664 823 qui
683 781 717 809 et
731 771 794 822 ips1
810 770 918 808 Caffii
937 770 1110 821 Brutique
1123 779 1238 822 partes
1254 782 1353 809 erant
1371 772 1422 809 se-

107 839 225 889 quuti.
243 841 318 878 vid.
338 841 436 878 Serv.
451 841 496 877 ad
512 840 592 878 Ecl.
611 840 688 885 IX,
705 843 766 878 28.
814 839 981 891 Qorum
994 838 1071 889 agri
1084 851 1166 875 cum
1182 852 1248 889 pro
1263 839 1423 877 militum

105 905 341 955 immissorum
360 925 510 953 numero
535 911 640 950 nimis
660 911 797 964 angusti
822 911 945 956 essent,
970 910 1110 949 vicinos
1136 911 1423 948 Mantuanorum

105 991 212 1030 agros
236 979 377 1015 additos
397 979 498 1018 fuisse
521 990 677 1018 narrant.
733 980 848 1031 Cujus
871 989 993 1018 tamen
1019 979 1085 1023 rei,
1112 992 1329 1030 quamquam
1358 979 1422 1022 illa

104 1059 187 1084 vera
211 1046 277 1083 effe
299 1047 424 1097 potest,
452 1046 602 1091 nullam,
629 1055 863 1096 praeterquam
892 1047 1241 1091 Grammaticorum,
1268 1046 1424 1089 auftorb

102 1122 214 1158 tatem
233 1114 386 1165 reperio.
440 1114 627 1164 Appianus
655 1114 801 1164 quidem
820 1114 844 1151 l.
865 1113 889 1150 1.
904 1125 941 1162 p.
972 1114 1067 1150 1082
1093 1113 1252 1151 militum
1276 1115 1424 1152 avariti⁴²

103 1196 163 1221 am
181 1198 254 1222 non
267 1184 337 1222 sese
355 1185 567 1222 continuisse
586 1185 680 1222 intra
693 1183 773 1221 suos
799 1196 902 1234 agros
921 1192 1109 1227 memorat,
1137 1184 1196 1221 sed
1213 1198 1273 1224 eos
1297 1188 1420 1237 paffim

101 1252 243 1290 vicinos
269 1265 374 1304 agros
403 1253 596 1290 insolenter
622 1252 779 1290 invasiffe
794 1268 806 1296 3
833 1253 926 1303 plus,
954 1264 1061 1302 quam
1088 1255 1289 1292 conceffum
1321 1255 1420 1306 effer,

101 1323 292 1376 usurpasse,
319 1332 355 1360 et
371 1337 460 1373 quos
476 1322 640 1360 meliores
656 1322 716 1366 iis,
742 1322 806 1372 qui
824 1321 917 1359 sorte
940 1321 1163 1373 obtigerant,
1190 1333 1357 1374 putarent
1379 1339 1418 1363 a-

99 1407 200 1446 gros,
236 1393 316 1431 suos
341 1393 474 1432 feeiffe.
528 1392 681 1432 Potuere
708 1392 831 1444 itaque
864 1392 998 1430 milites
1031 1393 1231 1446 transgredi
1263 1397 1349 1435 fines
1379 1406 1419 1435 et

100 1455 320 1502 Mantuanos
337 1476 439 1515 agros
457 1462 649 1507 invadere3
678 1473 717 1500 ut
740 1463 796 1499 vel
829 1462 876 1499 fic
904 1463 1054 1511 Mantua
1084 1463 1257 1501 Cremona>
1281 1470 1417 1504 nimium

99 1533 217 1567 vicina
232 1529 310 1567 dici
327 1530 450 1581 poffet.
505 1529 603 1567 Inter
621 1529 858 1574 Mantuanos,
886 1530 949 1580 qui
968 1530 1059 1567 hanc
1083 1530 1225 1581 injuriae
1251 1531 1416 1585 indigni·

100 1605 211 1635 tatem
233 1596 405 1641 subirent,
433 1596 636 1647 Virgilium
664 1596 768 1634 fuisse
793 1597 958 1634 tradunt:
988 1611 1068 1634 eum
1093 1607 1228 1642 tamen,
1256 1599 1326 1638 five
1351 1601 1416 1640 suo

97 1665 170 1704 five
186 1665 301 1704 Asinii
317 1664 488 1717 Pollionis
507 1665 670 1708 confilio,
689 1665 845 1703 Romam
861 1665 1059 1715 profeRum
1079 1667 1123 1703 ab
1134 1668 1298 1717 Augusto
1316 1668 1416 1706 obri..

98 1735 223 1779 nuisse,
241 1745 280 1773 ut
300 1736 378 1787 agri
395 1736 459 1773 fibi
478 1737 766 1782 restituerentur3
794 1750 863 1787 qua
881 1750 918 1774 re
936 1751 971 1775 v.
991 1737 1036 1774 ad
1053 1737 1180 1775 Vitam
1200 1739 1355 1791 Virgilii
1377 1754 1414 1779 a.

99 1816 188 1854 713.
216 1812 256 1840 ut
275 1804 366 1840 adeo
385 1802 449 1840 sub
468 1803 594 1853 Tityri
613 1804 762 1854 persona
782 1804 878 1840 suam
898 1804 1078 1842 fortunam
1095 1810 1204 1856 po‘eta
1221 1807 1414 1846 adumbra-

96 1871 202 1914 verit.
256 1872 378 1922 Atque
398 1885 439 1909 ea
459 1873 533 1922 jam
552 1883 710 1910 veterum
725 1860 856 1924 opinio
875 1872 958 1911 fuit.
978 1887 1012 1911 v.
1034 1874 1239 1914 Nemefian.
1259 1876 1340 1915 Ecl.
1356 1877 1412 1925 II,

98 1943 161 1978 82.
216 1940 391 1990 Calpurn.
412 1940 485 1985 IV,
507 1942 590 1979 162.
647 1941 774 1978 Sidon.
796 1941 861 1978 lib.
882 1941 915 1985 I,
936 1941 1045 1991 Epist.
1067 1956 1104 1993 ς,
1133 1953 1171 1980 ut
1232 1945 1412 1984 uinstilia-

93 2021 182 2048 num
212 2018 363 2052 taceam.
430 2009 523 2061 Qae
557 2024 608 2049 res
645 2010 732 2049 ferri
760 2011 885 2061 potest,
913 2011 1023 2049 modo
1061 2012 1233 2064 allegoria
1259 2027 1333 2052 non
1363 2017 1411 2054 ad

95 2091 217 2121 omnes
242 2079 358 2116 versus
387 2089 422 2116 et
449 2080 557 2117 verba
576 2081 713 2131 lingula
736 2079 1024 2118 circumferatur.
1078 2081 1410 2124 Grammaticorum

94 2151 314 2201 ¹omninoque
336 2150 591 2201 Interpretum,
620 2151 658 2188 in
677 2151 732 2188 his
755 2151 911 2194 Catroei,
939 2151 1181 2190 intolerabiles
1201 2153 1338 2192 suntin
1357 2157 1411 2194 al-

92 2219 232 2271 legoria
249 2220 474 2272 expedienda
493 2220 643 2270 argutiae
660 2232 696 2258 et
714 2234 831 2272 nugae.
885 2220 1005 2258 Locus
1022 2232 1156 2265 autem,
1183 2222 1221 2260 in
1243 2237 1315 2275 quo
1330 2225 1410 2276 pas·

93 2297 187 2326 tores
205 2289 438 2334 conveniunt,
464 2291 510 2327 est
529 2291 573 2327 ad
594 2291 797 2329 umbrosam
816 2291 941 2342 fagum
961 2291 998 2328 in
1018 2292 1101 2330 loco
1118 2293 1304 2332 arboribus
1321 2310 1408 2334 con-

90 2355 171 2405 fito,
197 2355 261 2394 sub
278 2370 348 2408 qua
366 2357 518 2407 Tityrus
538 2358 708 2398 recubans
736 2359 921 2410 pastoritio
949 2370 1056 2398 cantu
1075 2361 1191 2399 otium
1209 2363 1406 2411 consumit,

89 2427 178 2476 dum
203 2440 349 2479 gregem
372 2439 547 2467 errantem
565 2430 751 2482 prospicit.
805 2431 921 2469 Versu
950 2441 1068 2468 tamen
1089 2447 1239 2487 52—59
1259 2446 1408 2472 accura-

89 2494 159 2532 tius
177 2495 394 2533 describitur
410 2496 482 2534 loci
508 2498 727 2549 prospestus‚
754 2513 971 2550 quamquam
991 2499 1044 2537 ibi
1063 2514 1098 2538 ν.
1124 2502 1188 2550 48.
1206 2514 1269 2552 49.
1289 2517 1408 2554 quam-

87 2570 143 2601 vis
160 2563 245 2614 lapis
261 2581 289 2602 o.
306 2580 341 2602 n.
360 2577 404 2601 ex
423 2566 474 2603 rei
492 2567 603 2618 magis
633 2568 779 2606 veritate
806 2569 985 2619 adjestum
1015 2570 1075 2614 est,
1101 2583 1209 2621 quam
1239 2573 1406 2622 poetices

85 2634 179 2686 lege,
198 2648 269 2685 qua
281 2635 531 2685 jucundiffima
549 2650 680 2683 rerum,
699 2651 763 2676 nec
783 2638 880 2676 foeda
898 2638 1018 2690 aliqua
1035 2649 1071 2678 et
1088 2639 1229 2691 ingrata
1247 2641 1407 2693 imagine

86 2705 344 2749 contaminata,
361 2705 473 2742 facies
490 2706 693 2745 exhibenda
719 2717 808 2747 erat.
864 2709 926 2746 Ad
951 2718 1052 2746 tanto
1071 2710 1242 2761 majorem
1269 2711 1322 2748 rei
1344 2712 1406 2762 ju-

85 2773 307 2819 cunditatem
325 2774 414 2812 facit
428 2776 608 2814 contraria
622 2777 765 2815 alterius
783 2778 927 2829 pastoris
944 2779 1089 2817 fortuna
1105 2794 1184 2830 quae
1202 2780 1405 2818 miseratio·

85 2852 167 2894 pem
198 2853 319 2884 movet
330 2861 344 2900 5
371 2857 484 2899 neque
510 2860 551 2886 ea
576 2847 716 2900 aliquid
734 2848 902 2901 disertius
919 2849 965 2888 ad
983 2849 1109 2901 Tityri
1127 2850 1338 2889 felicitatem
1358 2849 1404 2889 il-

1186 2918 1405 2969 lustrandam
