<?xml version="1.0" encoding="UTF-8"?>
<!DOCTYPE html PUBLIC "-//W3C//DTD XHTML 1.0 Transitional//EN"
    "http://www.w3.org/TR/xhtml1/DTD/xhtml1-transitional.dtd">
<html xmlns="http://www.w3.org/1999/xhtml" xml:lang="en" lang="en">
 <head>
  <title>
</title>
<meta http-equiv="Content-Type" content="text/html;charset=utf-8" />
  <meta name='ocr-system' content='tesseract 3.04.00' />
  <meta name='ocr-capabilities' content='ocr_page ocr_carea ocr_par ocr_line ocrx_word'/>
</head>
<body>
  <div class='ocr_page' id='page_1' title='image "./operavarietatele01virguoft_0455.png"; bbox 0 0 1821 3381; ppageno 0'>
   <div class='ocr_carea' id='block_1_1' title="bbox 482 345 1487 418">
    <p class='ocr_par' dir='ltr' id='par_1_1' title="bbox 482 345 1487 418">
     <span class='ocr_line' id='line_1_1' title="bbox 482 345 1487 418; baseline 0.012 -28"><span class='ocrx_word' id='word_1_1' title='bbox 482 345 600 391; x_wconf 85' lang='lat' dir='ltr'>AD</span> <span class='ocrx_word' id='word_1_2' title='bbox 670 346 1183 397; x_wconf 87' lang='lat' dir='ltr'>BUCOLICA.</span> <span class='ocrx_word' id='word_1_3' title='bbox 1404 360 1487 418; x_wconf 70' lang='lat'>183</span> 
     </span>
    </p>
   </div>
   <div class='ocr_carea' id='block_1_2' title="bbox 163 474 1486 1065">
    <p class='ocr_par' dir='ltr' id='par_1_2' title="bbox 168 474 1486 758">
     <span class='ocr_line' id='line_1_2' title="bbox 172 474 1486 539; baseline 0.014 -29"><span class='ocrx_word' id='word_1_4' title='bbox 172 474 306 512; x_wconf 81' lang='lat' dir='ltr'>nobilis</span> <span class='ocrx_word' id='word_1_5' title='bbox 324 475 450 521; x_wconf 83' lang='lat' dir='ltr'>ICtus,</span> <span class='ocrx_word' id='word_1_6' title='bbox 478 478 523 515; x_wconf 85' lang='lat' dir='ltr'>ad</span> <span class='ocrx_word' id='word_1_7' title='bbox 541 493 646 528; x_wconf 87' lang='lat' dir='ltr'>quern</span> <span class='ocrx_word' id='word_1_8' title='bbox 665 481 757 518; x_wconf 77' lang='lat' dir='ltr'>male</span> <span class='ocrx_word' id='word_1_9' title='bbox 776 482 925 519; x_wconf 75' lang='lat' dir='ltr'>retulere</span> <span class='ocrx_word' id='word_1_10' title='bbox 946 483 1095 521; x_wconf 76' lang='lat' dir='ltr'>Horatii</span> <span class='ocrx_word' id='word_1_11' title='bbox 1128 486 1248 523; x_wconf 86' lang='lat' dir='ltr'>locum</span> <span class='ocrx_word' id='word_1_12' title='bbox 1280 488 1353 527; x_wconf 80' lang='lat' dir='ltr'>Sat.</span> <span class='ocrx_word' id='word_1_13' title='bbox 1382 490 1416 533; x_wconf 88' lang='lat' dir='ltr'>I,</span> <span class='ocrx_word' id='word_1_14' title='bbox 1448 504 1486 539; x_wconf 84' lang='lat'>3,</span> 
     </span>
     <span class='ocr_line' id='line_1_3' title="bbox 178 537 1486 597; baseline 0.013 -27"><span class='ocrx_word' id='word_1_15' title='bbox 178 545 261 582; x_wconf 87' lang='lat'>130.</span> <span class='ocrx_word' id='word_1_16' title='bbox 317 537 490 574; x_wconf 71' lang='lat' dir='ltr'>Alfenum</span> <span class='ocrx_word' id='word_1_17' title='bbox 524 537 664 576; x_wconf 82' lang='lat' dir='ltr'>Varum</span> <span class='ocrx_word' id='word_1_18' title='bbox 683 540 729 577; x_wconf 88' lang='lat' dir='ltr'>ab</span> <span class='ocrx_word' id='word_1_19' title='bbox 761 542 924 591; x_wconf 83' lang='lat' dir='ltr'>Augusto</span> <span class='ocrx_word' id='word_1_20' title='bbox 953 543 1218 594; x_wconf 60' lang='lat' dir='ltr'>Transpadana?</span> <span class='ocrx_word' id='word_1_21' title='bbox 1236 549 1434 597; x_wconf 70' lang='lat' dir='ltr'>provinciae</span> <span class='ocrx_word' id='word_1_22' title='bbox 1449 560 1486 587; x_wconf 90' lang='lat' dir='ltr'>et</span> 
     </span>
     <span class='ocr_line' id='line_1_4' title="bbox 170 593 1482 655; baseline 0.014 -28"><span class='ocrx_word' id='word_1_23' title='bbox 170 593 264 642; x_wconf 76' lang='lat' dir='ltr'>agris</span> <span class='ocrx_word' id='word_1_24' title='bbox 281 595 494 633; x_wconf 69' lang='lat' dir='ltr'>dividundis</span> <span class='ocrx_word' id='word_1_25' title='bbox 513 599 734 647; x_wconf 52' lang='lat' dir='ltr'>praefcfftum,</span> <span class='ocrx_word' id='word_1_26' title='bbox 754 614 797 637; x_wconf 86' lang='lat' dir='ltr'>ne</span> <span class='ocrx_word' id='word_1_27' title='bbox 818 601 983 652; x_wconf 85' lang='lat' dir='ltr'>Virgilio</span> <span class='ocrx_word' id='word_1_28' title='bbox 1001 617 1087 653; x_wconf 77' lang='lat' dir='ltr'>ager</span> <span class='ocrx_word' id='word_1_29' title='bbox 1105 605 1316 655; x_wconf 73' lang='lat' dir='ltr'>eriperetur,</span> <span class='ocrx_word' id='word_1_30' title='bbox 1334 610 1482 653; x_wconf 80' lang='lat' dir='ltr'>curasse,</span> 
     </span>
     <span class='ocr_line' id='line_1_5' title="bbox 171 654 1484 705; baseline 0.014 -18"><span class='ocrx_word' id='word_1_31' title='bbox 171 664 388 690; x_wconf 72' lang='lat' dir='ltr'>memoratur</span> <span class='ocrx_word' id='word_1_32' title='bbox 420 654 459 691; x_wconf 90' lang='lat' dir='ltr'>in</span> <span class='ocrx_word' id='word_1_33' title='bbox 490 654 670 694; x_wconf 85' lang='lat' dir='ltr'>Servianis</span> <span class='ocrx_word' id='word_1_34' title='bbox 706 658 751 695; x_wconf 77' lang='lat' dir='ltr'>ad</span> <span class='ocrx_word' id='word_1_35' title='bbox 785 658 865 696; x_wconf 84' lang='lat' dir='ltr'>Ecl.</span> <span class='ocrx_word' id='word_1_36' title='bbox 900 659 971 705; x_wconf 76' lang='lat' dir='ltr'>VI,</span> <span class='ocrx_word' id='word_1_37' title='bbox 1013 664 1036 699; x_wconf 87' lang='lat'><strong>6</strong></span> <span class='ocrx_word' id='word_1_38' title='bbox 1067 672 1102 699; x_wconf 84' lang='lat' dir='ltr'>et</span> <span class='ocrx_word' id='word_1_39' title='bbox 1137 663 1174 700; x_wconf 88' lang='lat' dir='ltr'>in</span> <span class='ocrx_word' id='word_1_40' title='bbox 1211 663 1484 705; x_wconf 71' lang='lat' dir='ltr'>Pseudodonato</span> 
     </span>
     <span class='ocr_line' id='line_1_6' title="bbox 168 707 280 758; baseline 0.027 -12"><span class='ocrx_word' id='word_1_41' title='bbox 168 707 194 746; x_wconf 87' lang='lat' dir='ltr'>s.</span> <span class='ocrx_word' id='word_1_42' title='bbox 219 723 280 758; x_wconf 83' lang='lat'>30.</span> 
     </span>
    </p>

    <p class='ocr_par' dir='ltr' id='par_1_3' title="bbox 163 771 1482 1065">
     <span class='ocr_line' id='line_1_7' title="bbox 217 771 1479 835; baseline 0.013 -28"><span class='ocrx_word' id='word_1_43' title='bbox 217 771 454 819; x_wconf 66' lang='lat' dir='ltr'>Qn&#39;nffilium,</span> <span class='ocrx_word' id='word_1_44' title='bbox 498 786 643 813; x_wconf 86' lang='lat' dir='ltr'>acutum</span> <span class='ocrx_word' id='word_1_45' title='bbox 672 785 707 813; x_wconf 93' lang='lat' dir='ltr'>et</span> <span class='ocrx_word' id='word_1_46' title='bbox 737 776 895 814; x_wconf 77' lang='lat' dir='ltr'>severum</span> <span class='ocrx_word' id='word_1_47' title='bbox 925 778 1028 816; x_wconf 85' lang='lat' dir='ltr'>illum</span> <span class='ocrx_word' id='word_1_48' title='bbox 1058 781 1225 820; x_wconf 85' lang='lat' dir='ltr'>criticum</span> <span class='ocrx_word' id='word_1_49' title='bbox 1255 798 1311 835; x_wconf 81' lang='lat' dir='ltr'>ap.</span> <span class='ocrx_word' id='word_1_50' title='bbox 1346 785 1479 824; x_wconf 82' lang='lat' dir='ltr'>Horat.</span> 
     </span>
     <span class='ocr_line' id='line_1_8' title="bbox 168 827 1478 888; baseline 0.014 -23"><span class='ocrx_word' id='word_1_51' title='bbox 168 827 250 866; x_wconf 78' lang='lat' dir='ltr'>Art.</span> <span class='ocrx_word' id='word_1_52' title='bbox 270 834 360 879; x_wconf 76' lang='lat'>438,</span> <span class='ocrx_word' id='word_1_53' title='bbox 387 832 432 869; x_wconf 87' lang='lat' dir='ltr'>de</span> <span class='ocrx_word' id='word_1_54' title='bbox 464 835 696 884; x_wconf 84' lang='lat' dir='ltr'>cujusmorte</span> <span class='ocrx_word' id='word_1_55' title='bbox 724 835 857 872; x_wconf 79' lang='lat' dir='ltr'>solatur</span> <span class='ocrx_word' id='word_1_56' title='bbox 887 836 1090 888; x_wconf 81' lang='lat' dir='ltr'>Virgilium</span> <span class='ocrx_word' id='word_1_57' title='bbox 1123 841 1225 880; x_wconf 84' lang='lat' dir='ltr'>suum</span> <span class='ocrx_word' id='word_1_58' title='bbox 1259 844 1434 882; x_wconf 79' lang='lat' dir='ltr'>Horatius</span> <span class='ocrx_word' id='word_1_59' title='bbox 1460 845 1478 881; x_wconf 91' lang='lat' dir='ltr'>I</span> 
     </span>
     <span class='ocr_line' id='line_1_9' title="bbox 165 886 1480 944; baseline 0.014 -20"><span class='ocrx_word' id='word_1_60' title='bbox 165 886 290 927; x_wconf 79' lang='lat' dir='ltr'>Canu.</span> <span class='ocrx_word' id='word_1_61' title='bbox 329 903 388 941; x_wconf 82' lang='lat'>24.</span> <span class='ocrx_word' id='word_1_62' title='bbox 426 901 462 929; x_wconf 91' lang='lat' dir='ltr'>et</span> <span class='ocrx_word' id='word_1_63' title='bbox 494 906 600 944; x_wconf 84' lang='lat' dir='ltr'>quem</span> <span class='ocrx_word' id='word_1_64' title='bbox 634 893 880 943; x_wconf 82' lang='lat' dir='ltr'>Hieronymus</span> <span class='ocrx_word' id='word_1_65' title='bbox 915 896 1055 935; x_wconf 85' lang='lat' dir='ltr'>Chron.</span> <span class='ocrx_word' id='word_1_66' title='bbox 1093 900 1219 938; x_wconf 81' lang='lat' dir='ltr'>Euseb.</span> <span class='ocrx_word' id='word_1_67' title='bbox 1256 902 1480 941; x_wconf 82' lang='lat' dir='ltr'><strong>Cremonen-</strong></span> 
     </span>
     <span class='ocr_line' id='line_1_10' title="bbox 163 945 1472 1014; baseline 0.016 -33"><span class='ocrx_word' id='word_1_68' title='bbox 163 945 234 983; x_wconf 88' lang='lat' dir='ltr'>sem</span> <span class='ocrx_word' id='word_1_69' title='bbox 267 951 436 999; x_wconf 78' lang='lat' dir='ltr'>appellat,</span> <span class='ocrx_word' id='word_1_70' title='bbox 462 962 609 992; x_wconf 82' lang='lat' dir='ltr'>enotato</span> <span class='ocrx_word' id='word_1_71' title='bbox 627 955 702 1004; x_wconf 85' lang='lat' dir='ltr'>ejus</span> <span class='ocrx_word' id='word_1_72' title='bbox 732 967 826 990; x_wconf 83' lang='lat' dir='ltr'>anno</span> <span class='ocrx_word' id='word_1_73' title='bbox 857 957 1047 994; x_wconf 69' lang='lat' dir='ltr'>emortuali</span> <span class='ocrx_word' id='word_1_74' title='bbox 1082 960 1127 995; x_wconf 83' lang='lat' dir='ltr'>ad</span> <span class='ocrx_word' id='word_1_75' title='bbox 1156 960 1305 1012; x_wconf 82' lang='lat' dir='ltr'>Olymp.</span> <span class='ocrx_word' id='word_1_76' title='bbox 1341 966 1427 1014; x_wconf 75' lang='lat'>189,</span> <span class='ocrx_word' id='word_1_77' title='bbox 1459 979 1472 1002; x_wconf 94' lang='lat'>1</span> 
     </span>
     <span class='ocr_line' id='line_1_11' title="bbox 165 1005 1482 1065; baseline 0.014 -21"><span class='ocrx_word' id='word_1_78' title='bbox 165 1005 233 1052; x_wconf 81' lang='lat' dir='ltr'>(U.</span> <span class='ocrx_word' id='word_1_79' title='bbox 269 1009 315 1046; x_wconf 89' lang='lat' dir='ltr'>C.</span> <span class='ocrx_word' id='word_1_80' title='bbox 349 1025 437 1062; x_wconf 80' lang='lat'><strong>730.</strong></span> <span class='ocrx_word' id='word_1_81' title='bbox 468 1023 549 1049; x_wconf 83' lang='lat' dir='ltr'>ante</span> <span class='ocrx_word' id='word_1_82' title='bbox 577 1014 624 1052; x_wconf 88' lang='lat' dir='ltr'>C.</span> <span class='ocrx_word' id='word_1_83' title='bbox 661 1013 713 1051; x_wconf 95' lang='lat' dir='ltr'>N.</span> <span class='ocrx_word' id='word_1_84' title='bbox 748 1017 832 1063; x_wconf 83' lang='lat'><em>24),</em></span> <span class='ocrx_word' id='word_1_85' title='bbox 861 1016 959 1052; x_wconf 83' lang='lat' dir='ltr'>nulla</span> <span class='ocrx_word' id='word_1_86' title='bbox 988 1017 1117 1055; x_wconf 84' lang='lat' dir='ltr'>idonea</span> <span class='ocrx_word' id='word_1_87' title='bbox 1147 1022 1362 1060; x_wconf 59' lang='lat' dir='ltr'>auetoritate</span> <span class='ocrx_word' id='word_1_88' title='bbox 1395 1025 1482 1065; x_wconf 81' lang='lat' dir='ltr'>Vari</span> 
     </span>
    </p>
   </div>
   <div class='ocr_carea' id='block_1_3' title="bbox 162 1069 1476 1127">
    <p class='ocr_par' dir='ltr' id='par_1_4' title="bbox 162 1069 1476 1127">
     <span class='ocr_line' id='line_1_12' title="bbox 162 1069 1476 1127; baseline 0.015 -24"><span class='ocrx_word' id='word_1_89' title='bbox 162 1069 382 1116; x_wconf 77' lang='lat' dir='ltr'>cognomine</span> <span class='ocrx_word' id='word_1_90' title='bbox 411 1074 591 1122; x_wconf 78' lang='lat' dir='ltr'>appellant</span> <span class='ocrx_word' id='word_1_91' title='bbox 619 1073 879 1118; x_wconf 79' lang='lat' dir='ltr'>Grammatici,</span> <span class='ocrx_word' id='word_1_92' title='bbox 908 1075 1051 1115; x_wconf 73' lang='lat' dir='ltr'>Servius</span> <span class='ocrx_word' id='word_1_93' title='bbox 1082 1080 1129 1115; x_wconf 86' lang='lat' dir='ltr'>ad</span> <span class='ocrx_word' id='word_1_94' title='bbox 1160 1080 1240 1119; x_wconf 81' lang='lat' dir='ltr'>Ecl.</span> <span class='ocrx_word' id='word_1_95' title='bbox 1261 1082 1313 1126; x_wconf 92' lang='lat' dir='ltr'>V,</span> <span class='ocrx_word' id='word_1_96' title='bbox 1350 1097 1412 1127; x_wconf 85' lang='lat' dir='ltr'>zo,</span> <span class='ocrx_word' id='word_1_97' title='bbox 1440 1095 1476 1122; x_wconf 89' lang='lat' dir='ltr'>et</span> 
     </span>
    </p>
   </div>
   <div class='ocr_carea' id='block_1_4' title="bbox 131 1125 1473 2974">
    <p class='ocr_par' dir='ltr' id='par_1_5' title="bbox 162 1125 973 1186">
     <span class='ocr_line' id='line_1_13' title="bbox 162 1125 973 1186; baseline 0.012 -24"><span class='ocrx_word' id='word_1_98' title='bbox 162 1125 283 1164; x_wconf 80' lang='lat' dir='ltr'>Schol.</span> <span class='ocrx_word' id='word_1_99' title='bbox 306 1130 437 1168; x_wconf 78' lang='lat' dir='ltr'>Horat.</span> <span class='ocrx_word' id='word_1_100' title='bbox 460 1132 508 1168; x_wconf 85' lang='lat' dir='ltr'>cf.</span> <span class='ocrx_word' id='word_1_101' title='bbox 531 1133 661 1170; x_wconf 84' lang='lat' dir='ltr'>Ruaeus</span> <span class='ocrx_word' id='word_1_102' title='bbox 680 1134 725 1169; x_wconf 87' lang='lat' dir='ltr'>ad</span> <span class='ocrx_word' id='word_1_103' title='bbox 745 1133 825 1170; x_wconf 78' lang='lat' dir='ltr'>Ecl.</span> <span class='ocrx_word' id='word_1_104' title='bbox 847 1134 918 1179; x_wconf 87' lang='lat' dir='ltr'>VI,</span> <span class='ocrx_word' id='word_1_105' title='bbox 937 1150 973 1186; x_wconf 85' lang='lat'>7.</span> 
     </span>
    </p>

    <p class='ocr_par' dir='ltr' id='par_1_6' title="bbox 158 1187 1473 1418">
     <span class='ocr_line' id='line_1_14' title="bbox 211 1187 1473 1247; baseline 0.014 -24"><span class='ocrx_word' id='word_1_106' title='bbox 211 1187 259 1236; x_wconf 66' lang='lat' dir='ltr'><em>Q</em></span> <span class='ocrx_word' id='word_1_107' title='bbox 278 1189 397 1227; x_wconf 53' lang='lat' dir='ltr'>Averna</span> <span class='ocrx_word' id='word_1_108' title='bbox 417 1192 541 1228; x_wconf 72' lang='lat' dir='ltr'>Varum</span> <span class='ocrx_word' id='word_1_109' title='bbox 558 1206 602 1229; x_wconf 76' lang='lat' dir='ltr'>ex</span> <span class='ocrx_word' id='word_1_110' title='bbox 621 1192 770 1229; x_wconf 77' lang='lat' dir='ltr'>Caesaris</span> <span class='ocrx_word' id='word_1_111' title='bbox 788 1193 996 1232; x_wconf 80' lang='lat' dir='ltr'>Comment.</span> <span class='ocrx_word' id='word_1_112' title='bbox 1027 1197 1072 1232; x_wconf 87' lang='lat' dir='ltr'>de</span> <span class='ocrx_word' id='word_1_113' title='bbox 1105 1197 1144 1234; x_wconf 91' lang='grc' dir='ltr'>Β.</span> <span class='ocrx_word' id='word_1_114' title='bbox 1179 1200 1232 1237; x_wconf 89' lang='lat' dir='ltr'>G.</span> <span class='ocrx_word' id='word_1_115' title='bbox 1266 1200 1378 1247; x_wconf 83' lang='lat' dir='ltr'>VIII,</span> <span class='ocrx_word' id='word_1_116' title='bbox 1413 1206 1473 1242; x_wconf 83' lang='lat'>28.</span> 
     </span>
     <span class='ocr_line' id='line_1_15' title="bbox 161 1245 1471 1302; baseline 0.014 -19"><span class='ocrx_word' id='word_1_117' title='bbox 161 1245 203 1284; x_wconf 88' lang='grc' dir='ltr'>Β.</span> <span class='ocrx_word' id='word_1_118' title='bbox 223 1247 306 1286; x_wconf 87' lang='lat' dir='ltr'>Civ.</span> <span class='ocrx_word' id='word_1_119' title='bbox 337 1250 410 1293; x_wconf 86' lang='lat' dir='ltr'>HI,</span> <span class='ocrx_word' id='word_1_120' title='bbox 434 1265 477 1302; x_wconf 80' lang='lat'>37</span> <span class='ocrx_word' id='word_1_121' title='bbox 514 1253 584 1290; x_wconf 86' lang='lat' dir='ltr'>huc</span> <span class='ocrx_word' id='word_1_122' title='bbox 602 1265 707 1290; x_wconf 76' lang='lat' dir='ltr'>vocat</span> <span class='ocrx_word' id='word_1_123' title='bbox 727 1253 878 1291; x_wconf 80' lang='lat' dir='ltr'>Martin.</span> <span class='ocrx_word' id='word_1_124' title='bbox 911 1256 1069 1293; x_wconf 79' lang='lat' dir='ltr'>nominis</span> <span class='ocrx_word' id='word_1_125' title='bbox 1089 1257 1324 1298; x_wconf 73' lang='lat' dir='ltr'><strong>similitudine</strong></span> <span class='ocrx_word' id='word_1_126' title='bbox 1342 1262 1471 1301; x_wconf 86' lang='lat' dir='ltr'>induc-</span> 
     </span>
     <span class='ocr_line' id='line_1_16' title="bbox 159 1307 1471 1370; baseline 0.013 -28"><span class='ocrx_word' id='word_1_127' title='bbox 159 1315 226 1343; x_wconf 85' lang='lat' dir='ltr'>tus.</span> <span class='ocrx_word' id='word_1_128' title='bbox 281 1307 341 1361; x_wconf 69' lang='lat' dir='ltr'>Q</span> <span class='ocrx_word' id='word_1_129' title='bbox 367 1309 492 1348; x_wconf 73' lang='lat' dir='ltr'>VAR.</span> <span class='ocrx_word' id='word_1_130' title='bbox 520 1312 681 1350; x_wconf 88' lang='lat' dir='ltr'>occurrit</span> <span class='ocrx_word' id='word_1_131' title='bbox 711 1311 750 1349; x_wconf 88' lang='lat' dir='ltr'>in</span> <span class='ocrx_word' id='word_1_132' title='bbox 779 1312 891 1350; x_wconf 80' lang='lat' dir='ltr'>Sarda</span> <span class='ocrx_word' id='word_1_133' title='bbox 909 1315 1133 1366; x_wconf 64' lang='lat' dir='ltr'>Ducitylioth.</span> <span class='ocrx_word' id='word_1_134' title='bbox 1155 1317 1265 1370; x_wconf 78' lang='lat' dir='ltr'>Lipp.</span> <span class='ocrx_word' id='word_1_135' title='bbox 1286 1320 1399 1360; x_wconf 85' lang='lat' dir='ltr'>Tom.</span> <span class='ocrx_word' id='word_1_136' title='bbox 1418 1322 1471 1366; x_wconf 88' lang='grc' dir='ltr'>Π,</span> 
     </span>
     <span class='ocr_line' id='line_1_17' title="bbox 158 1379 302 1418; baseline 0.007 -14"><span class='ocrx_word' id='word_1_137' title='bbox 158 1379 195 1410; x_wconf 84' lang='grc'>2,</span> <span class='ocrx_word' id='word_1_138' title='bbox 217 1380 302 1418; x_wconf 79' lang='lat'>219.</span> 
     </span>
    </p>

    <p class='ocr_par' dir='ltr' id='par_1_7' title="bbox 153 1428 1470 1661">
     <span class='ocr_line' id='line_1_18' title="bbox 207 1428 1469 1493; baseline 0.014 -32"><span class='ocrx_word' id='word_1_139' title='bbox 207 1428 252 1464; x_wconf 85' lang='lat' dir='ltr'>L.</span> <span class='ocrx_word' id='word_1_140' title='bbox 301 1428 425 1473; x_wconf 79' lang='lat' dir='ltr'>Varus,</span> <span class='ocrx_word' id='word_1_141' title='bbox 483 1429 695 1480; x_wconf 79' lang='lat' dir='ltr'>Epicureus,</span> <span class='ocrx_word' id='word_1_142' title='bbox 751 1433 901 1470; x_wconf 81' lang='lat' dir='ltr'>Caesaris</span> <span class='ocrx_word' id='word_1_143' title='bbox 946 1435 1095 1480; x_wconf 77' lang='lat' dir='ltr'>amicus,</span> <span class='ocrx_word' id='word_1_144' title='bbox 1144 1450 1361 1477; x_wconf 85' lang='lat' dir='ltr'>memoratur</span> <span class='ocrx_word' id='word_1_145' title='bbox 1409 1456 1469 1493; x_wconf 80' lang='lat' dir='ltr'>ap,</span> 
     </span>
     <span class='ocr_line' id='line_1_19' title="bbox 156 1483 1468 1543; baseline 0.013 -22"><span class='ocrx_word' id='word_1_146' title='bbox 156 1483 335 1537; x_wconf 65' lang='lat' dir='ltr'>Qinffil.</span> <span class='ocrx_word' id='word_1_147' title='bbox 361 1488 391 1526; x_wconf 84' lang='lat' dir='ltr'>I.</span> <span class='ocrx_word' id='word_1_148' title='bbox 421 1490 487 1526; x_wconf 87' lang='lat' dir='ltr'>Or.</span> <span class='ocrx_word' id='word_1_149' title='bbox 519 1489 590 1534; x_wconf 86' lang='lat' dir='ltr'>VI,</span> <span class='ocrx_word' id='word_1_150' title='bbox 621 1504 657 1539; x_wconf 76' lang='lat'>3,</span> <span class='ocrx_word' id='word_1_151' title='bbox 683 1494 745 1543; x_wconf 85' lang='lat'>78.</span> <span class='ocrx_word' id='word_1_152' title='bbox 799 1493 951 1531; x_wconf 83' lang='lat' dir='ltr'>Nullam</span> <span class='ocrx_word' id='word_1_153' title='bbox 981 1495 1040 1533; x_wconf 78' lang='lat' dir='ltr'>hic</span> <span class='ocrx_word' id='word_1_154' title='bbox 1069 1496 1234 1535; x_wconf 43' lang='lat' dir='ltr'>leciionis</span> <span class='ocrx_word' id='word_1_155' title='bbox 1261 1500 1468 1539; x_wconf 82' lang='lat' dir='ltr'>varietatem</span> 
     </span>
     <span class='ocr_line' id='line_1_20' title="bbox 155 1547 1470 1608; baseline 0.016 -30"><span class='ocrx_word' id='word_1_156' title='bbox 155 1555 313 1583; x_wconf 78' lang='lat' dir='ltr'>notatam</span> <span class='ocrx_word' id='word_1_157' title='bbox 342 1547 463 1586; x_wconf 78' lang='lat' dir='ltr'>video.</span> <span class='ocrx_word' id='word_1_158' title='bbox 519 1549 629 1599; x_wconf 75' lang='lat' dir='ltr'>Apud</span> <span class='ocrx_word' id='word_1_159' title='bbox 656 1551 809 1589; x_wconf 82' lang='lat' dir='ltr'>eundern</span> <span class='ocrx_word' id='word_1_160' title='bbox 836 1552 890 1596; x_wconf 89' lang='lat' dir='ltr'>X,</span> <span class='ocrx_word' id='word_1_161' title='bbox 917 1567 955 1602; x_wconf 72' lang='lat'>3,</span> <span class='ocrx_word' id='word_1_162' title='bbox 976 1557 1010 1592; x_wconf 76' lang='lat'>8.</span> <span class='ocrx_word' id='word_1_163' title='bbox 1069 1556 1248 1607; x_wconf 67' lang='lat' dir='ltr'>Vitgilizmz</span> <span class='ocrx_word' id='word_1_164' title='bbox 1269 1561 1470 1608; x_wconf 77' lang='lat' dir='ltr'>paucfflmos</span> 
     </span>
     <span class='ocr_line' id='line_1_21' title="bbox 153 1602 903 1661; baseline 0.016 -23"><span class='ocrx_word' id='word_1_165' title='bbox 153 1602 212 1639; x_wconf 85' lang='lat' dir='ltr'>die</span> <span class='ocrx_word' id='word_1_166' title='bbox 229 1617 329 1655; x_wconf 67' lang='lat' dir='ltr'>compr</span> <span class='ocrx_word' id='word_1_167' title='bbox 344 1613 381 1643; x_wconf 83' lang='lat' dir='ltr'>ui</span> <span class='ocrx_word' id='word_1_168' title='bbox 403 1624 419 1644; x_wconf 80' lang='lat' dir='ltr'>e</span> <span class='ocrx_word' id='word_1_169' title='bbox 436 1624 502 1644; x_wconf 75' lang='lat' dir='ltr'>ver</span> <span class='ocrx_word' id='word_1_170' title='bbox 513 1625 564 1651; x_wconf 75' lang='lat' dir='ltr'>us,</span> <span class='ocrx_word' id='word_1_171' title='bbox 581 1616 696 1647; x_wconf 70' lang='lat' dir='ltr'>cmHor</span> <span class='ocrx_word' id='word_1_172' title='bbox 719 1614 761 1661; x_wconf 73' lang='lat' dir='ltr'>est</span> <span class='ocrx_word' id='word_1_173' title='bbox 782 1612 814 1646; x_wconf 91' lang='lat' dir='ltr'><em>V</em></span> <span class='ocrx_word' id='word_1_174' title='bbox 810 1627 903 1650; x_wconf 68' lang='lat' dir='ltr'>arus.</span> 
     </span>
    </p>

    <p class='ocr_par' dir='ltr' id='par_1_8' title="bbox 149 1662 1464 1833">
     <span class='ocr_line' id='line_1_22' title="bbox 202 1662 1464 1721; baseline 0.015 -22"><span class='ocrx_word' id='word_1_175' title='bbox 202 1662 454 1703; x_wconf 79' lang='lat' dir='ltr'>Indubitatum</span> <span class='ocrx_word' id='word_1_176' title='bbox 489 1681 629 1718; x_wconf 84' lang='lat' dir='ltr'>quoque</span> <span class='ocrx_word' id='word_1_177' title='bbox 650 1671 739 1707; x_wconf 81' lang='lat' dir='ltr'>Vari</span> <span class='ocrx_word' id='word_1_178' title='bbox 762 1683 891 1708; x_wconf 86' lang='lat' dir='ltr'>nomen</span> <span class='ocrx_word' id='word_1_179' title='bbox 909 1671 954 1707; x_wconf 79' lang='lat' dir='ltr'>est</span> <span class='ocrx_word' id='word_1_180' title='bbox 989 1684 1045 1721; x_wconf 75' lang='lat' dir='ltr'>ap.</span> <span class='ocrx_word' id='word_1_181' title='bbox 1067 1672 1199 1710; x_wconf 80' lang='lat' dir='ltr'>Horat.</span> <span class='ocrx_word' id='word_1_182' title='bbox 1220 1674 1250 1713; x_wconf 87' lang='grc' dir='ltr'>Ι.</span> <span class='ocrx_word' id='word_1_183' title='bbox 1276 1681 1318 1715; x_wconf 87' lang='lat'>18</span> <span class='ocrx_word' id='word_1_184' title='bbox 1339 1678 1464 1719; x_wconf 83' lang='lat' dir='ltr'>Carm.</span> 
     </span>
     <span class='ocr_line' id='line_1_23' title="bbox 151 1721 1464 1783; baseline 0.015 -26"><span class='ocrx_word' id='word_1_185' title='bbox 151 1721 308 1766; x_wconf 78' lang='lat' dir='ltr'><em>Nullam,</em></span> <span class='ocrx_word' id='word_1_186' title='bbox 341 1726 443 1767; x_wconf 77' lang='lat' dir='ltr'>Vare,</span> <span class='ocrx_word' id='word_1_187' title='bbox 458 1730 578 1774; x_wconf 71' lang='lat' dir='ltr'>sacru.</span> <span class='ocrx_word' id='word_1_188' title='bbox 634 1728 680 1765; x_wconf 83' lang='lat' dir='ltr'>Et</span> <span class='ocrx_word' id='word_1_189' title='bbox 706 1729 824 1779; x_wconf 84' lang='lat' dir='ltr'>Epod.</span> <span class='ocrx_word' id='word_1_190' title='bbox 845 1729 897 1772; x_wconf 86' lang='lat' dir='ltr'>V,</span> <span class='ocrx_word' id='word_1_191' title='bbox 930 1745 994 1780; x_wconf 78' lang='lat'>73,</span> <span class='ocrx_word' id='word_1_192' title='bbox 1021 1732 1083 1769; x_wconf 81' lang='lat' dir='ltr'>ubi</span> <span class='ocrx_word' id='word_1_193' title='bbox 1112 1733 1271 1771; x_wconf 79' lang='lat' dir='ltr'>Canidia</span> <span class='ocrx_word' id='word_1_194' title='bbox 1298 1736 1336 1774; x_wconf 81' lang='lat' dir='ltr'>in</span> <span class='ocrx_word' id='word_1_195' title='bbox 1365 1751 1464 1783; x_wconf 84' lang='lat' dir='ltr'>eum,</span> 
     </span>
     <span class='ocr_line' id='line_1_24' title="bbox 149 1783 977 1833; baseline 0.011 -15"><span class='ocrx_word' id='word_1_196' title='bbox 149 1791 331 1831; x_wconf 81' lang='lat' dir='ltr'>tamquam</span> <span class='ocrx_word' id='word_1_197' title='bbox 351 1783 607 1823; x_wconf 78' lang='lat' dir='ltr'>inecnstantem</span> <span class='ocrx_word' id='word_1_198' title='bbox 627 1798 838 1833; x_wconf 78' lang='lat' dir='ltr'>amatorem,</span> <span class='ocrx_word' id='word_1_199' title='bbox 867 1789 977 1827; x_wconf 48' lang='lat' dir='ltr'>saetit.</span> 
     </span>
    </p>

    <p class='ocr_par' dir='ltr' id='par_1_9' title="bbox 136 1840 1462 2475">
     <span class='ocr_line' id='line_1_25' title="bbox 202 1840 1462 1907; baseline 0.013 -30"><span class='ocrx_word' id='word_1_200' title='bbox 202 1840 312 1879; x_wconf 84' lang='lat' dir='ltr'>Nihil</span> <span class='ocrx_word' id='word_1_201' title='bbox 326 1843 365 1879; x_wconf 90' lang='lat' dir='ltr'>in</span> <span class='ocrx_word' id='word_1_202' title='bbox 384 1843 437 1880; x_wconf 82' lang='lat' dir='ltr'>his</span> <span class='ocrx_word' id='word_1_203' title='bbox 455 1845 516 1889; x_wconf 82' lang='lat' dir='ltr'>est,</span> <span class='ocrx_word' id='word_1_204' title='bbox 544 1860 616 1896; x_wconf 90' lang='lat' dir='ltr'>quo</span> <span class='ocrx_word' id='word_1_205' title='bbox 634 1847 859 1886; x_wconf 75' lang='lat' dir='ltr'>manifestum</span> <span class='ocrx_word' id='word_1_206' title='bbox 876 1849 954 1891; x_wconf 80' lang='lat' dir='ltr'>fiat,</span> <span class='ocrx_word' id='word_1_207' title='bbox 982 1863 1028 1886; x_wconf 85' lang='lat' dir='ltr'>an</span> <span class='ocrx_word' id='word_1_208' title='bbox 1045 1850 1091 1887; x_wconf 89' lang='lat' dir='ltr'>de</span> <span class='ocrx_word' id='word_1_209' title='bbox 1109 1851 1237 1890; x_wconf 81' lang='lat' dir='ltr'>eodem</span> <span class='ocrx_word' id='word_1_210' title='bbox 1257 1854 1359 1893; x_wconf 83' lang='lat' dir='ltr'>Varo</span> <span class='ocrx_word' id='word_1_211' title='bbox 1376 1869 1462 1907; x_wconf 79' lang='lat' dir='ltr'>aga-</span> 
     </span>
     <span class='ocr_line' id='line_1_26' title="bbox 148 1901 1462 1962; baseline 0.014 -26"><span class='ocrx_word' id='word_1_212' title='bbox 148 1910 218 1937; x_wconf 89' lang='lat' dir='ltr'>tur.</span> <span class='ocrx_word' id='word_1_213' title='bbox 282 1901 359 1954; x_wconf 81' lang='lat' dir='ltr'>Qi</span> <span class='ocrx_word' id='word_1_214' title='bbox 389 1903 538 1941; x_wconf 75' lang='lat' dir='ltr'>Horatii</span> <span class='ocrx_word' id='word_1_215' title='bbox 572 1905 708 1944; x_wconf 84' lang='lat' dir='ltr'>amicus</span> <span class='ocrx_word' id='word_1_216' title='bbox 735 1907 822 1950; x_wconf 85' lang='lat' dir='ltr'>fuit,</span> <span class='ocrx_word' id='word_1_217' title='bbox 864 1909 984 1958; x_wconf 81' lang='lat' dir='ltr'>potuit</span> <span class='ocrx_word' id='word_1_218' title='bbox 1021 1919 1056 1946; x_wconf 88' lang='lat' dir='ltr'>et</span> <span class='ocrx_word' id='word_1_219' title='bbox 1090 1910 1243 1962; x_wconf 82' lang='lat' dir='ltr'>Virgilii</span> <span class='ocrx_word' id='word_1_220' title='bbox 1277 1915 1364 1960; x_wconf 80' lang='lat' dir='ltr'>effe3</span> <span class='ocrx_word' id='word_1_221' title='bbox 1395 1917 1462 1954; x_wconf 83' lang='lat' dir='ltr'>Po-</span> 
     </span>
     <span class='ocr_line' id='line_1_27' title="bbox 147 1960 1461 2020; baseline 0.014 -24"><span class='ocrx_word' id='word_1_222' title='bbox 147 1960 216 1997; x_wconf 83' lang='lat' dir='ltr'>tuit</span> <span class='ocrx_word' id='word_1_223' title='bbox 234 1961 329 2000; x_wconf 55' lang='lat' dir='ltr'>idem</span> <span class='ocrx_word' id='word_1_224' title='bbox 362 1963 512 2001; x_wconf 55' lang='lat' dir='ltr'>Caesaris</span> <span class='ocrx_word' id='word_1_225' title='bbox 531 1964 666 2003; x_wconf 75' lang='lat' dir='ltr'>amicus</span> <span class='ocrx_word' id='word_1_226' title='bbox 684 1967 762 2003; x_wconf 73' lang='lat' dir='ltr'>esse.</span> <span class='ocrx_word' id='word_1_227' title='bbox 819 1968 886 2004; x_wconf 73' lang='lat' dir='ltr'>Pro</span> <span class='ocrx_word' id='word_1_228' title='bbox 905 1969 1032 2006; x_wconf 76' lang='lat' dir='ltr'>eodem</span> <span class='ocrx_word' id='word_1_229' title='bbox 1052 1969 1171 2020; x_wconf 79' lang='lat' dir='ltr'>itaque</span> <span class='ocrx_word' id='word_1_230' title='bbox 1189 1985 1273 2010; x_wconf 90' lang='lat' dir='ltr'>cum</span> <span class='ocrx_word' id='word_1_231' title='bbox 1293 1974 1336 2013; x_wconf 92' lang='lat' dir='ltr'>L.</span> <span class='ocrx_word' id='word_1_232' title='bbox 1359 1976 1461 2017; x_wconf 88' lang='lat' dir='ltr'>Varo</span> 
     </span>
     <span class='ocr_line' id='line_1_28' title="bbox 146 2018 1459 2075; baseline 0.014 -20"><span class='ocrx_word' id='word_1_233' title='bbox 146 2018 328 2070; x_wconf 72' lang='lat' dir='ltr'>Epicureo</span> <span class='ocrx_word' id='word_1_234' title='bbox 345 2021 545 2059; x_wconf 77' lang='lat' dir='ltr'>habuerunt</span> <span class='ocrx_word' id='word_1_235' title='bbox 562 2036 644 2060; x_wconf 86' lang='lat' dir='ltr'>eum</span> <span class='ocrx_word' id='word_1_236' title='bbox 671 2024 741 2061; x_wconf 77' lang='lat' dir='ltr'>viri</span> <span class='ocrx_word' id='word_1_237' title='bbox 759 2025 873 2069; x_wconf 64' lang='lat' dir='ltr'>dofti,</span> <span class='ocrx_word' id='word_1_238' title='bbox 902 2027 939 2063; x_wconf 85' lang='lat' dir='ltr'>in</span> <span class='ocrx_word' id='word_1_239' title='bbox 966 2027 1020 2064; x_wconf 76' lang='lat' dir='ltr'>his</span> <span class='ocrx_word' id='word_1_240' title='bbox 1049 2028 1203 2067; x_wconf 61' lang='lat' dir='ltr'>Maisan.</span> <span class='ocrx_word' id='word_1_241' title='bbox 1225 2031 1304 2070; x_wconf 89' lang='lat' dir='ltr'>Vit.</span> <span class='ocrx_word' id='word_1_242' title='bbox 1325 2034 1459 2075; x_wconf 83' lang='lat' dir='ltr'>Horat.</span> 
     </span>
     <span class='ocr_line' id='line_1_29' title="bbox 144 2081 1458 2141; baseline 0.014 -25"><span class='ocrx_word' id='word_1_243' title='bbox 144 2090 181 2127; x_wconf 86' lang='lat' dir='ltr'>p.</span> <span class='ocrx_word' id='word_1_244' title='bbox 216 2092 303 2119; x_wconf 85' lang='lat'><strong>222.</strong></span> <span class='ocrx_word' id='word_1_245' title='bbox 394 2081 524 2119; x_wconf 80' lang='lat' dir='ltr'>Eidem</span> <span class='ocrx_word' id='word_1_246' title='bbox 564 2083 654 2120; x_wconf 85' lang='lat' dir='ltr'>adeo</span> <span class='ocrx_word' id='word_1_247' title='bbox 690 2094 725 2121; x_wconf 88' lang='lat' dir='ltr'>et</span> <span class='ocrx_word' id='word_1_248' title='bbox 755 2085 829 2122; x_wconf 71' lang='lat' dir='ltr'>haec</span> <span class='ocrx_word' id='word_1_249' title='bbox 863 2086 1003 2137; x_wconf 83' lang='lat' dir='ltr'>Ecloga</span> <span class='ocrx_word' id='word_1_250' title='bbox 1035 2087 1091 2123; x_wconf 87' lang='lat' dir='ltr'>VI</span> <span class='ocrx_word' id='word_1_251' title='bbox 1132 2089 1306 2141; x_wconf 79' lang='lat' dir='ltr'>inscripta</span> <span class='ocrx_word' id='word_1_252' title='bbox 1341 2095 1458 2135; x_wconf 88' lang='lat' dir='ltr'>videri</span> 
     </span>
     <span class='ocr_line' id='line_1_30' title="bbox 142 2140 1456 2208; baseline 0.014 -33"><span class='ocrx_word' id='word_1_253' title='bbox 142 2140 275 2188; x_wconf 85' lang='lat' dir='ltr'>potest:</span> <span class='ocrx_word' id='word_1_254' title='bbox 305 2141 328 2177; x_wconf 87' lang='lat' dir='ltr'>fi</span> <span class='ocrx_word' id='word_1_255' title='bbox 349 2154 470 2179; x_wconf 79' lang='lat' dir='ltr'>verum</span> <span class='ocrx_word' id='word_1_256' title='bbox 489 2143 551 2187; x_wconf 88' lang='lat' dir='ltr'>est,</span> <span class='ocrx_word' id='word_1_257' title='bbox 578 2144 676 2193; x_wconf 83' lang='lat' dir='ltr'>qued</span> <span class='ocrx_word' id='word_1_258' title='bbox 697 2145 812 2182; x_wconf 88' lang='lat' dir='ltr'>Servii</span> <span class='ocrx_word' id='word_1_259' title='bbox 827 2146 872 2182; x_wconf 83' lang='lat' dir='ltr'>ad</span> <span class='ocrx_word' id='word_1_260' title='bbox 897 2161 930 2184; x_wconf 91' lang='lat' dir='ltr'>v.</span> <span class='ocrx_word' id='word_1_261' title='bbox 949 2161 1011 2196; x_wconf 84' lang='lat'>31,</span> <span class='ocrx_word' id='word_1_262' title='bbox 1032 2148 1160 2187; x_wconf 85' lang='lat' dir='ltr'>Phocae</span> <span class='ocrx_word' id='word_1_263' title='bbox 1177 2151 1214 2188; x_wconf 88' lang='lat' dir='ltr'>in</span> <span class='ocrx_word' id='word_1_264' title='bbox 1233 2152 1322 2190; x_wconf 77' lang='lat' dir='ltr'>Vita</span> <span class='ocrx_word' id='word_1_265' title='bbox 1348 2155 1456 2208; x_wconf 87' lang='lat' dir='ltr'>Virg.</span> 
     </span>
     <span class='ocr_line' id='line_1_31' title="bbox 141 2199 1456 2265; baseline 0.014 -31"><span class='ocrx_word' id='word_1_266' title='bbox 141 2210 176 2234; x_wconf 83' lang='lat' dir='ltr'>v.</span> <span class='ocrx_word' id='word_1_267' title='bbox 197 2200 261 2248; x_wconf 87' lang='lat'>63,</span> <span class='ocrx_word' id='word_1_268' title='bbox 282 2199 419 2237; x_wconf 80' lang='lat' dir='ltr'>Donati</span> <span class='ocrx_word' id='word_1_269' title='bbox 436 2200 472 2237; x_wconf 90' lang='lat' dir='ltr'>in</span> <span class='ocrx_word' id='word_1_270' title='bbox 497 2201 541 2239; x_wconf 83' lang='lat' dir='ltr'>V.</span> <span class='ocrx_word' id='word_1_271' title='bbox 562 2202 612 2240; x_wconf 86' lang='lat' dir='ltr'>V.</span> <span class='ocrx_word' id='word_1_272' title='bbox 634 2203 659 2240; x_wconf 86' lang='lat' dir='ltr'>s.</span> <span class='ocrx_word' id='word_1_273' title='bbox 689 2217 736 2254; x_wconf 88' lang='lat'>79</span> <span class='ocrx_word' id='word_1_274' title='bbox 755 2205 824 2241; x_wconf 83' lang='lat' dir='ltr'>fide</span> <span class='ocrx_word' id='word_1_275' title='bbox 841 2206 1009 2251; x_wconf 74' lang='lat' dir='ltr'>traditur,</span> <span class='ocrx_word' id='word_1_276' title='bbox 1036 2207 1074 2244; x_wconf 86' lang='lat' dir='ltr'>in</span> <span class='ocrx_word' id='word_1_277' title='bbox 1091 2222 1125 2246; x_wconf 72' lang='lat' dir='ltr'>v,</span> <span class='ocrx_word' id='word_1_278' title='bbox 1149 2223 1190 2257; x_wconf 76' lang='lat'>31</span> <span class='ocrx_word' id='word_1_279' title='bbox 1224 2210 1299 2262; x_wconf 77' lang='lat' dir='ltr'><strong>sqq.</strong></span> <span class='ocrx_word' id='word_1_280' title='bbox 1321 2214 1456 2265; x_wconf 84' lang='lat' dir='ltr'>Epicu-</span> 
     </span>
     <span class='ocr_line' id='line_1_32' title="bbox 142 2259 1456 2322; baseline 0.014 -28"><span class='ocrx_word' id='word_1_281' title='bbox 142 2270 240 2295; x_wconf 84' lang='lat' dir='ltr'>reum</span> <span class='ocrx_word' id='word_1_282' title='bbox 263 2259 397 2310; x_wconf 83' lang='lat' dir='ltr'>dogma</span> <span class='ocrx_word' id='word_1_283' title='bbox 423 2261 600 2311; x_wconf 82' lang='lat' dir='ltr'>proponi3</span> <span class='ocrx_word' id='word_1_284' title='bbox 631 2263 655 2300; x_wconf 88' lang='lat' dir='ltr'><strong>fi</strong></span> <span class='ocrx_word' id='word_1_285' title='bbox 681 2277 789 2314; x_wconf 89' lang='lat' dir='ltr'>porro</span> <span class='ocrx_word' id='word_1_286' title='bbox 817 2266 979 2314; x_wconf 76' lang='lat' dir='ltr'>Syronis,</span> <span class='ocrx_word' id='word_1_287' title='bbox 1006 2267 1211 2319; x_wconf 67' lang='lat' dir='ltr'>philosophi</span> <span class='ocrx_word' id='word_1_288' title='bbox 1237 2271 1409 2322; x_wconf 73' lang='lat' dir='ltr'>Epicurei</span> <span class='ocrx_word' id='word_1_289' title='bbox 1435 2287 1456 2312; x_wconf 83' lang='lat' dir='ltr'>e</span> 
     </span>
     <span class='ocr_line' id='line_1_33' title="bbox 141 2316 1453 2376; baseline 0.011 -23"><span class='ocrx_word' id='word_1_290' title='bbox 141 2316 321 2354; x_wconf 77' lang='lat' dir='ltr'>Cicerone</span> <span class='ocrx_word' id='word_1_291' title='bbox 339 2318 433 2360; x_wconf 89' lang='lat' dir='ltr'>noti,</span> <span class='ocrx_word' id='word_1_292' title='bbox 463 2333 530 2356; x_wconf 82' lang='lat' dir='ltr'>una</span> <span class='ocrx_word' id='word_1_293' title='bbox 550 2334 633 2358; x_wconf 87' lang='lat' dir='ltr'>cum</span> <span class='ocrx_word' id='word_1_294' title='bbox 662 2321 762 2358; x_wconf 82' lang='lat' dir='ltr'>Varo</span> <span class='ocrx_word' id='word_1_295' title='bbox 779 2324 924 2361; x_wconf 77' lang='lat' dir='ltr'>auditor</span> <span class='ocrx_word' id='word_1_296' title='bbox 942 2324 1012 2361; x_wconf 86' lang='lat' dir='ltr'>fuit</span> <span class='ocrx_word' id='word_1_297' title='bbox 1034 2325 1227 2376; x_wconf 69' lang='lat' dir='ltr'>Virgilius.</span> <span class='ocrx_word' id='word_1_298' title='bbox 1283 2330 1374 2369; x_wconf 88' lang='lat' dir='ltr'>Sunt</span> <span class='ocrx_word' id='word_1_299' title='bbox 1401 2344 1453 2372; x_wconf 75' lang='lat' dir='ltr'>ta-</span> 
     </span>
     <span class='ocr_line' id='line_1_34' title="bbox 139 2376 1453 2441; baseline 0.015 -30"><span class='ocrx_word' id='word_1_300' title='bbox 139 2389 221 2413; x_wconf 89' lang='lat' dir='ltr'>men</span> <span class='ocrx_word' id='word_1_301' title='bbox 240 2376 314 2414; x_wconf 80' lang='lat' dir='ltr'>hzec</span> <span class='ocrx_word' id='word_1_302' title='bbox 349 2377 473 2415; x_wconf 83' lang='lat' dir='ltr'>omnia</span> <span class='ocrx_word' id='word_1_303' title='bbox 500 2389 572 2416; x_wconf 91' lang='lat' dir='ltr'>tam</span> <span class='ocrx_word' id='word_1_304' title='bbox 594 2394 721 2430; x_wconf 88' lang='lat' dir='ltr'>parum</span> <span class='ocrx_word' id='word_1_305' title='bbox 731 2382 878 2421; x_wconf 74' lang='lat' dir='ltr'>firmatae</span> <span class='ocrx_word' id='word_1_306' title='bbox 900 2384 998 2428; x_wconf 82' lang='lat' dir='ltr'>fidei,</span> <span class='ocrx_word' id='word_1_307' title='bbox 1029 2394 1067 2422; x_wconf 89' lang='lat' dir='ltr'>ut</span> <span class='ocrx_word' id='word_1_308' title='bbox 1084 2385 1177 2423; x_wconf 86' lang='lat' dir='ltr'>nihil</span> <span class='ocrx_word' id='word_1_309' title='bbox 1194 2387 1267 2426; x_wconf 79' lang='lat' dir='ltr'>illis</span> <span class='ocrx_word' id='word_1_310' title='bbox 1284 2391 1453 2441; x_wconf 86' lang='lat' dir='ltr'>equidem</span> 
     </span>
     <span class='ocr_line' id='line_1_35' title="bbox 136 2437 330 2475; baseline 0.01 -2"><span class='ocrx_word' id='word_1_311' title='bbox 136 2437 330 2475; x_wconf 80' lang='lat' dir='ltr'>confidam.</span> 
     </span>
    </p>

    <p class='ocr_par' dir='ltr' id='par_1_10' title="bbox 131 2495 1451 2771">
     <span class='ocr_line' id='line_1_36' title="bbox 187 2495 1449 2548; baseline 0.014 -17"><span class='ocrx_word' id='word_1_312' title='bbox 187 2495 325 2532; x_wconf 71' lang='lat' dir='ltr'>Contra</span> <span class='ocrx_word' id='word_1_313' title='bbox 351 2509 496 2547; x_wconf 87' lang='lat' dir='ltr'>gravem</span> <span class='ocrx_word' id='word_1_314' title='bbox 526 2497 790 2538; x_wconf 84' lang='lat' dir='ltr'>dubitationem</span> <span class='ocrx_word' id='word_1_315' title='bbox 809 2514 930 2539; x_wconf 82' lang='lat' dir='ltr'>movet</span> <span class='ocrx_word' id='word_1_316' title='bbox 963 2502 1128 2542; x_wconf 81' lang='lat' dir='ltr'>adversus</span> <span class='ocrx_word' id='word_1_317' title='bbox 1163 2504 1256 2543; x_wconf 79' lang='lat' dir='ltr'>hanc</span> <span class='ocrx_word' id='word_1_318' title='bbox 1289 2507 1449 2548; x_wconf 81' lang='lat' dir='ltr'>Maffoni</span> 
     </span>
     <span class='ocr_line' id='line_1_37' title="bbox 135 2555 1445 2612; baseline 0.013 -22"><span class='ocrx_word' id='word_1_319' title='bbox 135 2555 344 2605; x_wconf 89' lang='lat' dir='ltr'>opinionem</span> <span class='ocrx_word' id='word_1_320' title='bbox 372 2556 457 2600; x_wconf 90' lang='lat' dir='ltr'>hoc,</span> <span class='ocrx_word' id='word_1_321' title='bbox 499 2559 596 2607; x_wconf 87' lang='lat' dir='ltr'>quod</span> <span class='ocrx_word' id='word_1_322' title='bbox 624 2558 740 2597; x_wconf 89' lang='lat' dir='ltr'>Varus</span> <span class='ocrx_word' id='word_1_323' title='bbox 769 2559 921 2612; x_wconf 84' lang='lat' dir='ltr'>Virgilii</span> <span class='ocrx_word' id='word_1_324' title='bbox 947 2563 1057 2600; x_wconf 87' lang='lat' dir='ltr'>nostri</span> <span class='ocrx_word' id='word_1_325' title='bbox 1084 2563 1179 2602; x_wconf 92' lang='lat' dir='ltr'>bello</span> <span class='ocrx_word' id='word_1_326' title='bbox 1207 2565 1322 2604; x_wconf 84' lang='lat' dir='ltr'>clarus</span> <span class='ocrx_word' id='word_1_327' title='bbox 1348 2569 1445 2608; x_wconf 90' lang='lat' dir='ltr'>fuit:</span> 
     </span>
     <span class='ocr_line' id='line_1_38' title="bbox 134 2614 1451 2678; baseline 0.014 -29"><span class='ocrx_word' id='word_1_328' title='bbox 134 2628 218 2653; x_wconf 88' lang='lat' dir='ltr'>nam</span> <span class='ocrx_word' id='word_1_329' title='bbox 246 2614 325 2653; x_wconf 85' lang='lat' dir='ltr'>Ecl.</span> <span class='ocrx_word' id='word_1_330' title='bbox 357 2616 429 2661; x_wconf 87' lang='lat' dir='ltr'>VI,</span> <span class='ocrx_word' id='word_1_331' title='bbox 460 2632 480 2669; x_wconf 92' lang='lat'><strong>7</strong></span> <span class='ocrx_word' id='word_1_332' title='bbox 510 2630 621 2663; x_wconf 81' lang='lat' dir='ltr'>erunt,</span> <span class='ocrx_word' id='word_1_333' title='bbox 648 2627 708 2671; x_wconf 81' lang='lat' dir='ltr'>qui</span> <span class='ocrx_word' id='word_1_334' title='bbox 729 2623 832 2659; x_wconf 67' lang='lat' dir='ltr'>dicere</span> <span class='ocrx_word' id='word_1_335' title='bbox 860 2622 987 2668; x_wconf 65' lang='lat' dir='ltr'>luucbs,</span> <span class='ocrx_word' id='word_1_336' title='bbox 1019 2625 1052 2659; x_wconf 90' lang='lat' dir='ltr'><em>V</em></span> <span class='ocrx_word' id='word_1_337' title='bbox 1049 2640 1123 2669; x_wconf 79' lang='lat' dir='ltr'>are,</span> <span class='ocrx_word' id='word_1_338' title='bbox 1150 2637 1226 2663; x_wconf 79' lang='lat' dir='ltr'>tuas</span> <span class='ocrx_word' id='word_1_339' title='bbox 1255 2636 1390 2678; x_wconf 76' lang='lat' dir='ltr'>cupiant</span> <span class='ocrx_word' id='word_1_340' title='bbox 1417 2646 1451 2672; x_wconf 80' lang='lat' dir='ltr'>ct</span> 
     </span>
     <span class='ocr_line' id='line_1_39' title="bbox 132 2675 1447 2739; baseline 0.014 -30"><span class='ocrx_word' id='word_1_341' title='bbox 132 2677 239 2722; x_wconf 75' lang='lat' dir='ltr'>trssia</span> <span class='ocrx_word' id='word_1_342' title='bbox 256 2676 385 2712; x_wconf 73' lang='lat' dir='ltr'>condere</span> <span class='ocrx_word' id='word_1_343' title='bbox 402 2675 516 2714; x_wconf 68' lang='lat' dir='ltr'>bella.-</span> <span class='ocrx_word' id='word_1_344' title='bbox 543 2675 584 2714; x_wconf 87' lang='lat' dir='ltr'>id</span> <span class='ocrx_word' id='word_1_345' title='bbox 609 2680 706 2728; x_wconf 91' lang='lat' dir='ltr'>quod</span> <span class='ocrx_word' id='word_1_346' title='bbox 734 2679 773 2717; x_wconf 88' lang='lat' dir='ltr'>in</span> <span class='ocrx_word' id='word_1_347' title='bbox 804 2681 1025 2732; x_wconf 86' lang='lat' dir='ltr'>Epicureum</span> <span class='ocrx_word' id='word_1_348' title='bbox 1055 2683 1159 2721; x_wconf 88' lang='lat' dir='ltr'>illum</span> <span class='ocrx_word' id='word_1_349' title='bbox 1191 2685 1447 2739; x_wconf 85' lang='lat' dir='ltr'>philosophum</span> 
     </span>
     <span class='ocr_line' id='line_1_40' title="bbox 131 2732 341 2771; baseline 0.014 -3"><span class='ocrx_word' id='word_1_350' title='bbox 131 2744 203 2769; x_wconf 90' lang='lat' dir='ltr'>non</span> <span class='ocrx_word' id='word_1_351' title='bbox 230 2732 341 2771; x_wconf 81' lang='lat' dir='ltr'>cadit.</span> 
     </span>
    </p>

    <p class='ocr_par' dir='ltr' id='par_1_11' title="bbox 133 2791 1449 2974">
     <span class='ocr_line' id='line_1_41' title="bbox 184 2791 1449 2849; baseline 0.013 -21"><span class='ocrx_word' id='word_1_352' title='bbox 184 2791 241 2829; x_wconf 83' lang='lat' dir='ltr'>Ex</span> <span class='ocrx_word' id='word_1_353' title='bbox 270 2793 352 2830; x_wconf 88' lang='lat' dir='ltr'>loco</span> <span class='ocrx_word' id='word_1_354' title='bbox 383 2793 463 2832; x_wconf 89' lang='lat' dir='ltr'>Ecl.</span> <span class='ocrx_word' id='word_1_355' title='bbox 482 2794 558 2840; x_wconf 90' lang='lat' dir='ltr'>IX,</span> <span class='ocrx_word' id='word_1_356' title='bbox 589 2808 607 2844; x_wconf 88' lang='lat'>3</span> <span class='ocrx_word' id='word_1_357' title='bbox 615 2810 633 2847; x_wconf 80' lang='grc'><em>5</em></span> <span class='ocrx_word' id='word_1_358' title='bbox 670 2797 762 2835; x_wconf 83' lang='lat' dir='ltr'>Nam</span> <span class='ocrx_word' id='word_1_359' title='bbox 789 2814 890 2849; x_wconf 75' lang='lat' dir='ltr'>neque</span> <span class='ocrx_word' id='word_1_360' title='bbox 906 2799 1016 2837; x_wconf 82' lang='lat' dir='ltr'><em>adhuc</em></span> <span class='ocrx_word' id='word_1_361' title='bbox 1033 2799 1123 2838; x_wconf 78' lang='lat' dir='ltr'>Varo</span> <span class='ocrx_word' id='word_1_362' title='bbox 1139 2804 1258 2840; x_wconf 80' lang='lat' dir='ltr'>videor</span> <span class='ocrx_word' id='word_1_363' title='bbox 1272 2820 1329 2843; x_wconf 83' lang='lat' dir='ltr'>nec</span> <span class='ocrx_word' id='word_1_364' title='bbox 1345 2806 1449 2844; x_wconf 85' lang='lat' dir='ltr'>dicere</span> 
     </span>
     <span class='ocr_line' id='line_1_42' title="bbox 133 2849 1441 2909; baseline 0.012 -22"><span class='ocrx_word' id='word_1_365' title='bbox 133 2849 248 2897; x_wconf 84' lang='lat' dir='ltr'>Cinna</span> <span class='ocrx_word' id='word_1_366' title='bbox 265 2853 399 2903; x_wconf 81' lang='lat' dir='ltr'>Digna,</span> <span class='ocrx_word' id='word_1_367' title='bbox 413 2857 480 2902; x_wconf 80' lang='lat' dir='ltr'>sed</span> <span class='ocrx_word' id='word_1_368' title='bbox 491 2866 627 2909; x_wconf 83' lang='lat' dir='ltr'>argutos</span> <span class='ocrx_word' id='word_1_369' title='bbox 647 2862 736 2894; x_wconf 82' lang='lat' dir='ltr'>inter</span> <span class='ocrx_word' id='word_1_370' title='bbox 740 2860 885 2908; x_wconf 77' lang='lat' dir='ltr'>strepere</span> <span class='ocrx_word' id='word_1_371' title='bbox 898 2861 996 2908; x_wconf 66' lang='lat' dir='ltr'>anser</span> <span class='ocrx_word' id='word_1_372' title='bbox 1010 2858 1122 2903; x_wconf 74' lang='lat' dir='ltr'>olores,</span> <span class='ocrx_word' id='word_1_373' title='bbox 1150 2862 1242 2899; x_wconf 64' lang='lat' dir='ltr'>rec&#39;ie</span> <span class='ocrx_word' id='word_1_374' title='bbox 1269 2863 1441 2904; x_wconf 83' lang='lat' dir='ltr'>inferres:</span> 
     </span>
     <span class='ocr_line' id='line_1_43' title="bbox 133 2908 1445 2974; baseline 0.011 -27"><span class='ocrx_word' id='word_1_375' title='bbox 133 2908 271 2949; x_wconf 85' lang='lat' dir='ltr'>Varum</span> <span class='ocrx_word' id='word_1_376' title='bbox 299 2923 361 2950; x_wconf 88' lang='lat' dir='ltr'>aut</span> <span class='ocrx_word' id='word_1_377' title='bbox 388 2918 535 2964; x_wconf 69' lang='lat' dir='ltr'>poetam</span> <span class='ocrx_word' id='word_1_378' title='bbox 568 2925 628 2954; x_wconf 88' lang='lat' dir='ltr'>aut</span> <span class='ocrx_word' id='word_1_379' title='bbox 645 2917 844 2955; x_wconf 89' lang='lat' dir='ltr'>carminum</span> <span class='ocrx_word' id='word_1_380' title='bbox 860 2918 1024 2968; x_wconf 88' lang='lat' dir='ltr'>judicem</span> <span class='ocrx_word' id='word_1_381' title='bbox 1041 2917 1179 2957; x_wconf 88' lang='lat' dir='ltr'>bonum</span> <span class='ocrx_word' id='word_1_382' title='bbox 1197 2920 1320 2969; x_wconf 79' lang='lat' dir='ltr'>fuiffe3</span> <span class='ocrx_word' id='word_1_383' title='bbox 1345 2924 1445 2974; x_wconf 86' lang='lat' dir='ltr'>prius</span> 
     </span>
    </p>
   </div>
   <div class='ocr_carea' id='block_1_5' title="bbox 1349 2981 1442 3023">
    <p class='ocr_par' dir='ltr' id='par_1_12' title="bbox 1349 2981 1442 3023">
     <span class='ocr_line' id='line_1_44' title="bbox 1349 2981 1442 3023; baseline 0.032 -2"><span class='ocrx_word' id='word_1_384' title='bbox 1349 2981 1442 3023; x_wconf 83' lang='lat' dir='ltr'>illud</span> 
     </span>
    </p>
   </div>
  </div>
 </body>
</html>
