1821 3381
242 289 360 345 >DE
408 277 779 333 CARMINE
824 284 1244 334 BUCOLICO.
1347 305 1400 352 15

94 419 388 484 simplicitas,
413 417 574 481 paullo
598 415 835 462 horridior
859 414 976 462 forte
1000 416 1082 463 illa
1103 429 1148 464 et
1171 419 1408 478 incultior,

95 504 250 552 nostra
272 501 513 548 venustate
549 511 595 546 et
630 497 863 560 elegantia
886 509 1200 560 temperetur3
1236 519 1407 565 quam-

92 602 238 650 quam
263 584 395 647 prior
416 582 497 628 illa
532 580 750 644 ingenuis
776 579 947 626 animis
980 580 1209 643 majorem
1234 584 1408 647 volup-

91 680 241 715 tatem
265 667 430 714 afferre
455 665 587 712 solet.
658 663 785 727 Qae
819 680 889 709 res
913 664 984 710 vel
1022 665 1126 726 ipso
1160 667 1406 717 Theocriti

91 765 139 800 et
163 752 353 816 Virgilii
385 749 607 812 exemplo
640 747 867 795 declarari
895 759 941 794 et
978 750 1281 812 comprobari
1314 768 1406 814 po-

16 842 19 847 ’
89 833 192 879 test.
262 832 393 879 Illius
425 830 554 877 enim
576 845 722 892 quam
755 829 1017 893 fimplicior
1049 843 1095 877 et
1126 832 1280 879 verior
1314 832 1406 878 hu-

90 912 382 975 militatique
404 911 675 974 argumenti
706 911 1114 958 accommodatior
1151 913 1216 959 est
1251 912 1403 959 ratio!

88 992 228 1057 hujus
252 1009 363 1040 vero
386 1005 562 1056 quanto
586 992 843 1056 elegantior
862 1005 910 1039 et
932 993 1167 1041 ornatior!
1205 996 1296 1043 Sed
1320 996 1406 1043 ha-

87 1073 232 1121 bebat
268 1088 482 1139 uterque,
516 1075 645 1138 quod
683 1075 979 1138 sequeretur;
1015 1092 1110 1122 non
1153 1077 1282 1124 enim
1320 1078 1407 1124 ab-

88 1156 343 1204 horrebant
385 1157 671 1204 Graecorum
716 1158 907 1221 ingenia
950 1176 975 1205 a
1011 1160 1317 1222 simplicitate
1358 1174 1405 1210 et

89 1240 248 1286 nativa
287 1240 447 1302 aliqua
482 1240 786 1304 modestaque
827 1242 1095 1297 venustate;
1133 1242 1276 1306 ipsius
1309 1243 1407 1290 ser-

87 1322 244 1368 monis
267 1337 320 1368 ac
341 1322 533 1369 dialecti
556 1322 749 1370 Doricae
773 1335 955 1380 natura,
990 1340 1084 1370 non
1113 1325 1266 1387 potest
1290 1325 1405 1384 dici,

90 1402 251 1451 sentiri
279 1405 417 1453 facile
432 1407 600 1469 potest,
617 1420 846 1471 quantam
869 1408 1224 1472 fimplicitatem
1239 1426 1340 1473 prae
1361 1410 1406 1457 se

89 1487 222 1546 ferat,
257 1500 304 1535 et
337 1502 630 1554 quantopere
665 1492 776 1538 huic
814 1507 974 1538 rerum
1010 1493 1172 1555 generi
1211 1507 1321 1557 apta
1357 1507 1405 1542 et

86 1571 257 1618 idonea
297 1572 366 1630 fit,
399 1586 453 1620 ut
497 1592 583 1623 nec
621 1576 759 1622 docta
795 1592 882 1623 nec
923 1576 1100 1623 inculta
1133 1588 1179 1623 et
1215 1578 1407 1626 horrida

86 1654 238 1699 oratio
261 1653 332 1700 fit.
402 1655 472 1702 At
497 1655 726 1720 Virgilius
750 1657 978 1704 sermonis
1003 1670 1048 1704 et
1079 1659 1266 1706 dialecti
1301 1661 1407 1708 sua-

86 1735 234 1782 vitate
255 1738 504 1785 destitutus
519 1741 556 1796 ³¹⁶,
572 1741 655 1802 qui.
674 1741 893 1803 politiore
917 1741 1169 1797 aeVO,inter
1187 1744 1405 1793 homines

85 1818 287 1866 urbanos
311 1833 356 1867 et
388 1821 672 1884 elegantiam
699 1839 812 1869 cum
849 1823 966 1870 fastu
1006 1824 1246 1884 sectantes,
1270 1829 1405 1875 vive-

83 1916 171 1959 ret,
204 1904 357 1950 multa
394 1920 451 1950 ex
483 1904 597 1951 vitae
634 1906 893 1968 pastoritiae
932 1907 1130 1954 veritate
1163 1921 1243 1956 aut
1264 1909 1405 1973 sepo-

84 2000 193 2031 nere
234 1997 314 2033 aut
353 1986 507 2033 verbis
551 1987 795 2035 honestare
845 1989 1024 2035 neceffe
1066 1991 1249 2048 habuit,
1294 2009 1405 2055 quae

85 2067 210 2114 nude
245 2080 291 2114 et
329 2069 388 2121 ad
426 2070 493 2116 rei
536 2071 789 2117 veritatem
833 2073 1074 2135 propofita
1115 2087 1160 2121 et
1196 2078 1405 2139 expreffa

84 2147 304 2212 superbas
358 2150 687 2200 Romanorum
731 2170 863 2201 aures
919 2155 1246 2212 offendiffent3
1293 2175 1404 2223 quae

85 2231 184 2296 ejus
209 2234 443 2297 elegantia
477 2236 596 2283 adeo
620 2238 668 2284 in
704 2239 841 2285 laude
866 2238 970 2296 fuit,
1005 2253 1057 2286 ut
1081 2252 1127 2287 et
1170 2242 1402 2289 Horatius

84 2329 195 2360 eum
216 2315 275 2361 ab
300 2316 385 2363 hac
412 2317 523 2365 dote
546 2321 854 2369 commendet
879 2323 936 2383 †:
973 2323 1112 2369 Molle
1138 2326 1404 2386 alqueface-

85 2407 172 2444 tum
198 2399 373 2462 Virgilio
395 2414 635 2450 animerunt
657 2408 889 2467 gaudentes
912 2425 1011 2454 rure
1035 2408 1252 2454 Camoenae.
1321 2406 1402 2454 Ad

83 2477 289 2544 Eclogas
335 2484 464 2533 enirn
510 2497 555 2532 et
601 2486 839 2552 Georgica
888 2490 1133 2553 respexiffe
1171 2490 1401 2537 Horatius

83 2560 233 2608 videri
256 2563 413 2624 debet,
447 2580 498 2614 ut
522 2568 748 2632 scriptam
772 2572 859 2619 effe
882 2572 1060 2621 neceffe
1090 2572 1145 2618 fit
1170 2572 1401 2634 Satyram,

127 2689 157 2747 '‘¹“
186 2690 296 2730 Reffle
331 2691 469 2732 Probus
502 2695 710 2739 Theocritum
773 2701 908 2739 Latinis
924 2700 1125 2752 dffcilefui
1148 2716 1179 2744 e,
1198 2706 1277 2751 quia
1290 2703 1402 2750 m’cff’

78 2742 359 2793 poe'tamfitcilim
377 2746 426 2782 ait
445 2748 708 2800 Bucolicascrip-
771 2755 813 2802 {st
822 2763 887 2801 per
901 2757 1011 2790 eadem
1028 2753 1140 2790 verba
1164 2756 1402 2790 accommodare

70 2792 162 2841 fiffi,
179 2802 257 2844 quia
274 2799 367 2845 apud
377 2799 508 2836 Graecos
518 2804 622 2845 sermo
640 2805 709 2850 rus·
756 2807 820 2853 Ji'n
836 2820 887 2842 us.

83 2848 208 2882 titanus
224 2863 248 2886 a
264 2848 365 2885 civili
378 2851 495 2888 dividi
500 2855 600 2903 polqst
609 2869 623 2900 ‚·
642 2855 709 2892 ideo
819 2856 842 2894 †
871 2855 947 2894 Sat.
965 2854 999 2901 1,
1022 2869 1084 2902 10,
1110 2855 1174 2907 46-

343 2916 361 2947 1
1292 2917 1400 2951 8,ῐῖἳὲ
