1821 3381
317 257 827 315 BUCOLICA,
892 256 1086 305 ECL.
1149 256 1242 304 ΙΙΙ.
1376 269 1440 322 59

130 395 300 459 Bisque
324 394 401 441 die
424 403 676 439 numerant
700 389 844 437 ambo
866 406 1028 453 pecus,
1052 390 1169 437 alter
1194 401 1241 437 et
1260 390 1443 439 haedos.

128 485 323 541 Verum,
342 483 391 530 id
406 482 536 545 quod
555 482 709 528 multo
728 492 827 526 tute
848 480 946 542 ipse
964 479 1172 526 fatebere
1189 477 1357 543 majus,
1379 494 1406 542 3
1417 492 1441 542 5

130 575 364 638 (Insanire
390 573 505 620 libet
529 571 757 634 quoniam
780 569 892 626 tibi)
917 570 1089 633 pocula
1109 586 1288 632 ponam

130 668 323 731 Pagina,
345 666 568 713 caelatum
592 662 743 710 divini
764 677 885 724 opus
910 661 1290 710 Alcimedontis:

129 757 281 804 Lenta
303 756 476 820 quibus
501 766 636 800 torno
662 751 789 798 facili
811 750 1113 814 superaddita
1137 752 1247 798 vitis

173 898 226 927 35.
250 895 305 919 tute
319 889 400 918 multo
415 887 469 929 ἱρῇ»
490 884 582 915 Leid.
626 890 655 914 tu
671 882 726 926 ipſs
741 883 823 913 Ven.
844 881 903 912 Ed.
930 881 1158 921 1472.-—36.
1181 882 1361 916 Distinxere
1381 883 1449 922 alii,

127 947 163 971 ut
179 941 245 982 jam
261 941 294 971 in
309 938 440 980 scriptis,
455 937 524 979 post
539 937 613 972 liber,
625 935 677 966 alii
694 935 761 976 post
778 936 915 975 quoniam,
931 933 993 964 sive
1009 934 1122 964 eodem
1137 934 1236 973 sensu,
1252 934 1313 966 five
1330 943 1365 967 ut
1381 937 1447 979 ipse

129 991 296 1022 Menalcas
311 990 349 1021 de
366 990 395 1020 se
410 989 505 1025 dicat,
527 988 556 1018 se
573 987 721 1024 insanire,
742 986 796 1027 qui
821 984 1019 1027 depositurus
1044 984 1080 1016 sit
1106 994 1214 1017 contra
1233 987 1369 1019 vitulum
1388 999 1446 1030 po-

128 1042 236 1073 culum
254 1041 392 1084 (poe'tice
409 1040 488 1071 dixit
505 1039 586 1081 plur.
597 1040 729 1080 pocula),
741 1037 844 1067 multo
861 1037 990 1078 majoris
1005 1047 1075 1067 rem
1091 1037 1197 1080 pretii.
1287 1047 1340 1078 37.
1363 1041 1446 1071 Alci.

127 1096 262 1124 medontis.
322 1092 440 1123 Multis
469 1089 573 1121 modis
599 1089 746 1119 aberrant
773 1087 914 1125 librarii3
937 1088 981 1118 est
1002 1087 1324 1129 'Azmpfflom—ss,
1341 1094 1445 1131 sacili,-

127 1144 217 1177 fuisse
233 1156 251 1174 a
266 1144 370 1186 prima
386 1142 517 1184 Virgilii
533 1152 630 1172 manu
647 1141 779 1171 testatur
795 1141 882 1170 Serv.
900 1139 939 1170 ad
955 1140 1031 1169 AEn.
1046 1141 1085 1176 ΙΙ,
1107 1149 1184 1180 592,
1207 1142 1347 1183 agnoscit
1364 1154 1446 1184 quo-

128 1207 190 1238 que
216 1199 371 1232 Donatus,
395 1194 501 1235 estque
529 1193 614 1223 idem
635 1191 713 1222 illud
739 1192 770 1222 in
796 1190 983 1232 quibusdam
1011 1191 1113 1221 Codd.
1137 1203 1250 1232 parum
1277 1195 1448 1228 commode

127 1248 196 1292 post
211 1249 295 1278 lenta.
337 1246 444 1277 Etiam
449 1246 573 1287 fragilis
589 1245 686 1274 Rom.
703 1250 734 1275 et
750 1242 789 1274 al.
805 1253 836 1273 v.
852 1243 892 1274 ad
909 1242 1005 1274 Ovid.
1022 1243 1108 1274 Met.
1124 1244 1202 1282 XV,
1223 1244 1282 1287 169
1299 1245 1337 1276 Β.

185 1375 246 1411 34.
265 1361 354 1399 alter
368 1371 399 1397 et
415 1359 540 1405 haedos,
557 1358 670 1396 fetum
695 1371 755 1408 pe-

128 1413 224 1451 coris
241 1414 278 1452 h.
298 1423 453 1450 matrum
472 1423 674 1462 caprarum,
693 1423 758 1446 nu-

130 1475 256 1503 merat.
312 1467 373 1513 36.
402 1464 557 1513 Iqsanire
581 1462 657 1500 scil„
684 1474 757 1498 rne-

129 1529 213 1554 cum
231 1514 414 1553 certando.

186 1571 247 1616 38.
288 1568 396 1604 Lenta
433 1565 547 1616 quibus
599 1575 688 1601 torno
717 1568 758 1613 fl

131 1619 257 1656 Multo
276 1619 354 1669 plus
366 1617 521 1667 pulveris
533 1626 755 1654 commotum

131 1672 178 1708 est
211 1671 250 1707 in
278 1671 347 1707 hoc
373 1670 454 1706 loco
481 1682 565 1705 curn
598 1668 642 1704 ab
676 1667 756 1704 aliis

131 1731 210 1759 turn
241 1735 261 1759 a
291 1734 346 1758 ire
376 1719 454 1770 ipso
491 1720 546 1768 (in
583 1718 755 1755 Addend.

133 1773 204 1811 Ed.
225 1787 278 1824 pr.
298 1786 332 1822 p.
355 1774 461 1818 212).
488 1784 595 1821 quam
625 1770 756 1807 neceffe

131 1836 222 1862 erat.
278 1824 335 1860 De
359 1835 448 1860 torno
463 1834 496 1858 et
515 1822 678 1859 caelalura
694 1819 755 1871 egi

132 1876 299 1914 disertius
327 1875 401 1912 alio
436 1875 517 1911 loco
546 1874 754 1923 (Antiquar-

132 1929 305 1979 Aufsdtze
335 1926 372 1963 II
402 1925 442 1963 P.
469 1938 550 1975 pag.
588 1938 654 1975 145
686 1924 752 1974 sq.)

133 1979 389 2030 Reputandum
407 1988 498 2021 erat,
523 1978 560 2014 h.
578 1977 602 2013 l.
628 1975 687 2026 agi
711 1976 756 2012 de

132 2031 279 2082 pastoris
313 2043 434 2080 opere,
473 2027 536 2077 qui
571 2041 635 2064 nec
669 2039 757 2064 lorno

130 2093 273 2120 tornare
291 2083 475 2131 poculum,
503 2093 568 2116 nec
596 2079 674 2117 caelo
704 2079 756 2115 uti

133 2134 270 2185 potuit,
290 2133 349 2170 sed
355 2132 528 2182 scalpello,
545 2145 617 2181 quo
639 2141 674 2167 et
698 2147 755 2168 ex-

132 2192 282 2224 cavavit
315 2185 404 2221 illud
444 2194 480 2220 et
514 2182 669 2225 caelavit,
694 2196 755 2218 ex-

131 2236 273 2288 sculpfit
287 2236 324 2272 in
343 2235 464 2285 poculi
480 2233 659 2271 exteriore
677 2246 758 2271 area

132 2299 208 2338 opus
225 2288 459 2340 anqglyphum.
515 2286 574 2322 Est
593 2287 682 2322 adeo
693 2296 757 2322 tor-

134 2356 196 2378 nus
216 2340 251 2377 h.
278 2342 301 2378 l.
322 2353 446 2389 parum
471 2337 614 2388 proprie
642 2336 757 2373 dicius

132 2405 199 2442 pro
213 2391 366 2442 scalprO,
393 2390 449 2426 seu
475 2390 591 2425 cultro
611 2388 755 2438 pastori-

133 2443 188 2479 tio
238 2443 282 2479 ad
319 2441 547 2491 scalpendum
579 2439 756 2477 adhibito.

137 2493 248 2530 Nihil
278 2492 450 2542 amplius:
494 2491 635 2541 hocque
687 2504 758 2528 uno

134 2544 380 2582 animadverso
397 2542 565 2594 expedita
578 2542 659 2579 satis
677 2541 757 2579 sunt

133 2597 284 2647 reliqua.
355 2595 479 2644 Itaque
520 2594 689 2631 Salmafio
723 2603 758 2631 et

135 2647 340 2684 Burmanno
372 2647 465 2683 nolis
499 2646 680 2688 accedere,
718 2654 757 2682 ut

135 2709 239 2737 torno
268 2707 407 2736 tantum
442 2696 598 2747 politum
631 2707 666 2734 et
699 2709 756 2733 ro-

134 2751 325 2787 tundatum
362 2750 548 2799 poculum,
594 2749 759 2786 caelatura

135 2815 218 2838 vero
235 2801 316 2838 vitis
334 2799 563 2850 superaddita
584 2800 640 2844 fit,
660 2799 696 2836 h.
718 2799 758 2836 in

135 2853 240 2905 plana
257 2862 294 2893 et
308 2851 478 2905 laevigata
499 2850 682 2903 superficie
697 2864 758 2890 ex-

822 1357 958 1408 sculpta
983 1366 1091 1396 extet.
1143 1357 1226 1407 Jam
1245 1359 1382 1410 reliqua
1398 1360 1451 1398 ita

819 1409 1030 1459 jungenda:
1059 1408 1186 1460 quibus,
1220 1411 1258 1448 h.
1290 1412 1349 1449 cui
1382 1426 1448 1464 po-

823 1462 921 1505 culo,
939 1467 1023 1498 vitis
1036 1460 1127 1498 lenta
1132 1464 1368 1511 superaddita,
1384 1477 1450 1500 ex-

824 1511 975 1562 sculpta,
1004 1523 1092 1550 torno
1110 1513 1231 1564 fizcili,
1263 1528 1329 1565 ope
1359 1515 1449 1553 scal-

825 1564 925 1620 pelli,
951 1564 1050 1613 quod
1057 1564 1165 1615 facili
1182 1566 1217 1601 h.
1243 1579 1274 1603 e.
1295 1567 1399 1604 dosta
1412 1576 1450 1604 et

824 1626 939 1664 perita
971 1628 1078 1652 manu
1108 1618 1288 1654 traflatur.
1327 1632 1363 1655 v.
1399 1618 1448 1656 ad

824 1665 937 1703 Ovid.
959 1668 1042 1703 Art.
1061 1666 1094 1710 l,
1128 1670 1210 1706 160.
1251 1668 1390 1706 Tibull.
1413 1670 1448 1715 I,

823 1731 862 1766 4,
892 1732 955 1767 40.
1000 1721 1099 1767 vestit
1133 1719 1290 1769 corymbos
1319 1723 1451 1770 dgffireos

820 1769 942 1807 hedera
962 1770 1123 1819 pallente,
1148 1770 1304 1822 explicat
1336 1773 1369 1809 se
1392 1773 1449 1810 su-

822 1834 884 1871 pra
919 1821 1103 1870 hederam,
1139 1823 1239 1871 cujus
1282 1824 1450 1872 corymbi

822 1872 940 1909 diffufi
960 1873 1055 1917 sunt,
1083 1887 1232 1923 eamque
1257 1875 1348 1912 adeo
1378 1876 1449 1913 im-

823 1923 935 1974 plicat
953 1924 1023 1961 suis
1044 1925 1245 1963 racemulis.
1300 1926 1450 1966 Scilicet

822 1975 1068 2026 anaglyphum
1099 1987 1174 2013 erat
1205 1977 1255 2013 ita
1299 1978 1449 2024 smum,

822 2038 876 2071 ut,
893 2028 1081 2064 collocatis
1096 2028 1134 2064 in
1154 2029 1274 2066 medio
1292 2029 1449 2068 duorum

821 2078 1010 2116 hominum
1039 2079 1159 2129 fignis,
1188 2093 1266 2116 oras
1295 2081 1451 2119 ambiret

822 2129 907 2166 vitis
923 2130 1062 2167 hederae
1077 2130 1269 2181 implicita.
1297 2134 1453 2183 Corymbi

822 2182 901 2218 sunt
929 2182 1061 2218 racemi
1088 2183 1228 2219 hederae
1258 2183 1294 2220 in
1323 2185 1449 2222 orbem

822 2232 1046 2275 circumacst
1077 2244 1114 2270 ut
1136 2234 1229 2271 Plin.
1254 2236 1313 2280 16,
1332 2249 1393 2285 34,
1414 2245 1450 2274 et

822 2283 936 2321 acinis
970 2298 1010 2322 ac
1046 2285 1183 2329 b.2ccis,
1219 2286 1282 2336 qui
1314 2287 1450 2325 fruCtus

822 2335 974 2379 hederae,
1028 2350 1115 2386 quas
1160 2351 1246 2374 vuas
1306 2350 1450 2386 vocant,

821 2400 958 2437 graves.
1013 2389 1148 2426 Hedera
1181 2389 1278 2426 dicia
1303 2391 1450 2440 pallens,

822 2438 909 2488 quia
942 2452 1053 2489 genus
1085 2440 1159 2489 ejus
1206 2440 1291 2477 albo
1328 2442 1451 2480 colore

823 2490 1065 2541 conspicitur3
1107 2504 1258 2541 namque
1297 2493 1343 2529 est
1379 2493 1453 2532 alia

823 2541 928 2592 nigro
947 2542 1082 2585 colore,
1110 2551 1146 2578 et
1163 2543 1269 2593 nigro
1289 2554 1349 2580 aut
1368 2557 1449 2582 cro-

823 2606 886 2630 ceo
905 2593 1034 2630 fruflu.
1063 2607 1097 2630 v.
1118 2594 1269 2631 Martio.
1293 2595 1338 2631 ad
1356 2595 1393 2633 h.
1422 2596 1450 2634 l.

826 2645 909 2680 Vitis
926 2654 1045 2682 autern
1064 2645 1243 2695 explicare
1270 2646 1303 2683 se
1329 2656 1364 2683 et
1383 2647 1452 2685 ser-

822 2709 906 2746 pere
923 2695 1025 2746 super
1045 2712 1181 2733 racemos
1207 2699 1339 2747 dzfficsos
1356 2699 1452 2736 hede-

825 2763 880 2790 ra,
907 2747 943 2784 h.
963 2747 1187 2792 hederaceos,
1213 2749 1373 2798 adeoque
1395 2750 1451 2786 su·

824 2812 886 2850 per
912 2799 1092 2841 hederam,
1120 2800 1280 2848 putanda
1306 2800 1368 2844 est,
1396 2810 1451 2836 at-

825 2863 894 2903 que
930 2850 982 2888 ita
1015 2850 1154 2888 ambire
1187 2850 1276 2888 duas
1314 2852 1452 2890 caelatas

1277 2902 1454 2954 imagines
