1821 3381
373 270 903 329 GEORGICON,
963 272 1112 320 ΜΒ.
1163 274 1256 321 111.
1356 291 1447 339 451

142 390 291 443 Multi
307 395 409 461 jam
434 411 645 446 excretos
668 401 924 463 prohibent
944 419 969 448 a
992 403 1224 449 matribus
1248 402 1430 459 haedos,

140 488 392 554 Primaque
416 493 594 541 ferratis
620 499 876 560 praefigunt
899 515 979 547 ora
999 499 1226 562 capistriS.

135 580 282 645 Qod
309 582 527 646 surgente
550 586 629 633 die
651 588 851 636 mulsere
883 590 1096 653 horisque
1119 591 1318 648 diurnis,
1351 604 1450 649 400

132 671 288 720 Nocte
305 687 556 736 premunt;
576 679 704 740 quod
718 677 822 742 jam
844 680 1047 727 tenebris
1066 693 1112 727 et
1126 681 1220 728 sole
1235 683 1449 740 cadente,

133 764 230 812 Sub
255 766 411 813 lucem
435 780 686 830 exportans
710 770 906 817 calathis
934 772 1032 818 adit
1062 773 1239 835 oppida
1262 775 1418 837 pastor
1431 798 1449 831 ς

131 855 232 902 Aut
254 872 397 919 parco
420 856 510 904 sale
532 859 832 923 contingunt,
856 860 1100 925 hiemique
1120 876 1370 926 reponunt.

176 989 253 1029 398.
281 991 380 1021 Multi
402 993 484 1022 etIam
511 992 605 1025 Leid.
633 1000 665 1024 et
694 993 819 1026 Moret.
848 1003 951 1037 quart.
976 1007 1049 1027 cum
1077 996 1176 1029 Goth.
1203 997 1262 1029 see.
1287 1006 1318 1030 et
1344 999 1448 1031 tribue

130 1036 283 1070 Martini.
372 1051 449 1082 399.
476 1043 604 1084 Simaque
623 1043 734 1075 Heins.
749 1045 833 1087 conj.
871 1048 1041 1089 prafinguut
1059 1048 1153 1079 Leid.
1173 1059 1191 1078 a
1215 1059 1258 1079 m.
1280 1059 1342 1091 pr.,
1359 1051 1447 1082 unde

129 1089 181 1129 Jo.
204 1090 369 1121 Schrader.
389 1094 600 1136 prassringunt.
689 1104 764 1132 401.
788 1109 808 1126 a
832 1098 946 1128 tenebris
969 1098 1040 1129 cod.
1068 1099 1162 1130 Leid.
1186 1100 1288 1130 Servii
1315 1101 1355 1132 ad
1372 1102 1444 1134 Ecl.

134 1140 186 1176 ΙΙΙ,
207 1150 241 1178 5.
282 1143 388 1171 cadenti
412 1144 567 1174 Rottend.
585 1151 658 1175 tert.
703 1148 822 1176 cadentes
846 1148 945 1180 Rom.
1037 1157 1112 1186 402.
1139 1150 1194 1180 Sub
1215 1152 1271 1181 luce
1287 1153 1445 1185 Rottend.

135 1198 208 1221 tert.
254 1199 399 1233 exportant
421 1195 597 1231 Romanus,
623 1195 742 1227 Medic.
771 1197 857 1228 Gud.
884 1205 958 1229 cu'm
982 1199 1093 1230 multis
1117 1200 1244 1241 scriptis
1271 1209 1302 1232 et
1328 1203 1440 1242 editi53

128 1243 227 1274 etiam
252 1251 388 1285 utroque
406 1245 520 1283 Goth.,
542 1246 621 1277 item
647 1254 724 1278 vett.
755 1250 959 1288 Grammat.;
982 1257 1077 1291 atque
1104 1250 1148 1281 ita
1168 1251 1242 1282 illa:
1267 1255 1323 1282 adit
1344 1257 1444 1295 oppida

123 1296 229 1337 pstor,
250 1296 438 1328 secernenda
454 1297 526 1329 sunt
541 1298 580 1329 ab
595 1300 867 1331 antecedentibus.
913 1301 1007 1332 Alios
1021 1302 1115 1333 video
1133 1303 1324 1346 distinguere
1343 1315 1351 1338 ς
1372 1309 1444 1347 quod

127 1349 288 1385 —cczdetite,
311 1348 367 1377 Sub
379 1349 462 1379 lucem
479 1348 530 1390 (sc.
552 1350 718 1391 premunt)
734 1361 742 1382 z
767 1358 915 1393 exportans
929 1353 1044 1382 calathis
1061 1355 1118 1383 adit
1132 1356 1229 1396 oppida
1238 1356 1342 1398 pqstor.
1390 1358 1440 1389 Ita

127 1405 232 1428 totam
258 1398 387 1429 noctem
410 1399 505 1430 caseis
529 1401 711 1442 premendis
739 1402 914 1444 exigerent.
1005 1412 1079 1442 403.
1105 1405 1144 1435 Ut
1165 1412 1255 1446 parco
1280 1407 1439 1438 Rottend.

121 1448 181 1480 sec.
228 1451 274 1479 Ac
283 1456 370 1490 parce
384 1460 438 1490 qu.
455 1451 578 1482 Moret.
621 1454 774 1493 contingunt
790 1452 906 1494 ubique
922 1453 1052 1495 legitur,
1076 1454 1230 1496 nusquam
1246 1459 1434 1500 coming-aunt.

122 1500 167 1530 cf.
187 1500 284 1538 Not-3
307 1507 342 1531 ut
358 1511 416 1532 nec
431 1500 489 1532 inf.
505 1501 568 1540 448
584 1503 640 1534 Aut
654 1504 755 1545 tolfiem
770 1505 843 1546 trssi
857 1507 1010 1547 contingunt
1026 1512 1123 1547 corpus
1138 1518 1262 1538 amurca.

179 1614 264 1662 398.
296 1611 352 1648 Ut
379 1611 478 1649 laetis
497 1611 669 1662 majorem
685 1627 747 1651 co-

120 1661 217 1713 piam
261 1662 427 1706 habeant,
470 1664 576 1700 multi
625 1664 747 1703 haedos

122 1727 195 1751 non
229 1712 443 1750 submittunt
479 1716 638 1764 capellae,
683 1717 744 1754 sed

119 1765 237 1802 statim
267 1778 287 1801 a
314 1775 425 1803 matre
442 1766 624 1816 depellunt
641 1766 745 1804 sobo-

121 1817 192 1853 lem
215 1820 263 1864 (et
283 1830 316 1853 ν.
335 1830 369 1854 c.
386 1818 560 1861 vendunt,
588 1820 745 1856 mastant

123 1872 226 1913 em).
266 1870 348 1919 jam
369 1878 461 1913 tuin,
489 1882 571 1906 cum
606 1870 743 1908 excreti

117 1919 212 1957 sunt.
267 1919 377 1955 Multi
403 1921 541 1968 (eadem
570 1920 744 1959 orationis

117 1971 237 2007 forma
256 1971 395 2021 Georg.
414 1972 445 2014 I,
474 1984 561 2023 225.
583 1972 630 2010 cf.
656 1977 741 2024 193)

112 2022 290 2071 prohibent
321 2022 431 2059 hzedos
458 2039 481 2060 a
516 2025 678 2062 matrzbus
708 2034 744 2062 et

117 2084 311 2116 excernant,
338 2073 396 2110 seu
419 2074 618 2120 secernunt,
645 2088 743 2113 amo·

117 2136 217 2168 vent,
245 2124 328 2161 hinc
344 2125 504 2162 ornatius
519 2126 741 2176 diftumpro-

116 2176 231 2213 hibent
246 2187 398 2214 excretos.
437 2177 538 2215 Male
557 2178 601 2214 ab
619 2182 742 2227 excrejsl

115 2243 185 2264 sere
229 2227 377 2264 ducunt.
433 2229 590 2278 Capssra
621 2240 739 2267 autem

115 2278 182 2316 int.
197 2279 370 2328 πεξιςομίε
386 2292 496 2330 genus
525 2281 656 2318 aculeis
686 2282 741 2318 in-

116 2330 229 2374 sertis,
256 2331 356 2380 quod
404 2343 476 2368 non
519 2332 666 2381 quidem
702 2346 742 2369 os

114 2380 274 2426 obturet,
301 2381 360 2418 sed
392 2381 417 2418 fi
437 2383 604 2420 uberibus
621 2397 660 2421 os
677 2384 740 2420 ad-

114 2443 295 2475 moveant,
316 2442 464 2470 matrem
480 2444 631 2484 pungat,
645 2448 740 2473 cam-

117 2496 187 2533 que
206 2483 431 2521 recalcitrare
449 2484 571 2525 faciat.

165 2549 254 2583 401.
290 2536 392 2572 Νοὲῖε
416 2546 575 2586 premunt
608 2535 646 2573 in
680 2549 735 2573 ca-

113 2586 209 2623 seum
223 2602 234 2630 3
264 2587 420 2639 Mulgent
449 2603 533 2624 vere
550 2590 599 2625 ad
613 2593 739 2636 caseum

111 2640 298 2684 faciendum
317 2652 435 2675 mane:
463 2638 582 2676 Varro
596 2639 649 2683 II,
682 2651 738 2684 11,

101 2682 153 2738 '4‚
191 2690 289 2737 quod
345 2699 464 2727 autem
507 2691 560 2726 lac
604 2689 739 2739 vesperi

113 2741 278 2784 mulsere,
316 2751 377 2777 aut
413 2753 516 2778 mane
547 2741 585 2777 in
613 2741 738 2778 urbem

111 2791 339 2828 vendendum
371 2792 535 2835 mittunt,
584 2803 646 2830 aut
679 2806 738 2829 ca-

110 2841 207 2881 seum
236 2842 320 2882 inde
348 2843 503 2891 faciunt,
529 2852 565 2882 et
591 2844 738 2895 quidem

814 1616 1040 1667 compactum
1076 1625 1112 1654 et
1151 1618 1370 1664 durabilem
1399 1628 1441 1658 ut

813 1678 938 1704 contra
965 1669 1083 1718 priore
1111 1669 1194 1706 loco
1226 1684 1261 1708 v.
1291 1685 1359 1720 401
1393 1672 1441 1710 de

813 1719 931 1762 caseo,
959 1719 1021 1768 qui
1052 1733 1170 1757 recens
1201 1721 1441 1766 consumitur.

814 1769 916 1820 loqui
951 1771 1104 1808 videtur.
1160 1772 1219 1810 Sic
1254 1773 1336 1810 satis
1373 1787 1439 1811 ex-

813 1820 935 1871 pedita
954 1835 1005 1858 res
1020 1823 1178 1860 videtur.
1232 1838 1320 1873 403.
1334 1836 1441 1874 parca

798 1873 903 1919 sale‚·
923 1873 1009 1922 quia
1039 1885 1070 1910 et
1101 1881 1198 1911 nimio
1220 1877 1299 1923 sale
1334 1876 1441 1914 imbui

812 1925 936 1972 potest.
955 1927 1006 1962 cf.
1034 1926 1182 1962 Colum.
1214 1926 1304 1972 VII,
1334 1931 1370 1971 8,
1399 1942 1439 1979 5.

812 1975 909 2012 Ibid.
946 1975 978 2020 §-
1013 1990 1038 2025 4
1068 1982 1174 2026 ctgseus
1192 1982 1298 2026 rmsus
1316 1984 1437 2018 torrido

798 2027 878 2074 sale
895 2035 1118 2078 conlingilm·,·
1147 2039 1185 2065 ut
1204 2031 1294 2066 adeo
1313 2034 1438 2069 contin..

806 2089 894 2128 gunt
927 2079 992 2116 effe
1027 2080 1190 2117 videatur
1222 2094 1285 2130 pro
1312 2086 1438 2120 contin-

804 2140 929 2180 guunt,
956 2144 976 2167 a
1006 2138 1152 2182 tingunt,
1179 2141 1256 2176 aut,
1299 2142 1338 2170 ut
1373 2147 1435 2171 ve·-

814 2190 903 2217 teres
919 2181 1133 2225 scribebant,
1151 2188 1317 2235 tinguant.
1346 2184 1436 2222 Cal-

811 2244 914 2280 purn.
936 2232 987 2275 V,
1019 2246 1068 2282 34
1086 2238 1255 2285 rmflgsqrte
1266 2246 1435 2284 premetur

811 2283 933 2327 Mane,
961 2286 1047 2334 quod
1066 2288 1201 2322 occidaae
1228 2287 1362 2335 massot
1380 2303 1437 2325 re-

810 2336 934 2386 degerit
951 2335 1055 2374 horae.
1110 2335 1203 2387 Qae
1221 2336 1273 2373 ibi
1293 2348 1435 2376 antece-

810 2385 924 2422 dunt:
953 2387 1002 2424 At
1022 2389 1064 2438 si
1079 2391 1174 2437 forle
1204 2405 1319 2432 vaces,
1354 2392 1434 2428 dum

810 2443 977 2474 matutina
1017 2439 1151 2475 relaxat
1187 2439 1331 2490 Ft·{go›‘a
1361 2442 1432 2490 fil,

807 2490 939 2525 tumidis
951 2492 1108 2538 spument
1135 2491 1198 2527 libi
1212 2491 1354 2528 mulctra
1364 2504 1433 2542 pa-

801 2538 896 2587 pillis
910 2553 923 2576 .·
944 2541 1112 2590 Implebis,
1127 2544 1210 2592 quod
1219 2545 1406 2592 mgffl’fluat
1417 2561 1429 2590 ς

808 2589 935 2636 Mane,
986 2591 1120 2641 inquit,
1164 2593 1286 2642 mulge
1327 2607 1431 2640 oves;

808 2641 954 2690 implebis
994 2645 1077 2693 quod
1109 2646 1198 2693 mtffi
1219 2647 1328 2691 fluat,
1372 2646 1430 2682 lae

807 2691 953 2729 habebis
972 2692 1010 2729 in
1039 2695 1223 2731 messorum
1254 2696 1428 2734 usumin-

807 2743 950 2780 terdiu:
996 2755 1033 2780 ut
1064 2759 1120 2795 ap.
1167 2744 1357 2783 Maronem
1387 2748 1426 2784 in

806 2794 930 2832 urbem
969 2807 1188 2845 exportatur.
1242 2797 1297 2834 Ita
1331 2799 1429 2836 nulla

804 2847 1054 2886 emendatione
1076 2847 1215 2899 indiget
1235 2849 1345 2887 locus.

1034 2897 1063 2935 F
1079 2897 1133 2940 fa
1339 2913 1431 2952 404.
