1821 3381
392 291 487 352 382
571 287 626 334 P.
686 282 1082 337 VIRGILII
1148 250 1543 342 MARONvls

394 418 679 471 Fortunatus
703 433 749 468 et
773 422 868 478 ille,
890 422 1004 470 deos
1024 422 1107 486 qui
1131 424 1266 471 novit
1286 423 1498 488 agrestis,

392 510 613 575 Panaque
650 511 992 574 Silvanumque
1031 510 1196 560 senem
1252 511 1599 576 Nymphasque
1639 511 1718 562 soa

583 619 711 651 rores
731 603 743 649 Ξ

390 695 536 743 Illum
560 713 654 744 non
676 695 849 760 populi
874 693 1033 754 fasces,
1055 705 1150 744 non
1172 707 1386 760 purpura
1409 708 1596 762 regum,
1617 711 1710 764 495

392 786 565 845 Rexit,
586 799 631 834 et
655 786 829 834 infidos
853 786 1036 851 agitans
1052 787 1295 853 ‘discordia
1318 787 1482 836 fratres
1505 812 1520 845 ;

388 881 490 928 Aut
513 879 763 944 conjurato
785 879 1071 928 descendens
1095 879 1256 928 Dacus
1277 880 1337 928 ab
1362 880 1529 928 Histro
1546 903 1562 936 ς

433 1048 507 1078 494.
533 1039 732 1079 Silvarumque
736 1039 830 1079 finem
856 1037 906 1070 ed.
924 1031 1173 1082 4ἵῙεΠ.----496.
1198 1041 1307 1071 invidia
1312 1042 1431 1082 fratres
1455 1039 1577 1073 Moret.
1601 1041 1673 1080 [θος
1696 1050 1715 1074 e

387 1091 574 1133 glossemate
601 1092 637 1120 τί
651 1091 788 1131 chyl-ordia.

879 1099 956 1132 497.
979 1092 1022 1121 Et
1040 1092 1148 1122 Acron
1177 1091 1216 1123 ad
1243 1091 1360 1123 Horat.
1383 1092 1444 1124 Od.
1477 1093 1503 1131 1,
1527 1102 1580 1132 35.
1602 1094 1659 1133 ΠΙ,
1680 1092 1714 1126 6.

386 1144 513 1186 ‹affl-edens
530 1140 637 1179 multi2
661 1140 736 1172 vide
750 1141 866 1172 Burm.
912 1142 990 1172 Daci
1004 1142 1134 1173 montibus
1149 1141 1281 1172 inhaerent
1297 1141 1411 1174 Florus
1424 1143 1482 1182 IV,
1508 1152 1558 1182 12,
1577 1143 1627 1176 18.

387 1274 498 1312 Inane
512 1277 592 1324 geri
613 1285 678 1316 res,
705 1271 856 1321 Apparet
878 1268 1016 1308 Divum

383 1326 663 1375 numensbdesque
685 1322 920 1373 quietae——At
941 1337 1014 1360 con—

384 1375 639 1426 trassnusquam
663 1384 827 1425 apparent
852 1373 1017 1410 Acheru-

386 1430 436 1468 fia
462 1426 597 1478 templa.
612 1428 790 1477 strepitum
818 1425 1019 1463 Acheruntis

384 1494 433 1519 ex
466 1479 614 1516 Lucret.
650 1477 726 1522 ΙΙΙ,
754 1490 799 1529 37
837 1477 884 1514 Et
917 1485 1018 1514 metus

387 1533 443 1571 ille
472 1536 578 1581 foras
621 1539 769 1579 praeceps
820 1526 1020 1567 Acheruntis

385 1586 532 1636 agendus
552 1581 730 1625 Funditus,
755 1580 938 1619 humanam
964 1583 1024 1631 qui

386 1643 500 1674 vitam
533 1633 652 1672 turbat
683 1632 728 1671 ab
771 1638 849 1677 imo,
887 1633 1017 1669 Omnia

378 1687 575 1739 [effundens
606 1690 716 1724 mortis
744 1691 889 1736 nigrore,
915 1698 1018 1735 neque

372 1733 493 1779 ⁴ullam
535 1739 608 1790 Effl*
645 1736 852 1786 ‘voluptatem
892 1745 1016 1787 puram

385 1784 612 1843 liquidam'que
659 1788 828 1840 relinquit.
909 1787 1014 1838 Qo-

387 1843 499 1882 modo
518 1842 623 1879 illum
643 1850 778 1877 metum
801 1839 955 1889 expellat
979 1852 1015 1876 v·-

384 1896 467 1934 eod.
502 1893 599 1930 libro
629 1891 703 1936 ΙΙΙ,
733 1894 934 1942 842-907
967 1890 1016 1927 ad

384 1949 446 1985 fin.
467 1945 517 1984 cf.
553 1946 688 1982 Seneca
704 1944 751 1980 de
767 1942 891 1980 Benefi
922 1941 1014 1986 VII,

391 2014 424 2038 ι.
496 1998 619 2049 Qam
653 2005 777 2032 ornate
810 1995 886 2031 haec
915 1993 1015 2031 dista

386 2052 455 2089 sint
473 2048 668 2099 intelliges,
695 2046 721 2084 si
747 2056 888 2097 reputes
917 2043 1015 2082 nihil

385 2102 486 2140 aliud
514 2102 590 2138 haec
619 2100 699 2144 effe,
727 2110 859 2149 quam:
888 2108 1015 2135 natura

385 2164 506 2192 rerum
538 2152 606 2190 rite
635 2151 784 2201 cognita
806 2163 872 2187 nec
898 2149 1015 2187 fatum

387 2220 452 2245 nec
474 2214 625 2242 mortem
644 2216 665 2239 a
680 2214 714 2240 te
734 2201 870 2240 timeri.

438 2270 528 2307 493.
586 2268 677 2306 494.
735 2253 834 2290 Vitae
877 2252 1015 2290 rusticae

383 2307 631 2347 amoenitatem
675 2318 697 2341 a
739 2304 938 2355 splendidis
979 2313 1016 2341 et

383 2360 513 2399 sanetis
545 2370 662 2396 rerum
698 2356 920 2408 imaginibus
953 2367 1015 2407 pe-

381 2413 445 2457 tit,
487 2424 532 2448 ex
571 2409 771 2460 primorum
802 2408 1014 2453 hominum,

384 2476 500 2502 aureae
551 2460 680 2504 matis,
740 2460 816 2497 vita
865 2459 1013 2504 sumtis;

386 2527 517 2564 nempe
543 2526 626 2552 cum
656 2512 824 2549 innocuis
850 2522 886 2548 et
916 2512 1015 2562 puris

385 2565 558 2616 castisque
592 2564 664 2601 iuis
707 2563 916 2600 horninibus
955 2562 1014 2599 di-

384 2618 636 2659 versabantur,
693 2628 754 2652 cos
811 2616 1014 2664 frequenta-

385 2671 474 2708 bant
502 2679 537 2707 et
568 2669 606 2705 in
631 2666 754 2704 medio
774 2679 898 2704 eorum
924 2677 1011 2703 con-

384 2722 652 2774 spiciebantur:
682 2718 767 2755 vide
789 2719 847 2755 vel
871 2718 1012 2756 Catuil.

383 2774 535 2818 LXIII,
564 2775 651 2822 384.
701 2769 830 2820 Itaque
864 2769 910 2815 is,
947 2770 1012 2820 qui

384 2826 500 2869 silvas,
537 2825 660 2867 valles,
695 2820 812 2859 fontes
842 2828 879 2858 'et
912 2832 1013 2859 antra

384 2876 603 2929 frequentat,
646 2874 815 2926 praeclare
856 2873 943 2913 deos
973 2886 1011 2911 a-

596 2952 618 2980 .>

1080 1270 1209 1321 grestes
1237 1271 1332 1309 noffe
1358 1270 1510 1308 dicitura
1543 1269 1643 1309 conf.
1674 1269 1714 1308 iri

1081 1322 1213 1360 Culice
1230 1323 1292 1373 76.

1134 1387 1184 1424 49
1190 1386 1354 1426 5—499·.
1381 1371 1488 1412 Vivit
1505 1372 1629 1411 animo
1645 1372 1717 1420 imf

1081 1426 1290 1476 perturbato
1316 1435 1440 1475 atque,
1468 1437 1509 1465 ut
1536 1424 1582 1462 ab
1612 1424 1715 1462 omni

1081 1476 1300 1528 cupiditate,
1327 1476 1380 1513 ita
1401 1478 1447 1515 ab
1480 1477 1582 1516 omni
1626 1487 1716 1514 cura

1085 1541 1126 1566 ac
1145 1528 1392 1566 sollicitudine
1409 1542 1540 1575 vacuo,
1567 1537 1604 1566 et
1632 1541 1716 1566 vere
1775 1547 1780 1550 ·

1085 1579 1200 1618 vitam
1228 1582 1370 1618 beatam
1399 1593 1444 1618 ex
1471 1579 1624 1633 Epicuri
1640 1579 1716 1618 for*-

1086 1633 1183 1670 mula
1203 1645 1307 1684 agere
1333 1631 1450 1670 videri
1479 1633 1606 1684 potest.
1658 1628 1715 1669 Il·

1083 1683 1153 1721 lum
1166 1699 1227 1722 non
1235 1682 1354 1734 populi
1352 1687 1468 1735 fustes
1491 1688 1544 1736 (v.
1565 1684 1714 1722 Lucret÷

1083 1734 1158 1780 III,
1187 1739 1299 1785 1009)
1333 1751 1396 1774 non
1417 1748 1568 1787 purpura
1600 1751 1715 1787 regum

1071 1790 1202 1835 flexit:
1245 1788 1300 1824 nil
1339 1799 1442 1826 curat
1479 1790 1633 1827 honores
1669 1800 1716 1825 ac

1085 1839 1324 1890 magistratus,
1365 1839 1404 1877 in
1447 1854 1554 1891 quem
1597 1840 1713 1876 trans-

1083 1890 1259 1936 ferantur,
1287 1900 1348 1928 aut
1365 1891 1496 1942 quibus
1515 1904 1626 1944 regna
1643 1891 1714 1928 five

1083 1943 1280 1980 reddantur
1296 1943 1366 1979 five
1381 1943 1604 1994 eripiantur3
1632 1951 1713 1993 quae

1081 1993 1309 2032 fortunarum
1336 1996 1579 2033 conversiones
1609 1993 1715 2032 annis

1082 2046 1261 2096 proximis
1301 2060 1322 2083 a
1350 2047 1554 2097 profligatis
1587 2048 1710 2084 Anto-

1084 2098 1201 2135 nianis
1217 2098 1381 2149 partibus
1410 2098 1493 2136 satis
1508 2099 1711 2150 frequentet

1084 2149 1180 2188 haud
1200 2150 1313 2187 dubie
1335 2149 1552 2189 inciderant.
1604 2161 1638 2188 et
1659 2156 1712 2189 in-

1071 2202 1163 2250 fidos
1208 2208 1346 2253 agitans
1392 2203 1551 2252 dfiordia
1573 2206 1711 2253 fratres

1083 2252 1188 2291 illum
1222 2266 1296 2290 non
1329 2254 1444 2297 flexit,
1471 2254 1524 2291 nil
1557 2264 1710 2299 movet3

1083 2305 1136 2341 nil
1155 2315 1256 2343 curat
1283 2305 1378 2343 bella
1397 2305 1546 2350 civilia;
1575 2315 1616 2343 ut
1641 2317 1711 2343 nec

1083 2356 1178 2394 bella
1214 2366 1389 2402 externa3
1433 2358 1506 2396 Aut
1542 2360 1711 2410 conjurato

1083 2410 1269 2458 descendens
1287 2411 1403 2447 Dacus
1416 2409 1462 2447 ab
1478 2410 1572 2458 Istro.
1611 2410 1705 2447 Cre-

1082 2460 1168 2497 dere
1200 2471 1320 2498 tamen
1355 2474 1419 2511 par
1463 2463 1526 2504 est,
1561 2465 1709 2512 poetam

1082 2512 1192 2549 etiam
1228 2512 1267 2549 in
1300 2513 1420 2563 priore
1454 2512 1634 2557 membro,
1661 2513 1709 2550 de

1082 2563 1234 2600 fratrum
1252 2564 1450 2609 discordia,
1477 2570 1614 2602 certam
1641 2564 1710 2602 ali-

1081 2629 1188 2665 quam
1221 2617 1408 2666 personam
1435 2630 1476 2653 ac
1502 2629 1634 2653 nomen
1661 2628 1708 2653 ex

1080 2666 1146 2704 illo
1164 2677 1325 2717 tempore
1341 2681 1537 2705 memorare
1549 2667 1708 2705 debuisse

1081 2731 1121 2755 ac
1136 2718 1295 2762 roluiss'e,
1315 2729 1354 2756 ut
1372 2719 1410 2761 in
1426 2721 1540 2757 altero
1558 2721 1707 2757 Dat-um.

1082 2768 1257 2821 Respexit
1289 2771 1413 2821 utique
1444 2771 1711 2808 Arsacidarum

1079 2821 1236 2865 diffidia,
1255 2836 1332 2872 quse
1359 2823 1397 2859 in
1417 2823 1498 2860 illos
1524 2834 1635 2859 annos
1654 2822 1712 2859 in·

1079 2873 1224 2918 ddunt,
1255 2875 1386 2926 quibus
1413 2874 1599 2926 Georgica
1627 2887 1709 2924 per-

1574 2926 1706 2978 scripta
