1821 3381
0 2691 15 3250 —„,-.....-————-——-——--*
0 2677 1 2680 „

302 278 812 354 Bucoch,
875 295 1051 343 ECL.
1106 296 1198 344 IX.
1335 313 1423 363 157

113 432 276 498 Usque
295 433 354 480 ad
376 447 566 495 aquam,
590 441 637 475 et
658 426 965 491 veteres,jam
989 427 1134 474 fracia
1158 429 1423 483 cacumina,

244 525 392 588 fagos,

114 616 295 663 Omnia
317 611 606 661 carminibus
622 610 829 657 vestrum
847 608 1037 656 servasse
1053 608 1322 657 Menalcan.
1365 625 1422 657 [ο

674 715 876 745 MOERIS.

117 795 345 843 Audieras
362 817 374 848 ;
412 804 459 840 et
482 794 607 839 fama
632 791 748 846 fuit;
785 790 864 838 sed
886 792 1095 839 carmina
1111 803 1300 839 tantum

117 885 289 933 Nostra
310 883 482 939 valent,
508 883 705 944 Lycida,
727 883 820 928 tela
840 883 961 928 inter
981 882 1171 939 Martia,
1195 893 1428 945 quantum

119 974 351 1021 Chaonias
376 974 556 1030 dicunt,
580 973 732 1035 aquila
757 970 989 1028 veniente,
1014 972 1275 1019 columbas.

118 1065 267 1129 Qod
289 1064 376 1110 nifi
401 1080 479 1110 me
503 1078 803 1125 quacumque
827 1079 969 1109 novas
993 1063 1202 1111 incidere
1224 1064 1320 1112 litis

118 1154 244 1202 Ante
267 1154 446 1201 finistra
468 1171 585 1201 cava
610 1153 862 1201 monuiffet
885 1153 945 1199 ab
968 1152 1077 1199 ilice
1099 1156 1264 1202 cornix
1284 1175 1296 1203 ε
1375 1173 1426 1221 15

120 1244 223 1291 Nec
247 1257 352 1291 tuus
378 1244 455 1290 hic
481 1244 673 1300 Moeris,
697 1260 782 1290 nec
805 1245 984 1290 viveret
1002 1242 1098 1306 ipse
1123 1243 1384 1293 Menalcas.

648 1349 885 1381 LYCIDAS.
920 1336 922 1338 ’

122 1425 257 1473 Heu!
285 1424 413 1471 cadit
436 1424 486 1470 in
508 1439 798 1486 quemquam
821 1432 1005 1469 tantum
1026 1420 1203 1470 scelus?
1229 1425 1337 1484 heu,
1354 1438 1435 1477 tua

250 1514 387 1560 nobis

125 1605 266 1652 Paene
288 1606 426 1652 fimul
451 1617 614 1651 tecum
637 1603 798 1650 solatia
818 1615 966 1666 rapta,
990 1604 1240 1653 Menalca!

125 1698 247 1762 Qis
270 1712 457 1744 caneret
478 1694 761 1759 Nymphas?
795 1695 899 1758 quis
930 1697 1133 1744 humum
1162 1699 1435 1750 florentibus

254 1789 410 1835 herbis

170 1925 201 1956 9.
223 1914 337 1945 Leffio
355 1913 423 1944 haec
445 1912 483 1943 ab
505 1912 636 1944 Heinfio
661 1923 678 1944 e
702 1913 848 1945 Mediceo
863 1913 996 1956 probata
1011 1922 1043 1946 et
1059 1926 1077 1946 a
1093 1917 1204 1949 Burm.
1223 1918 1371 1960 repom-a,
1389 1922 1437 1953 uti

129 1972 161 1996 et
186 1965 217 1995 in
244 1965 332 1996 Gud.
358 1976 376 1995 a
405 1971 470 1995 vet.
495 1974 591 1995 manu
609 1966 819 1996 emendatum
836 1965 949 2004 fuerat,
975 1974 1006 1998 et
1022 1966 1060 1997 fic
1076 1968 1142 1998 Ecl.
1159 1970 1196 2001 ΙΙ.
1218 1980 1237 2010 3
1252 1973 1323 2001 inter
1337 1974 1439 2013 dmgfizs,

128 2017 250 2058 umbrcfiz
264 2019 412 2053 cacumina,
425 2019 532 2057 fag053
557 2015 659 2048 multo
676 2016 832 2047 nimirum
848 2028 884 2048 ea
899 2017 1075 2060 elegantior
1090 2019 1241 2062 vulgata:
1265 2025 1438 2065 veterisjam

119 2069 225 2109 ιβ’ναέῖα
240 2070 464 2109 cacctminafllgi.
492 2068 592 2110 Apud
606 2068 762 2111 Qintstil.
772 2070 860 2111 VIII,
872 2068 903 2108 6,
917 2069 958 2107 46
974 2070 1047 2101 libri
1062 2070 1225 2113 plerique;
1246 2076 1389 2115 cmfiwcsae'a
1404 2089 1439 2113 c.,

128 2119 216 2160 quod
242 2120 398 2157 Catroeus,
428 2118 483 2150 fibi
509 2118 642 2150 mirifice
673 2119 706 2150 in
731 2131 768 2151 eo
795 2120 932 2162 placens,
959 2121 1097 2164 recepit;
1121 2122 1232 2154 saltem
1256 2126 1440 2167 expediabo,

129 2171 231 2201 donec
246 2173 372 2212 infrffla
388 2171 418 2201 se
435 2170 597 2201 obtulerit.
688 2179 738 2202 10.
761 2173 875 2215 rastrum
893 2172 992 2203 Goth.
1018 2173 1076 2203 see.
1100 2181 1236 2214 quatuor
1258 2176 1382 2216 Burm3
1403 2178 1441 2210 it.

130 2223 191 2254 Ed.
218 2222 358 2253 Mediol.
405 2223 571 2252 Nlenalcam
600 2222 721 2253 Medic.
814 2234 861 2254 12.
883 2226 1005 2255 marcida
1031 2225 1157 2257 Moreti
1180 2226 1442 2269 fragm.—13.

127 2276 220 2317 aquila
236 2276 324 2303 dicunt
339 2275 421 2303 Ven.
438 2280 469 2304 et
487 2273 569 2305 Cod.
597 2275 706 2305 Burm.
797 2283 846 2312 14.
870 2288 1018 2318 quocunque
1033 2278 1116 2308 Ven.
1161 2291 1219 2319 quae
1244 2279 1296 2310 vel
1321 2293 1439 2321 quacun-

131 2339 179 2366 que
196 2325 279 2355 Gud.
372 2334 421 2363 15.
447 2324 541 2355 Conf.
569 2325 607 2355 ad
633 2324 698 2356 Ecl.
726 2327 750 2361 Ι,
781 2325 831 2357 18.
925 2337 973 2368 19.
997 2329 1298 2372 Qiscaneretslvas
1315 2332 1440 2374 Fragm.

129 2375 261 2413 Morcti,
282 2382 313 2406 at
330 2375 397 2406 Ecl.
413 2376 455 2414 V,
471 2384 511 2407 20
527 2377 692 2406 Extinfft'um
710 2377 851 2418 NJwzphae
867 2383 927 2409 etc.
963 2379 1034 2408 orbis
1051 2389 1068 2409 a
1083 2389 1127 2409 nl.
1142 2390 1190 2422 pr.
1209 2380 1242 2411 in
1258 2381 1384 2414 Medic.

191 2499 249 2535 ¹3·
269 2487 385 2538 aquila
402 2494 568 2529 veniente,
587 2485 757 2533 irruente,
821 2488 905 2526 urbs
936 2488 1056 2540 Epiri,
1091 2493 1323 2531 vetustiffimis
1351 2504 1440 2534 tem-

134 2538 256 2576 hostili
284 2548 318 2574 et
343 2539 469 2576 infesto
496 2539 630 2577 anim0.
658 2540 756 2578 conf.
819 2540 966 2590 poribus
985 2554 1005 2577 a
1023 2542 1232 2582 Chaonibus
1254 2546 1439 2585 habitatae.

136 2590 330 2627 Burmann.
384 2591 426 2627 In
470 2590 592 2627 animo
631 2591 759 2630 habuit
818 2592 918 2629 conf.
945 2593 1072 2631 Strabo
1091 2595 1182 2640 VII,
1215 2611 1252 2655 p:
1281 2601 1356 2650 498
1389 2599 1440 2635 C.

136 2646 245 2692 poe'ta
264 2641 411 2680 Lucret.
443 2641 515 2686 ΙΙΙ,
545 2655 613 2693 751
642 2654 757 2680 treme-
826 2657 988 2695 14—17.
1010 2644 1091 2683 Nifi
1110 2661 1265 2698 augurio
1283 2650 1442 2687 monitus

138 2704 246 2744 reique
265 2704 329 2743 per
360 2709 464 2731 auras
493 2694 591 2730 Ab'ris
609 2701 761 2743 accipiler
820 2693 975 2741 fuissem,
1020 2707 1059 2734 ut
1090 2714 1283 2755 quacunque
1311 2701 1371 2738 via
1398 2714 1440 2738 ac

123 2748 266 2796 fitgiens
283 2751 434 2782 ‘veniente
446 2744 604 2783 columba.
649 2745 760 2783 Chao-
824 2746 978 2791 ratione,
1001 2748 1123 2799 jurgia
1152 2763 1236 2788 cum
1266 2753 1442 2790 veteranis

139 2801 205 2832 m'ae
221 2809 305 2832 vero
323 2796 478 2834 columbae
508 2796 658 2833 sollemni
682 2798 757 2847 epi·
822 2797 860 2833 in
879 2811 984 2848 agros
1001 2798 1159 2838 immistis
1185 2803 1415 2852 praeciderem
1432 2819 1444 2850 ς

140 2845 238 2883 theto
255 2860 276 2883 a
295 2847 486 2886 Dodonaeo
513 2848 595 2884 luco
625 2857 659 2884 et
678 2861 756 2885 ora·
821 2849 948 2899 capitis
973 2850 1174 2900 periculum
1194 2867 1263 2891 una
1280 2867 1363 2892 cum
1381 2855 1442 2893 he-

139 2898 223 2935 culo
240 2911 302 2948 per
328 2899 510 2936 columbas
529 2898 555 2936 s.
576 2899 758 2949 palumbes
822 2912 861 2938 ro
880 2900 1047 2938 Menalca
1061 2903 1232 2941 adiiffem.

84 2959 89 2963 ·
139 2947 268 2988 editio.
322 2949 410 2988 Erat
444 2960 561 2989 autem
598 2950 756 2989 Dodona
879 2954 935 2989 18.
951 2952 1093 3000 solatia,
1120 2956 1279 2994 carmina
1305 2965 1440 3007 erepta.

1381 3022 1443 3048 20.
