1821 3381
344 327 435 360 *112

520 309 575 358 P.
634 303 1020 357 VIRGILII
1077 296 1484 353 MARONIS‘

339 429 552 476 Silenum
575 426 707 489 pueri
731 425 894 471 somno
917 423 1075 470 videre
1087 422 1344 487 jacentem,

343 518 570 565 Inflatum
594 515 807 562 hesterno
831 531 985 570 venas,
1018 525 1072 560 ut
1097 512 1297 575 semper,
1320 511 1520 559 Iaccho:
1591 527 1609 558 1
1622 516 1659 573 ς’

342 609 367 635 ’³⁵
391 607 522 655 Serta
538 603 703 668 procul
726 613 911 649 tanturn
933 599 1078 662 capiti
1097 596 1550 662 delapsajacebant;
1573 598 1599 624 *

392 724 442 757 16.
465 726 551 767 capiti
575 729 681 754 tantum
708 718 865 753 Rottend.

921 719 1039 751 Saltem
1069 718 1130 750 hoc
1162 716 1274 749 malim
1298 727 1315 747 a
1340 717 1435 758 poeta
1458 715 1656 759 profetstum.'-

346 776 444 819 Qod
460 786 543 807 nunc
559 774 723 811 habemus,
739 774 839 815 procul
850 778 956 802 tantum
971 773 1056 813 capiti
1069 772 1109 808 d.,
1132 769 1185 801 vix
1201 768 1296 800 habet
1313 768 1474 809 quomodo
1489 767 1562 798 satis
1572 767 1653 798 bene

341 827 458 869 jungas
483 826 567 867 (vid.
593 826 696 867 Not.),
718 831 772 855 aut
789 822 945 865 expedias.
988 823 1119 853 Poterat
1141 828 1250 852 tamen
1270 827 1341 851 tum
1367 818 1460 850 facilc
1485 818 1654 861 epitheton

341 878 487 913 substitui
502 885 534 909 et
550 876 667 920 apponi
681 876 778 917 capiti,
802 885 833 905 v.
852 885 878 905 c.
892 876 1007 910 madido,
1027 875 1138 911 tumido,
1142 872 1225 915 fcffi.
1270 870 1378 903 Potest
1403 881 1529 912 quoque
1553 869 1586 901 in
1602 880 1655 901 ca·
1696 866 1704 893 ἷ

340 929 408 972 pite
425 928 532 960 versus
547 938 620 959 mox
637 925 781 958 excidiffe
797 924 898 957 videri
917 926 1000 956 Vitta
1005 926 1086 966 [εντα
1096 925 1196 966 procul
1205 925 1289 965 capiti
1298 923 1418 963 delapsa,
1439 920 1522 952 male
1539 928 1572 952 et
1593 921 1656 952 im·

342 989 482 1024 portuno
498 980 570 1011 loco
593 977 747 1021 suppleta.
793 977 937 1008 Omnino
960 976 1087 1019 jejunus
1109 975 1154 1008 est
1177 973 1295 1012 versus,
1315 980 1348 1004 et
1373 972 1477 1004 multo
1497 972 1602 1015 magis
1622 973 1669 1003 τδ·

328 1032 462 1076 jacebant
477 1030 546 1074 post
562 1041 595 1061 v.
617 1040 656 1067 14
671 1031 761 1060 videre
765 1031 913 1071 jacentem.

344 1125 502 1176 antiquae
533 1125 701 1175 operibus
725 1123 884 1162 obviam.
912 1123 970 1161 Si·

343 1179 442 1216 lenus
454 1176 624 1214 recubans
637 1176 674 1214 in
686 1177 777 1227 pelle
785 1175 971 1218 substrata,

349 1238 429 1266 utre
463 1227 541 1265 vini
576 1229 682 1278 pleno
708 1228 829 1271 nixus,
861 1228 974 1266 altera

350 1294 458 1317 manu
475 1279 683 1316 cantharum
696 1278 873 1316 inversum
893 1277 974 1328 (qui

351 1342 470 1368 tamen
490 1330 620 1368 artifici
653 1329 843 1368 recentiori
862 1330 973 1367 debe·

348 1394 408 1420 tur
420 1381 587 1420 vitiatum
602 1394 759 1419 marmor
777 1380 967 1430 reficienti)

349 1445 486 1474 tenens,
497 1433 535 1470 in
545 1433 644 1470 Villa
654 1432 847 1470 Ludovifia
863 1443 970 1469 notus

349 1486 413 1531 est,
449 1485 537 1522 caelo
571 1497 715 1535 quoque
750 1484 926 1534 expreffus
951 1496 973 1520 a

352 1536 490 1578 multis,
516 1536 622 1573 etiam
642 1536 681 1572 in
698 1534 859 1573 Montef.
886 1535 974 1572 Ant.

351 1587 442 1639 cxpl.
461 1587 536 1624 To.
556 1587 588 1630 Ι,
609 1597 636 1624 t.
661 1600 745 1637 170.
785 1585 975 1623 Inventum

351 1642 398 1677 est
417 1651 530 1689 nuper
547 1638 586 1675 in
603 1637 733 1675 finibus
759 1637 976 1688 Neapolita·

349 1691 406 1729 nis
441 1690 701 1741 anaglyphum,
741 1689 902 1727 Silenum
937 1688 976 1726 in

350 1752 456 1780 antro
472 1741 667 1784 sedentem,
699 1754 781 1779 cum
801 1740 977 1791 Nympha

352 1794 520 1832 frondem
547 1793 606 1830 seu
643 1792 822 1830 surculum
863 1793 976 1830 osten-

353 1855 468 1890 tante,
486 1854 522 1882 et
540 1844 678 1881 duobus
696 1843 812 1894 pueris
825 1842 976 1893 Satyris,

352 1896 633 1934 auscultantium
658 1895 849 1940 fimilibus,
874 1894 978 1931 exhi-

355 1949 453 1986 bens.
509 1947 608 1985 Pone
662 1956 803 1984 antrum
863 1946 976 1983 Sileni

356 2000 481 2037 asellus
499 2012 581 2036 cum
599 1998 740 2036 duobus
758 1996 892 2049 Satyris
910 1997 977 2034 sal-

356 2050 530 2089 tantibus.
551 2050 607 2087 Ex
615 2050 731 2087 nostro
739 2048 858 2100 itaque
869 2053 979 2100 poeta

357 2103 433 2140 haec
478 2101 691 2139 adumbrata
733 2102 798 2137 esse
841 2100 979 2138 censuit

358 2155 536 2193 Xuverius
544 2154 673 2193 Mattei
684 2152 722 2189 in
737 2150 980 2190 differtatione

357 2206 460 2256 super
477 2218 519 2242 ea
534 2217 569 2241 re
587 2216 681 2256 1759
692 2203 802 2241 edita.
856 2203 982 2252 Itaque

358 2257 457 2295 idem
499 2256 743 2306 anaglyphum
785 2255 980 2305 expreffum

360 2310 407 2346 est
435 2309 554 2346 denuo
582 2306 619 2343 in
647 2306 808 2344 editione
850 2318 984 2356 nupera

361 2359 516 2410 Virgilii
532 2358 793 2408 Ambrogiana.
847 2357 985 2394 Similis

360 2412 433 2450 fere
445 2409 646 2461 argumenti
662 2411 707 2446 est
724 2409 984 2460 anaglyphum,

361 2464 462 2513 quod
505 2462 551 2499 ad
590 2463 829 2507 ἀσκωλιασμῦν
879 2459 987 2497 refert

360 2514 578 2552 doffliffimus
609 2513 666 2550 vir
696 2513 733 2550 in
766 2515 849 2563 Dgff
878 2512 984 2548 Acad.

364 2567 568 2614 Cortonensts
587 2563 636 2601 T.
657 2564 674 2600 I
691 2564 770 2601 diss.
793 2570 826 2601 δ’.
848 2562 987 2600 Faunus

360 2619 461 2656 enirn
474 2616 545 2652 utri
559 2615 705 2653 incubat
718 2617 865 2665 lyraque
877 2615 987 2652 canit.

363 2669 426 2705 Ad
456 2668 605 2706 eandem
639 2666 798 2704 fabulam
833 2665 989 2704 alludere

363 2721 511 2758 videtur
530 2719 667 2756 Sil-mus
685 2719 728 2754 ad
747 2719 907 2755 arborem
936 2730 989 2756 re-

364 2773 522 2813 vindius,
561 2770 690 2819 Satyro
723 2783 763 2806 ac
802 2769 989 2817 Nympha,

363 2822 596 2862 exorantium
616 2821 747 2873 specie,
773 2820 990 2860 adstantibus

1033 1121 1075 1160 in
1092 1119 1298 1172 DaHylioth.
1317 1120 1465 1171 Lippert.
1495 1118 1597 1157 Mill.
1621 1117 1657 1162 Ῑ,

1040 1187 1076 1218 1,
1124 1175 1207 1221 183.
1263 1171 1378 1209 Aliud
1418 1170 1601 1208 manifeste
1635 1182 1659 1207 e

1035 1223 1201 1282 Virgilio
1216 1222 1410 1274 expressum
1428 1235 1585 1259 marmor
1605 1220 1659 1259 se-

1037 1276 1156 1313 deeim
1176 1275 1316 1325 figuris,
1337 1273 1430 1311 inter
1445 1287 1532 1325 quas
1550 1273 1659 1322 AEgle

1035 1327 1187 1377 pingens
1206 1326 1321 1364 Sileni
1335 1325 1480 1371 faciem,
1507 1325 1546 1362 in
1574 1324 1657 1361 Vil-

1037 1379 1071 1415 la
1092 1377 1283 1416 Pembrok.
1301 1377 1457 1414 Wilton.
1475 1390 1513 1427 p.
1525 1389 1573 1428 93
1593 1376 1659 1412 ha-

1037 1429 1154 1466 betur.
1206 1429 1377 1467 Necdum
1416 1438 1535 1465 tamen
1578 1426 1662 1467 satis

1038 1480 1182 1517 confido
1199 1480 1366 1530 operibus
1383 1479 1438 1516 his
1457 1480 1502 1517 ad
1529 1478 1660 1530 Virgi-

1040 1531 1176 1569 lianum
1187 1544 1331 1569 carmen
1342 1532 1515 1581 expreffis.
1568 1531 1661 1567 Sunt

1040 1584 1138 1620 enim
1157 1583 1364 1634 plerumque
1380 1582 1523 1619 indoete
1545 1582 1662 1620 efficta

1039 1645 1075 1672 et
1095 1634 1258 1672 fraudem
1276 1634 1456 1679 redolent3
1484 1646 1550 1671 nec
1578 1647 1661 1684 pro·

1041 1686 1164 1723 babile
1175 1687 1229 1730 fit,
1243 1685 1395 1723 artifices
1410 1685 1560 1722 Graecos
1573 1684 1662 1722 Vir-

1041 1737 1173 1788 gilium
1193 1737 1390 1774 edidicisse.
1444 1736 1662 1773 Silvestrium

1040 1801 1127 1826 vero
1143 1788 1333 1826 numinum
1350 1787 1444 1825 lusus
1462 1788 1566 1825 multi
1587 1787 1665 1839 pas-

1043 1840 1155 1877 simin
1173 1840 1412 1878 monumentis
1430 1851 1587 1877 veterum
1601 1851 1665 1876 ex-

1044 1902 1135 1930 tant·

1102 1944 1160 1980 16.
1206 1943 1307 1980 Serta
1333 1942 1448 1992 procul
1471 1953 1601 1980 tantum
1633 1957 1666 1980 c.

1045 1994 1133 2032 Hoc
1157 1994 1196 2031 in
1212 1994 1297 2032 loco
1325 2007 1382 2031 me
1399 1994 1516 2031 adhuc
1534 1993 1666 2031 haerere

1045 2046 1177 2090 fateor,
1205 2058 1284 2088 nec,
1299 2045 1416 2095 procul
1429 2056 1558 2083 tantum
1576 2058 1666 2095 quo-

1046 2098 1156 2135 modo
1174 2097 1261 2134 bene
1275 2096 1382 2148 jungi
1398 2097 1514 2146 possst,
1541 2095 1674 2134 videor

1047 2149 1177 2185 Graece
1204 2148 1342 2185 dictum
1372 2147 1486 2185 Faber
1504 2147 1639 2197 accipit
1654 2163 1674 2193 ς-

1045 2201 1129 2238 satis
1155 2200 1285 2250 longe3
1313 2211 1380 2236 nec
1401 2209 1518 2237 tamen
1547 2199 1669 2236 decla-

1047 2263 1118 2296 rat,
1144 2251 1329 2301 quomodo
1363 2250 1410 2287 fic
1443 2250 1522 2287 dici
1551 2251 1677 2300 ΡοΗίῐῑν

1048 2303 1247 2353 Comparat
1273 2316 1354 2339 cum
1386 2301 1520 2339 Graeco
1544 2305 1678 2348 dmm,

1051 2364 1089 2391 ut
1108 2354 1149 2391 fit
1166 2367 1232 2404 pro
1250 2353 1312 2397 fic,
1329 2364 1476 2397 temere,
1504 2364 1543 2391 ut
1568 2353 1675 2391 casus

1049 2406 1194 2450 tulerat,
1223 2404 1320 2442 Dan.
1341 2404 1511 2442 Heinfius
1527 2405 1572 2442 ad
1593 2405 1672 2442 He-

1051 2458 1141 2494 fiod.
1162 2465 1241 2507 Ee‘l·
1263 2470 1350 2506 344,
1378 2456 1438 2493 sed
1462 2456 1533 2493 fine
1551 2457 1673 2493 aucto·

1053 2509 1168 2546 ritate.
1198 2519 1327 2546 tantum
1353 2507 1486 2558 delapsa
1499 2508 1677 2557 Jungunt‚

1052 2573 1087 2598 et
1115 2562 1331 2598 tantummodo
1359 2569 1544 2609 exponunt
1576 2558 1675 2596 Tur-

1054 2612 1163 2650 nebus
1181 2623 1216 2648 et
1234 2611 1375 2655 Cerda3
1405 2612 1457 2647 ita
1481 2623 1566 2647 vero
1585 2624 1677 2659 quo-

1056 2663 1165 2701 modo
1176 2663 1292 2712 procul
1295 2663 1404 2711 jacet,
1419 2662 1444 2698 fi
1459 2663 1681 2700 tantummode

1055 2715 1194 2765 delapsa
1212 2714 1316 2751 sunt?
1346 2713 1456 2750 Dicas
1483 2713 1600 2763 procul
1623 2725 1678 2749 re-

1056 2766 1166 2804 lative
1193 2766 1284 2810 dici,
1322 2778 1386 2802 nee
1411 2764 1543 2814 semper
1561 2777 1678 2801 remo-

1056 2827 1131 2856 tum
1150 2830 1192 2855 ac
1204 2816 1444 2868 longinquum
1459 2816 1656 2867 significare
1671 2831 1685 2860 3

1537 2866 1682 2905 definiri
