1821 3381
330 293 416 337 108
494 285 548 332 P.
602 277 984 332 VIRGILII
1052 275 1441 323 MARONIS

324 407 540 461 potissumum
567 398 700 452 placita
724 411 759 434 ν.
789 409 831 445 3¹
856 393 931 444 sqq.
950 391 1114 435 referam,
1131 391 1262 436 video3
1288 391 1405 442 quid?
1431 392 1528 442 quod
1546 405 1632 442 qua-

322 489 410 516 tuor
424 475 614 513 elementa,
638 482 659 506 e
680 464 811 518 quibus
831 461 1034 500 universum
1052 458 1106 496 ibi
1132 459 1361 504 construitur,
1387 472 1466 510 quae
1481 459 1525 497 ad
1549 459 1634 497 Em-

323 544 535 599 pedocleam
562 536 738 575 rationem
756 531 950 584 pertinent,
977 529 1022 566 ab
1042 527 1299 580 Epicureorum
1317 527 1482 578 principe
1500 527 1634 565 Lucre-

321 614 379 652 tio
395 610 624 661 exagitantur
641 603 674 649 I,
700 615 791 655 717,
809 609 844 638 et
862 598 991 636 nititur
1010 606 1085 634 tota
1103 596 1149 633 de
1167 594 1333 646 Virgilio
1351 594 1537 646 Epicureae
1553 593 1636 644 phi-

325 679 501 731 losophiae
520 676 690 714 sectatore
712 670 834 709 fabula
849 668 918 706 fide
939 663 1204 704 Pseudodonati
1220 674 1256 702 et
1282 663 1413 708 Servii,
1440 672 1501 701 aut
1518 662 1638 715 potius

324 752 592 790 vanissimorum
621 742 827 787 hominum,
853 739 917 791 qui
947 736 1097 776 nomina
1128 736 1192 774 ista
1225 734 1306 774 sunt
1339 734 1498 774 mentiti.
1552 732 1639 771 Fuit

326 833 446 861 autem
464 813 701 866 antiquissima
727 809 850 861 aliqua
876 803 1240 846 reconditior·fabu1a
1265 803 1312 841 de
1341 802 1455 840 Sileni
1482 801 1639 853 philoso-

326 891 414 945 phia
444 898 480 927 et
513 886 616 936 super
651 894 704 919 res
724 878 901 917 naturales
929 885 965 914 et
996 874 1146 912 morales
1173 872 1500 924 disputationibus;
1526 884 1641 922 neque
1682 858 1689 885 5

327 974 459 1003 vanum
477 959 539 1002 est,
566 953 665 1006 quod
684 949 810 989 Servio
829 947 1000 985 insertum
1016 946 1066 983 'est
1084 944 1129 982 ad
1148 958 1184 983 v.
1209 957 1252 993 13
1281 944 1372 981 Sane
1397 942 1454 980 hoc
1477 943 1518 980 de
1533 941 1642 979 Sileno

328 1047 394 1070 non
412 1032 532 1067 dicitur
536 1026 655 1075 fit‘lum
681 1035 706 1057 a
725 1017 880 1070 Virgilio,
895 1018 963 1065 sed
985 1031 1010 1055 a
1028 1015 1226 1064 Theopompo
1242 1012 1450 1060 translatum.
1502 1012 1540 1049 Is
1558 1017 1644 1049 enim

328 1098 562 1152 apprehensum
580 1091 724 1131 Silenum
744 1102 768 1123 α
794 1085 907 1121 Midae
936 1087 1021 1134 regis
1040 1080 1221 1132 pastoribus
1245 1082 1324 1118 dicit
1343 1080 1484 1131 crapula
1508 1083 1644 1119 maden-

331 1184 395 1210 tem
429 1179 461 1206 et
486 1179 528 1202 ex
556 1176 596 1201 ea
617 1162 805 1209 fhporatum
819 1170 833 1199 ,·
869 1151 938 1194 illos
968 1150 1038 1190 dolo
1065 1152 1225 1204 aggreffis
1249 1152 1455 1189 dormientem
1485 1152 1645 1201 vinxgffl,

325 1242 435 1293 pstea
468 1228 614 1272 vinculis
626 1230 744 1277 sponte
771 1221 955 1260 labentibus
986 1219 1161 1257 liberatum
1189 1220 1228 1256 de
1256 1219 1348 1256 rebus
1377 1218 1588 1257 naturalibus
1614 1230 1646 1256 et

331 1312 475 1361 antiquis
508 1303 619 1342 Midae
645 1298 867 1346 interroganti
909 1292 1109 1341 rqspondgffl’.
1179 1289 1299 1327 Locus
1328 1288 1400 1327 fuit
1433 1289 1500 1327 hac
1530 1288 1576 1326 de
1608 1301 1647 1326 re

333 1380 492 1420 clafficus
526 1374 562 1411 in
599 1365 830 1419 Theopompi
859 1362 1110 1401 Thaumafiis:
1151 1362 1248 1400 unde
1278 1371 1447 1412 excerpta
1471 1361 1649 1412 particula

334 1451 431 1504 apud
463 1445 602 1485 AElian.
620 1441 712 1477 Var.
745 1437 843 1475 Hist.
872 1435 946 1479 III,
978 1436 1039 1479 18,
1066 1433 1130 1471 ubi
1157 1433 1233 1471 vid.
1252 1433 1373 1483 Intpp.
1401 1441 1438 1469 et
1465 1446 1553 1482 quos
1572 1433 1648 1469 lau-

335 1523 437 1561 dant.
494 1509 668 1564 Appofita
698 1505 753 1544 ibi
779 1503 937 1542 narratio
965 1501 1128 1553 Sophista
1160 1501 1283 1551 aliquo
1310 1499 1459 1550 dignior
1480 1499 1526 1537 de
1553 1509 1649 1537 terra

334 1585 530 1638 Meropide
546 1583 585 1619 in
611 1579 760 1616 Oceano
790 1576 853 1612 fita
882 1571 1043 1623 mythice
1063 1580 1248 1609 exornata.
1300 1569 1500 1619 Antiquior
1528 1578 1650 1607 tamen

336 1656 456 1709 mythi
476 1649 666 1692 auctoritas
686 1645 781 1690 fuit3
809 1642 933 1679 saltem
954 1639 1120 1684 Pindari,
1145 1652 1242 1682 nam,
1269 1637 1367 1689 quod
1396 1637 1458 1675 ille
1488 1637 1649 1678 Silenum

336 1740 420 1768 cum
440 1723 603 1773 Olympo
619 1714 908 1755 confabulantem
932 1709 1094 1754 induxit,
1122 1708 1352 1759 conjunfium
1371 1720 1454 1744 cum
1471 1705 1537 1744 illo
1556 1707 1650 1751 fuit;

337 1799 387 1837 est
420 1794 516 1834 enim
549 1790 730 1838 Olympus
761 1783 919 1832 Marsyae
945 1780 1098 1831 Phrygis
1131 1781 1307 1817 alumnus.
1387 1776 1528 1814 Vocem
1564 1775 1653 1814 inde

338 1867 497 1918 ὶφγίμεξος
512 1874 579 1913 pro
595 1855 744 1895 homine
761 1853 884 1892 laudat
903 1850 1025 1888 Schol.
1049 1847 1228 1898 Aristoph.
1250 1845 1354 1882 Nub.
1385 1857 1430 1882 22
1438 1857 1456 1893 3
1479 1853 1515 1881 et
1533 1857 1582 1880 *ex
1608 1857 1653 1881 eo

340 1935 485 1975 Suldas.
539 1931 686 1967 Servata
714 1937 759 1962 ex
793 1921 900 1959 distis
926 1919 997 1958 illis
1014 1916 1210 1956 sententia:
1241 1931 1302 1954 non
1319 1917 1411 1965 nasti
1425 1914 1549 1952 homini
1562 1913 1655 1967 longe

339 2010 492 2057 optimum
509 2000 582 2050 effi,
604 1998 789 2046 proximum
819 2002 943 2033 antem,
970 2003 1068 2039 quam
1091 1992 1236 2035 primum
1265 1990 1347 2021 mori
1374 1982 1458 2020 Cic.
1479 1981 1592 2020 Tusc.
1618 1981 1653 2025 I,

341 2076 409 2122 48,
435 2067 532 2107 unde
548 2063 656 2102 habet
680 2060 844 2098 Laetam.
873 2056 959 2094 Inst.
979 2054 1053 2098 ΙΙΙ,
1076 2066 1134 2104 19·
1190 2052 1245 2088 Ex
1266 2050 1446 2092 Plutarch.
1466 2049 1654 2088 Consolat.

341 2139 388 2181 ad
410 2135 582 2187 Apollon.
603 2145 638 2182 p.
663 2144 700 2168 11
713 2142 731 2179 ς
754 2125 941 2168 discimus,
956 2121 1185 2160 Aristotelem
1210 2120 1247 2156 in
1268 2119 1430 2156 Eudemo
1448 2118 1522 2156 haec
1547 2117 1656 2155 latius

341 2206 554 2260 exposuisse,
584 2202 676 2239 unde
704 2198 797 2236 ibid.
832 2197 881 2234 D.
910 2194 1071 2240 Δαίμονος
1096 2194 1242 2229 {wiva-6⁹⁵3
1268 2190 1325 2227 mci
1354 2190 1467 2239 τύχης
1489 2192 1657 2238 χχλεωῆς

343 2279 498 2329 ἔφῆμεξον
531 2276 689 2322 affligam,
710 2271 746 2307 τί
770 2287 811 2315 με
842 2264 1000 2318 βιάζεσθε
1033 2267 1135 2310 λέγειν
1165 2263 1188 2299 ἂ
1223 2263 1293 2307 ὖμῖν
1318 2263 1415 2310 ἄρειον
1444 2260 1493 2306 μὴ
1528 2264 1656 2306 ψεῖ-κω,

344 2348 487 2401 ΞΡεξὶειῑ
505 2355 623 2382 autem
641 2339 797 2379 narratio
813 2338 859 2375 ad
883 2346 1016 2374 veteres
1040 2334 1182 2382 mythos
1201 2329 1404 2368 Thracicos
1420 2329 1513 2366 inter
1530 2327 1656 2365 Mace-

344 2417 458 2455 dones
488 2413 655 2451 servatos.
711 2408 794 2446 Fuit
808 2406 904 2444 enim
931 2405 970 2442 in
988 2405 1044 2441 his
1068 2401 1195 2439 Midas
1212 2413 1271 2437 rex
1296 2397 1447 2449 Brigum
1467 2397 1525 2435 seu
1545 2396 1660 2445 Phry.

346 2498 449 2536 gum,
476 2495 561 2520 cum
581 2479 698 2518 adhuc
718 2478 764 2514 ad
783 2475 837 2513 his
855 2476 934 2513 lcca
954 2472 1015 2510 sub
1041 2481 1156 2509 morte
1185 2467 1343 2510 Bermio,
1371 2466 1410 2504 in
1429 2465 1659 2504 Macedoniae

345 2553 464 2605 postea
492 2549 598 2587 dietae
626 2546 771 2590 finibus,
803 2553 1029 2581 tenerentur:
1061 2555 1095 2579 v.
1128 2538 1269 2578 Herod.
1305 2536 1418 2580 VIII,
1438 2538 1522 2585 138.
1574 2533 1659 2572 Me-

346 2620 522 2658 morabile
547 2628 665 2655 autem
697 2615 736 2653 in
768 2614 924 2651 Marone
952 2613 1038 2655 hoc,
1067 2609 1167 2662 quod
1204 2609 1344 2646 Silenus
1374 2607 1468 2644 inter
1497 2614 1663 2642 canentes

348 2688 434 2738 deos
452 2685 617 2723 habetur.
669 2683 782 2736 Qod
813 2692 933 2719 autem
961 2679 1129 2718 vinciunt
1160 2691 1257 2721 eum,
1285 2686 1325 2713 ut
1353 2683 1487 2725 cogant
1519 2685 1662 2716 canere,

348 2754 484 2806 Satyri,
512 2767 531 2790 a
565 2753 684 2790 furore
712 2750 988 2790 vaticinantium
1019 2747 1171 2799 petitum
1207 2746 1272 2783 effe
1306 2743 1526 2795 putabimus,
1555 2754 1663 2791 quem

350 2823 595 2864 detxefiabant
613 2834 735 2862 vates:
766 2833 805 2861 ut
822 2823 878 2862 vel
896 2821 940 2859 dc
963 2819 1093 2872 Pythia
1122 2827 1261 2857 notum.
1326 2815 1509 2858 Cauoeus,
1534 2822 1569 2849 et
1587 2810 1664 2861 post

1579 2890 1662 2918 eum
