1987 3361
437 319 911 373 CODICIBUS
969 317 1142 365 MSS.
1345 335 1441 367 L111

135 467 369 505 memorat
403 454 662 517 exemplari
686 453 863 514 Ascanii
899 453 1149 508 Grandaevi,
1183 452 1300 498 civis
1337 453 1444 500 Sul-

132 536 382 594 monenfis,
414 553 559 600 quem
582 536 779 583 Mureto
803 536 1009 583 miserat.

198 617 335 665 Idem
380 618 430 664 in
474 617 766 664 bibliotheca
810 616 1037 663 Vaticana
1074 625 1260 661 veterem
1292 616 1440 662 alium

130 701 504 765 Longobardicum,
521 701 604 762 qui
626 717 684 747 an
708 700 839 746 idem
853 717 969 746 cum
983 700 1200 746 Pieriano
1223 700 1343 746 libro
1368 701 1437 757 fit,

129 802 189 832 ex
227 784 431 841 nominis
469 783 649 829 ratione
681 780 925 845 judicium
968 781 1087 828 ferre
1117 797 1209 827 non
1234 782 1359 838 licet,
1393 795 1439 829 et

126 867 257 914 alium
278 868 494 928 antiquum
520 864 682 911 vidiffe.
705 863 749 909 se
773 875 946 910 narrat.

190 949 378 997 Eodem
401 949 508 995 loco
531 948 709 995 librum
745 947 880 994 valde
903 947 1152 1010 antiquum
1180 946 1235 993 P.
1264 946 1433 1004 (hlefi,

123 1032 271 1078 alium
309 1030 414 1077 satis
454 1042 662 1076 veterem
688 1030 854 1078 [ληίου.
880 1030 1050 1087 Lantz‘s,
1087 1030 1143 1078 R.
1170 1028 1433 1094 antiquissi-

123 1128 261 1159 mum
284 1113 430 1159 alium
460 1112 614 1158 Fulvii
646 1112 784 1172 Uzstnz'
811 1112 986 1165 laudat.
1057 1112 1166 1159 Fuit
1199 1110 1276 1158 hic
1310 1109 1432 1156 forte

124 1199 370 1255 Coloticznus,
405 1197 464 1244 de
485 1213 580 1260 quo
602 1196 710 1243 vide
732 1196 892 1259 paullo
915 1195 1035 1258 post.

580 1326 972 1370 espa-e—-ffffl-uw·

183 1445 240 1495 P.
267 1446 420 1500 Bembi
446 1446 564 1493 liber
602 1446 766 1508 paffim
793 1458 1112 1500 memoratum
1143 1461 1228 1492 nec
1268 1457 1427 1491 tamen

116 1531 155 1582 is
180 1547 297 1577 unus
323 1530 557 1592 idemque.
629 1529 902 1575 Molestiam
927 1528 1041 1575 facit
1064 1545 1135 1575 res
1159 1529 1218 1574 ab
1239 1528 1311 1583 iis,
1343 1526 1427 1588 qui

116 1613 301 1664 codices
325 1612 542 1657 manibus
567 1611 819 1667 versarunt‚
838 1623 936 1656 tam
960 1625 1129 1672 parurn
1153 1609 1318 1655 diserte
1342 1625 1425 1655 ex-

113 1695 278 1758 polita.
346 1693 583 1739 Omnibus
605 1692 857 1754 diligenter
873 1690 1223 1753 circumspectis
1240 1703 1287 1736 et
1307 1706 1424 1735 con-

113 1776 337 1833 fideratis,
384 1775 576 1837 Virgilii
618 1774 805 1821 codices
852 1784 939 1820 tres*
980 1773 1184 1820 diversos
1230 1773 1277 1818 in
1324 1770 1421 1834 ejus

111 1859 387 1923 supellectili
411 1857 602 1903 libraria
626 1856 755 1903 fuiffe
783 1857 1002 1902 invenio:
1038 1872 1178 1912 unum,
1221 1869 1345 1900 nunc
1372 1854 1420 1898 in

111 1942 339 1989 Vaticana
362 1939 632 2003 repofitum,
657 1939 801 1995 Aldo,
836 1938 1004 1995 Pierio,
1027 1950 1072 1984 et
1098 1936 1270 1984 Urfino
1294 1934 1420 1987 haud

107 2023 279 2080 visum,
295 2023 376 2085 qui
397 2022 658 2084 fragmenta
675 2021 1022 2092 compleclitur,
1046 2035 1153 2082 quae
1179 2016 1418 2067 Bottarius

107 2106 157 2164 in
183 2105 339 2162 lucem
361 2103 509 2150 edidit
529 2122 538 2148 :
574 2102 633 2149 de
660 2102 714 2147 iis
738 2103 872 2164 supra
895 2102 1051 2148 actum
1071 2124 1082 2154 ;
1119 2102 1313 2155 alterum,
1333 2097 1416 2160 qui

107 2184 498 2249 Lususjuveniles
518 2199 629 2236 cum
649 2184 883 2230 Bucolicis
898 2180 942 2229 et
962 2182 1311 2246 Georgicorum
1332 2180 1416 2226 lib.

105 2268 146 2326 I,
183 2279 316 2331 parte
352 2266 652 2320 continebat;
688 2282 712 2313 e
742 2282 839 2329 quo
863 2265 1083 2312 Culicem
1113 2263 1317 2311 correxit
1358 2261 1411 2307 P.

105 2348 330 2405 BembuS.
367 2364 413 2395 v.
446 2348 630 2411 praefat.
669 2349 875 2394 nostram
911 2348 969 2394 ad
1005 2347 1187 2401 Culic.;
1223 2348 1412 2398 tertium,

102 2446 248 2494 quem
269 2429 460 2476 Ursmus
490 2446 599 2476 cum
626 2430 771 2475 altero
793 2429 875 2475 illo
906 2428 1039 2476 domi
1069 2428 1161 2474 suae
1194 2427 1413 2482 habebat,

103 2498 151 2561 et
169 2531 299 2578 quem,
322 2526 374 2560 ut
399 2513 478 2561 ille
503 2513 559 2559 ad
582 2513 688 2559 Ecl.
716 2513 851 2569 VIII,
872 2532 934 2572 44
952 2524 1130 2568 monet,
1165 2528 1214 2557 ex
1240 2509 1412 2554 Acade-

102 2579 185 2650 mici
213 2581 410 2653 foillani,
437 2596 731 2656 grandioribus
759 2595 919 2640 litteris
947 2604 1182 2649 emmaum,
1229 2589 1410 2648 habuisse

99 2677 299 2727 Bembum
322 2676 479 2721 dicant.
548 2676 624 2722 Ex
647 2675 783 2721 dietis
806 2675 877 2720 his
900 2674 1162 2721 accuratius
1186 2667 1407 2718 constitui

98 2769 320 2824 poterunt
355 2772 421 2813 ea,
455 2772 562 2819 quae
586 2758 634 2803 in
673 2757 859 2818 praefat.
896 2755 1094 2802 Anthol.
1136 2754 1242 2801 Lat.
1280 2753 1341 2801 T.
1368 2751 1407 2808 I,

98 2857 148 2905 p.
175 2839 292 2887 LIII
316 2841 373 2887 de
397 2840 564 2887 Bembi
589 2841 729 2888 codd.
749 2839 983 2902 disputata
1004 2839 1125 2886 sunt.

162 2919 337 2983 Praeter
359 2934 448 2972 tres
472 2923 556 2972 hos
581 2923 722 2972 codd.
758 2922 885 2970 fuere
919 2923 1014 2971 duo
1042 2923 1137 2982 alii,
1171 2922 1287 2978 alter
1311 2921 1408 2968 Bu-

1256 3000 1409 3049 conca
