1821 3381
340 311 875 369 GEORGICON‚
949 310 1096 359 Llss.
1150 311 1243 360 111.

1341 327 1438 378 395

117 471 185 519 Et
206 471 344 519 viridi
367 472 416 518 in
442 488 614 537 campo
635 471 874 534 templum
898 470 956 517 de
975 485 1211 516 marmore
1233 485 1413 533 ponam

117 602 258 641 Lucan.
289 602 362 647 ΠΙ,
391 601 480 645 216,
514 612 549 639 et
579 602 746 652 praeclare

117 654 206 692 Stat.
225 654 263 690 V
281 654 371 691 Silv.
399 666 436 697 2,
468 656 550 702 133.
588 666 657 703 139
690 655 746 690 An

121 707 285 757 Sob'mmn
345 712 481 743 cinerem
535 703 746 755 palmetaque

112 768 217 806 capta
220 755 350 805 subibis
369 757 444 792 Non
460 754 531 807 fibi
543 755 662 805 felices
679 756 747 805 sil-

119 823 189 845 vas
203 814 351 857 ponentis
369 808 500 846 Idem-tes
511 810 532 844 ,P
551 806 669 843 Debet
685 820 746 843 au-

121 869 195 896 tem
209 858 313 907 hujus
329 858 445 895 versus
464 857 690 902 suavitatem,
706 867 746 894 ut

116 909 315 960 unicuique
371 908 519 946 obvium
566 909 628 953 est,
682 909 746 960 qui

116 969 310 1012 utrumque
326 965 473 1011 poetam
501 960 604 1010 legit,
633 964 748 997 noster

117 1012 291 1049 Lucretio
308 1011 370 1049 suo
383 1012 416 1055 I,
441 1013 526 1055 118,
557 1013 685 1049 Ennius
709 1024 748 1049 ιιι

116 1065 221 1113 noster
236 1067 360 1106 cecinit,
392 1071 450 1113 qui
457 1068 586 1112 primus
612 1079 747 1100 amoena

122 1115 257 1152 Detulit
269 1129 310 1151 ex
322 1114 532 1164 ffl'liconeper
540 1117 746 1163 e7mifr0nde

118 1181 279 1213 coronam,
307 1166 378 1201 Per
403 1177 516 1216 gemes
545 1164 657 1201 Italas
691 1165 747 1203 ho-

117 1224 241 1256 minum
258 1231 335 1267 φατε
352 1215 448 1253 clara
465 1217 594 1253 clueret.

173 1281 232 1316 13.
262 1268 353 1303 Haec
382 1276 418 1302 et
442 1279 521 1316 quae
538 1265 749 1315 sequuntur,

124 1328 162 1356 et
180 1318 304 1368 templi
313 1317 416 1367 hujus
426 1317 630 1358 aedificatio,
641 1329 749 1365 quam

121 1369 298 1406 rationem
310 1381 350 1404 ac
370 1368 654 1418 conjunctionem
666 1380 750 1403 cum

120 1421 259 1458 caeteris
275 1419 444 1464 habeant,
462 1418 656 1456 omiserunt
671 1431 748 1455 mo-

123 1485 207 1510 nere
233 1473 457 1521 Interpretes.
530 1469 676 1506 Scilicet
711 1469 750 1506 in

117 1536 163 1564 eo
182 1522 378 1560 substiterat
395 1526 517 1573 poeta,
538 1531 579 1557 ut
607 1521 748 1557 laudem

118 1574 314 1624 poeticam,
358 1587 465 1624 quam
507 1573 545 1610 in
595 1572 747 1622 patriam

118 1626 216 1673 suam
235 1626 347 1662 redux
377 1625 534 1668 referret,
562 1637 644 1660 cum
673 1623 748 1660 vic-

120 1676 217 1714 toria
234 1686 470 1727 compararet,
498 1689 603 1725 quam
622 1674 751 1724 aliquis

119 1728 215 1765 inter
233 1728 382 1765 Graecos
399 1741 442 1764 ex
468 1725 616 1764 sollemni
637 1736 751 1763 certa-

120 1780 219 1817 mine
232 1780 348 1817 νίἃοι·
364 1788 570 1828 reportaret.
610 1777 752 1814 Notum

122 1841 241 1868 autem
266 1830 328 1874 est,
362 1830 500 1866 nullum
533 1829 746 1866 sollemnium

120 1883 290 1920 ludorum
302 1881 341 1919 in
353 1881 495 1918 Graecia
505 1893 616 1930 genus
629 1880 745 1923 fuiffe,

120 1934 162 1971 in
179 1946 253 1983 quo
270 1947 345 1970 non
360 1946 404 1969 eo
422 1942 580 1983 tempore
608 1930 749 1981 ingenii

121 1985 332 2027 certamina,
356 1988 474 2031 ἀγῶνες
492 1982 641 2029 (semna),
673 1983 747 2018 Clo·

121 2035 291 2086 quentiae,
319 2035 477 2086 poetices
495 2033 673 2084 inprimis,
693 2034 748 2070 in-

121 2087 364 2125 stituerentur.
418 2086 477 2123 De
503 2085 686 2135 Olympiis
716 2094 752 2121 et

121 2138 260 2175 caeteris
277 2138 494 2175 sollemnibus
504 2150 602 2186 :eque
614 2146 751 2172 certum

122 2191 184 2234 est,
209 2202 252 2226 ac
279 2189 325 2227 de
353 2188 552 2237 Dionyfiis,
581 2187 752 2224 Panathe-

122 2241 207 2278 naeis
241 2250 311 2278 etc.
365 2239 532 2277 Victores
564 2249 682 2276 autem
708 2251 753 2275 ex

122 2291 331 2343 Olympicis
355 2304 396 2328 ac
413 2291 550 2328 eaeteris
567 2289 662 2327 ludis
680 2303 753 2326 non

125 2342 507 2392 modo‘triumphantes
519 2342 643 2378 urbem
655 2341 754 2378 suam

124 2395 294 2445 ingreffos
311 2394 391 2437 effe,
413 2406 534 2430 verum
548 2393 657 2429 etiam
677 2393 753 2429 vic-

125 2446 227 2483 toriae
252 2444 399 2495 praemia
427 2444 499 2481 diis
525 2444 751 2486 consecrasse,

124 2497 307 2534 interdum
333 2495 442 2534 etiam
479 2496 546 2533 five
578 2495 750 2545 ternplum

122 2547 195 2586 sive
231 2561 329 2585 aram
364 2547 509 2583 aliudve
541 2559 751 2582 monumen-

124 2608 203 2635 tum
221 2599 258 2635 in
272 2597 432 2635 vietoriae
445 2597 652 2635 memoriam
665 2610 752 2633 con-

123 2649 266 2694 didisse,
303 2648 422 2686 multis
454 2662 499 2686 ex
542 2648 754 2698 antiquitate

126 2701 299 2751 exemplis
329 2713 370 2737 ac
396 2700 514 2738 titulis
549 2700 665 2737 adhuc
699 2699 754 2736 su-

173 2752 327 2789 rstitibus
393 2751 567 2790 declarari
630 2751 756 2801 potest.

123 2764 255 2857 ·Ιῧρυᾳι
265 2804 548 2845 commemorasse
564 2815 661 2842 nunc
678 2801 758 2854 qui-

810 602 892 640 dem
937 600 1017 639 satis
1052 602 1108 645 fit,
1153 601 1250 653 quod
1283 601 1440 639 Athenis

810 652 975 704 superest,
1005 664 1275 689 monumentum
1309 653 1438 690 chora-

809 704 933 753 gicum
969 705 1079 754 vulgo
1116 703 1336 753 Demqsthenis
1363 706 1438 742 La-

809 767 906 793 terna
933 754 1086 799 dietum,
1120 756 1219 804 quod
1242 755 1317 804 post
1348 756 1440 806 Spo-

809 806 909 843 nium
938 809 987 843 Le
1022 807 1087 855 Ray
1114 818 1148 843 et
1176 807 1296 843 Stmzrt
1325 820 1357 844 c.
1379 806 1441 844 IV

809 858 991 895 exhibent.
1046 858 1138 908 Qae
1159 857 1308 906 quidem
1325 870 1345 893 a
1374 871 1440 895 no-

810 907 864 945 bis
899 908 996 946 dicia
1027 909 1052 946 fi
1083 908 1301 951 memineris,
1344 909 1440 947 nihil

809 960 954 1009 quidem
974 960 1166 997 abhorrens
1196 968 1256 996 aut
1285 960 1441 999 insolens

810 1011 847 1048 in
861 1021 938 1048 toto
954 1016 1070 1061 poetae
1084 1011 1243 1048 carmine
1260 1021 1442 1052 occurret.

810 1063 945 1099 Laudis
962 1076 1003 1099 ac
1028 1061 1270 1100 vietoriaesuae
1287 1063 1442 1112 poeticae

813 1114 1440 1164 monumentumexsti-nettemplum,

810 1165 850 1201 in
871 1177 942 1214 quo
972 1165 1119 1214 praemia
1148 1173 1326 1214 reportata
1352 1176 1444 1203 tam-

812 1228 920 1264 quam
941 1216 1091 1253 donaria
1118 1215 1321 1260 consecret3
1350 1226 1443 1254 tern-

812 1267 910 1315 plum
929 1276 1048 1303 autem
1077 1265 1263 1315 ingeniose
1290 1267 1371 1304 satis
1390 1268 1443 1305 ita

814 1327 932 1360 ornat,
967 1328 1006 1354 ut
1037 1318 1199 1366 Augusto
1230 1330 1302 1354 non
1330 1320 1444 1356 modo

814 1367 1034 1412 dedicatum,
1062 1368 1121 1412 sed
1148 1377 1184 1404 et
1201 1368 1368 1406 omnibus
1395 1371 1443 1408 iis

811 1418 1019 1455 instrustum
1035 1429 1071 1456 et
1090 1420 1275 1456 excultum
1295 1421 1360 1458 esse
1381 1423 1444 1472 ju-

811 1469 907 1512 beat,
943 1483 1022 1520 quae
1052 1471 1098 1506 ad
1134 1470 1288 1520 Augusti
1319 1473 1444 1511 laudes

812 1521 1058 1571 praedicandas
1074 1521 1171 1558 viam
1193 1535 1315 1571 parare
1340 1535 1442 1574 pote-

812 1582 902 1610 rant.
956 1572 1053 1610 Cum
1079 1584 1198 1609 autem
1228 1573 1322 1611 inter
1347 1576 1445 1614 divi.

811 1637 877 1660 nos
920 1624 1072 1661 honores
1121 1624 1230 1661 etiam
1270 1626 1441 1666 ludorum

812 1675 985 1712 sollennia
1000 1675 1079 1719 fint,
1096 1675 1205 1713 etiarn
1218 1677 1291 1713 haec
1308 1677 1346 1714 in
1362 1680 1443 1716 Au-

814 1726 907 1777 gusti
925 1727 1097 1764 honorem
1114 1727 1148 1763 se
1168 1727 1349 1766 editurum
1375 1732 1444 1768 effe

816 1778 1011 1827 promittit.
1067 1778 1106 1814 Si
1120 1788 1237 1816 autem
1252 1779 1388 1830 ingenii
1404 1782 1444 1820 in

809 1834 918 1880 poeta
951 1829 1093 1879 copiam
1137 1840 1173 1866 et
1222 1830 1447 1871 incrementa

811 1880 1026 1930 cognoscere
1037 1881 1231 1931 volupeest,
1240 1883 1338 1919 conf.
1349 1894 1444 1922 extr.

815 1943 953 1981 partem
970 1931 1115 1969 AEneid.
1151 1932 1258 1976 VIII,
1284 1944 1320 1970 et
1345 1947 1444 1980 eum,

814 1982 878 2030 qui
897 1983 1017 2019 locum
1049 1994 1129 2019 ante
1156 1984 1278 2021 oculos
1300 1985 1444 2032 habuit,

815 2032 968 2070 Statium
997 2033 1116 2072 Theb.
1144 2033 1197 2076 H,
1226 2038 1444 2087 728—740.

818 2084 998 2121 Caeterum
1018 2085 1128 2121 multa
1146 2087 1192 2122 ad
1215 2086 1252 2123 h.
1280 2086 1306 2124 l.
1324 2088 1447 2139 dispu-

817 2145 951 2172 tantem
986 2135 1070 2173 vide
1103 2137 1360 2186 sagaciffimum
1401 2153 1446 2178 ac

819 2187 1056 2224 doffiffimum
1086 2187 1219 2225 Virum
1256 2189 1445 2229 Hurdium

821 2243 931 2286 (nunc
964 2238 1057 2278 Ven.
1086 2239 1309 2277 Worcestriae
1342 2242 1448 2294 Epis-

817 2293 963 2339 copum)
996 2291 1042 2326 ad
1078 2290 1209 2329 Horat.
1254 2291 1368 2343 Epist.
1398 2294 1447 2332 ad

817 2342 918 2391 Aug.
932 2341 1021 2379 Vol.
1038 2341 1092 2386 II,
1111 2356 1197 2393 pag.
1209 2356 1273 2392 43.

875 2405 931 2440 13.
969 2393 1142 2431 Vietoriae
1172 2405 1447 2436 monumentum

816 2444 990 2481 exstruam
1008 2445 1195 2494 templum,
1224 2446 1373 2485 Caesaris
1400 2449 1449 2486 ti-

815 2495 891 2531 tulo
909 2497 1120 2533 ornandum.
1142 2508 1261 2546 ponere
1277 2499 1447 2548 templum,

816 2545 956 2591 τιθέναι,
986 2547 1069 2583 satis
1099 2558 1238 2586 notum.
1293 2551 1448 2599 Propter,

815 2610 926 2648 prope
946 2598 1146 2643 Mincium,
1165 2599 1210 2636 de
1225 2600 1326 2649 cujus
1342 2600 1449 2638 inun-

817 2648 937 2686 dantis
954 2649 1074 2686 vicina
1088 2650 1187 2699 aquis
1205 2650 1447 2701 stagnantibus

818 2699 925 2749 supra
940 2701 1098 2738 vidimus
1116 2701 1160 2737 ad
1178 2701 1307 2753 Eclog.
1327 2703 1361 2747 1,
1383 2716 1448 2753 52·

820 2749 914 2796 VII,
939 2765 996 2790 12.
1018 2765 1075 2799 13.
1129 2751 1269 2804 Georg.
1285 2753 1340 2800 II,
1362 2758 1448 2804 198.

820 2801 892 2847 inf.
909 2802 994 2846 AEn.
1013 2803 1068 2853 X,
1088 2804 1176 2844 206.

1243 2854 1304 2897 16.
1323 2855 1454 2902 Statua.
