<?xml version="1.0" encoding="UTF-8"?>
<!DOCTYPE html PUBLIC "-//W3C//DTD XHTML 1.0 Transitional//EN"
    "http://www.w3.org/TR/xhtml1/DTD/xhtml1-transitional.dtd">
<html xmlns="http://www.w3.org/1999/xhtml" xml:lang="en" lang="en">
 <head>
  <title>
</title>
<meta http-equiv="Content-Type" content="text/html;charset=utf-8" />
  <meta name='ocr-system' content='tesseract 3.04.00' />
  <meta name='ocr-capabilities' content='ocr_page ocr_carea ocr_par ocr_line ocrx_word'/>
</head>
<body>
  <div class='ocr_page' id='page_1' title='image "./operavarietatele01virguoft/operavarietatele01virguoft_0039.png"; bbox 0 0 1987 3361; ppageno 0'>
   <div class='ocr_carea' id='block_1_1' title="bbox 431 248 1470 312">
    <p class='ocr_par' dir='ltr' id='par_1_1' title="bbox 431 248 1470 312">
     <span class='ocr_line' id='line_1_1' title="bbox 431 248 1470 312; baseline 0.005 -4"><span class='ocrx_word' id='word_1_1' title='bbox 431 248 690 308; x_wconf 84' lang='lat' dir='ltr'>NOVAE</span> <span class='ocrx_word' id='word_1_2' title='bbox 736 254 1198 309; x_wconf 84' lang='lat' dir='ltr'>EDITIONIS.</span> <span class='ocrx_word' id='word_1_3' title='bbox 1351 279 1470 312; x_wconf 73' lang='lat' dir='ltr'>xxv</span> 
     </span>
    </p>
   </div>
   <div class='ocr_carea' id='block_1_2' title="bbox 146 394 1482 2840">
    <p class='ocr_par' dir='ltr' id='par_1_2' title="bbox 146 394 1482 2840">
     <span class='ocr_line' id='line_1_2' title="bbox 156 394 1472 469; baseline 0 -18"><span class='ocrx_word' id='word_1_4' title='bbox 156 412 274 455; x_wconf 86' lang='lat' dir='ltr'>tum</span> <span class='ocrx_word' id='word_1_5' title='bbox 307 396 402 461; x_wconf 69' lang='lat' dir='ltr'>efl&#39;e</span> <span class='ocrx_word' id='word_1_6' title='bbox 423 409 581 469; x_wconf 83' lang='lat' dir='ltr'>patet,</span> <span class='ocrx_word' id='word_1_7' title='bbox 609 415 717 467; x_wconf 90' lang='lat' dir='ltr'>quo</span> <span class='ocrx_word' id='word_1_8' title='bbox 743 394 1031 468; x_wconf 86' lang='lat' dir='ltr'>fidejussore</span> <span class='ocrx_word' id='word_1_9' title='bbox 1051 398 1348 461; x_wconf 79' lang='lat' dir='ltr'>contendes,</span> <span class='ocrx_word' id='word_1_10' title='bbox 1370 399 1472 452; x_wconf 91' lang='lat' dir='ltr'>hoc</span> 
     </span>
     <span class='ocr_line' id='line_1_3' title="bbox 156 486 1470 542; baseline 0 0"><span class='ocrx_word' id='word_1_11' title='bbox 156 489 299 542; x_wconf 86' lang='lat' dir='ltr'>idern</span> <span class='ocrx_word' id='word_1_12' title='bbox 325 508 427 540; x_wconf 91' lang='lat' dir='ltr'>non</span> <span class='ocrx_word' id='word_1_13' title='bbox 455 488 638 539; x_wconf 89' lang='lat' dir='ltr'>eodem</span> <span class='ocrx_word' id='word_1_14' title='bbox 665 506 778 538; x_wconf 88' lang='lat' dir='ltr'>aevo</span> <span class='ocrx_word' id='word_1_15' title='bbox 805 486 1008 539; x_wconf 59' lang='lat' dir='ltr'>fastum</span> <span class='ocrx_word' id='word_1_16' title='bbox 1033 488 1129 540; x_wconf 84' lang='lat' dir='ltr'>effe</span> <span class='ocrx_word' id='word_1_17' title='bbox 1150 490 1202 540; x_wconf 89' lang='lat' dir='ltr'>in</span> <span class='ocrx_word' id='word_1_18' title='bbox 1231 490 1426 541; x_wconf 81' lang='lat' dir='ltr'>caeteris</span> <span class='ocrx_word' id='word_1_19' title='bbox 1451 495 1470 542; x_wconf 85' lang='lat'>?</span> 
     </span>
     <span class='ocr_line' id='line_1_4' title="bbox 165 579 1473 651; baseline -0.001 -19"><span class='ocrx_word' id='word_1_20' title='bbox 165 580 359 650; x_wconf 78' lang='lat' dir='ltr'><em>Volgus,</em></span> <span class='ocrx_word' id='word_1_21' title='bbox 401 579 583 638; x_wconf 79' lang='lat' dir='ltr'>voltus,</span> <span class='ocrx_word' id='word_1_22' title='bbox 617 580 870 637; x_wconf 73' lang='lat' dir='ltr'>Volcanus,</span> <span class='ocrx_word' id='word_1_23' title='bbox 908 579 1105 640; x_wconf 74' lang='lat' dir='ltr'>volnus,</span> <span class='ocrx_word' id='word_1_24' title='bbox 1148 581 1334 649; x_wconf 60' lang='lat' dir='ltr'>volsus,</span> <span class='ocrx_word' id='word_1_25' title='bbox 1378 598 1473 651; x_wconf 89' lang='lat' dir='ltr'>pro</span> 
     </span>
     <span class='ocr_line' id='line_1_5' title="bbox 158 667 1477 742; baseline -0.001 -19"><span class='ocrx_word' id='word_1_26' title='bbox 158 670 446 742; x_wconf 82' lang='lat' dir='ltr'>antiquiore</span> <span class='ocrx_word' id='word_1_27' title='bbox 472 668 719 740; x_wconf 87' lang='lat' dir='ltr'>scriptura</span> <span class='ocrx_word' id='word_1_28' title='bbox 742 667 919 720; x_wconf 88' lang='lat' dir='ltr'>haberi</span> <span class='ocrx_word' id='word_1_29' title='bbox 949 668 1075 721; x_wconf 89' lang='lat' dir='ltr'>solet</span> <span class='ocrx_word' id='word_1_30' title='bbox 1097 696 1113 731; x_wconf 70' lang='grc' dir='ltr'><strong><em>ς</em></strong></span> <span class='ocrx_word' id='word_1_31' title='bbox 1156 670 1283 742; x_wconf 86' lang='lat' dir='ltr'>quid</span> <span class='ocrx_word' id='word_1_32' title='bbox 1312 670 1346 722; x_wconf 90' lang='lat' dir='ltr'><strong>fi</strong></span> <span class='ocrx_word' id='word_1_33' title='bbox 1386 672 1477 723; x_wconf 84' lang='lat' dir='ltr'>illa</span> 
     </span>
     <span class='ocr_line' id='line_1_6' title="bbox 159 759 1476 835; baseline -0.001 -20"><span class='ocrx_word' id='word_1_34' title='bbox 159 762 582 835; x_wconf 77' lang='lat' dir='ltr'>pronuntiationi,</span> <span class='ocrx_word' id='word_1_35' title='bbox 621 760 807 812; x_wconf 84' lang='lat' dir='ltr'>mediae</span> <span class='ocrx_word' id='word_1_36' title='bbox 835 761 969 812; x_wconf 89' lang='lat' dir='ltr'>inter</span> <span class='ocrx_word' id='word_1_37' title='bbox 1005 759 1202 813; x_wconf 85' lang='lat' dir='ltr'>fuscam</span> <span class='ocrx_word' id='word_1_38' title='bbox 1241 774 1290 813; x_wconf 92' lang='lat' dir='ltr'>et</span> <span class='ocrx_word' id='word_1_39' title='bbox 1316 762 1476 834; x_wconf 83' lang='lat' dir='ltr'>liqui-</span> 
     </span>
     <span class='ocr_line' id='line_1_7' title="bbox 160 849 1473 923; baseline -0.003 -16"><span class='ocrx_word' id='word_1_40' title='bbox 160 854 362 907; x_wconf 87' lang='lat' dir='ltr'>diorem</span> <span class='ocrx_word' id='word_1_41' title='bbox 409 850 652 923; x_wconf 86' lang='lat' dir='ltr'>sequente</span> <span class='ocrx_word' id='word_1_42' title='bbox 690 851 859 901; x_wconf 88' lang='lat' dir='ltr'>littera</span> <span class='ocrx_word' id='word_1_43' title='bbox 907 849 1110 921; x_wconf 85' lang='lat' dir='ltr'>liquida</span> <span class='ocrx_word' id='word_1_44' title='bbox 1157 852 1194 912; x_wconf 89' lang='lat' dir='ltr'>l,</span> <span class='ocrx_word' id='word_1_45' title='bbox 1237 850 1473 913; x_wconf 89' lang='lat' dir='ltr'>debetur,</span> 
     </span>
     <span class='ocr_line' id='line_1_8' title="bbox 159 940 1478 1015; baseline -0.002 -19"><span class='ocrx_word' id='word_1_46' title='bbox 159 962 322 1015; x_wconf 87' lang='lat' dir='ltr'>quam</span> <span class='ocrx_word' id='word_1_47' title='bbox 344 962 410 995; x_wconf 86' lang='lat' dir='ltr'>ex</span> <span class='ocrx_word' id='word_1_48' title='bbox 442 942 645 1013; x_wconf 84' lang='lat' dir='ltr'>vulgari</span> <span class='ocrx_word' id='word_1_49' title='bbox 686 940 781 996; x_wconf 87' lang='lat' dir='ltr'>usu</span> <span class='ocrx_word' id='word_1_50' title='bbox 817 942 1058 1014; x_wconf 85' lang='lat' dir='ltr'>nonnulli</span> <span class='ocrx_word' id='word_1_51' title='bbox 1092 942 1147 993; x_wconf 91' lang='lat' dir='ltr'>in</span> <span class='ocrx_word' id='word_1_52' title='bbox 1173 940 1478 1013; x_wconf 85' lang='lat' dir='ltr'>scripturam</span> 
     </span>
     <span class='ocr_line' id='line_1_9' title="bbox 161 1032 1475 1104; baseline -0.002 -17"><span class='ocrx_word' id='word_1_53' title='bbox 161 1036 298 1089; x_wconf 88' lang='lat' dir='ltr'>male</span> <span class='ocrx_word' id='word_1_54' title='bbox 334 1034 676 1087; x_wconf 84' lang='lat' dir='ltr'>traduxerunt</span> <span class='ocrx_word' id='word_1_55' title='bbox 698 1057 714 1092; x_wconf 73' lang='grc' dir='ltr'><strong><em>ς</em></strong></span> <span class='ocrx_word' id='word_1_56' title='bbox 757 1044 811 1084; x_wconf 90' lang='lat' dir='ltr'>ut</span> <span class='ocrx_word' id='word_1_57' title='bbox 854 1032 942 1083; x_wconf 83' lang='lat' dir='ltr'>alii</span> <span class='ocrx_word' id='word_1_58' title='bbox 986 1033 1041 1084; x_wconf 87' lang='lat' dir='ltr'>in</span> <span class='ocrx_word' id='word_1_59' title='bbox 1086 1033 1326 1104; x_wconf 68' lang='lat' dir='ltr'>linquont,</span> <span class='ocrx_word' id='word_1_60' title='bbox 1366 1033 1475 1085; x_wconf 83' lang='lat' dir='ltr'>vol-</span> 
     </span>
     <span class='ocr_line' id='line_1_10' title="bbox 160 1125 1480 1197; baseline -0.003 -16"><span class='ocrx_word' id='word_1_61' title='bbox 160 1143 366 1181; x_wconf 67' lang='lat' dir='ltr'>ventur.</span> <span class='ocrx_word' id='word_1_62' title='bbox 448 1128 529 1179; x_wconf 83' lang='lat' dir='ltr'>Sic</span> <span class='ocrx_word' id='word_1_63' title='bbox 551 1125 683 1197; x_wconf 87' lang='lat' dir='ltr'>frag.</span> <span class='ocrx_word' id='word_1_64' title='bbox 710 1126 832 1179; x_wconf 87' lang='lat' dir='ltr'>Vat.</span> <span class='ocrx_word' id='word_1_65' title='bbox 858 1126 1085 1196; x_wconf 71' lang='lat' dir='ltr'>pollulat.</span> <span class='ocrx_word' id='word_1_66' title='bbox 1163 1125 1333 1177; x_wconf 89' lang='lat' dir='ltr'>Simili</span> <span class='ocrx_word' id='word_1_67' title='bbox 1359 1144 1480 1177; x_wconf 87' lang='lat' dir='ltr'>mo-</span> 
     </span>
     <span class='ocr_line' id='line_1_11' title="bbox 160 1216 1476 1291; baseline -0.002 -18"><span class='ocrx_word' id='word_1_68' title='bbox 160 1218 231 1273; x_wconf 86' lang='lat' dir='ltr'>do</span> <span class='ocrx_word' id='word_1_69' title='bbox 256 1219 500 1291; x_wconf 55' lang='lat' dir='ltr'>sequente²</span> <span class='ocrx_word' id='word_1_70' title='bbox 524 1218 695 1272; x_wconf 84' lang='lat' dir='ltr'>littera</span> <span class='ocrx_word' id='word_1_71' title='bbox 736 1237 782 1270; x_wconf 88' lang='lat' dir='ltr'>m</span> <span class='ocrx_word' id='word_1_72' title='bbox 821 1229 871 1268; x_wconf 85' lang='lat' dir='ltr'>et</span> <span class='ocrx_word' id='word_1_73' title='bbox 909 1237 938 1269; x_wconf 88' lang='lat' dir='ltr'>r</span> <span class='ocrx_word' id='word_1_74' title='bbox 962 1216 1114 1269; x_wconf 88' lang='lat' dir='ltr'>sonus</span> <span class='ocrx_word' id='word_1_75' title='bbox 1145 1230 1201 1272; x_wconf 73' lang='grc' dir='ltr'><em>τὲ</em></span> <span class='ocrx_word' id='word_1_76' title='bbox 1225 1237 1258 1269; x_wconf 76' lang='lat' dir='ltr'><em>u</em></span> <span class='ocrx_word' id='word_1_77' title='bbox 1283 1216 1476 1270; x_wconf 86' lang='lat' dir='ltr'>abierat</span> 
     </span>
     <span class='ocr_line' id='line_1_12' title="bbox 161 1307 1478 1380; baseline -0.002 -16"><span class='ocrx_word' id='word_1_78' title='bbox 161 1311 218 1365; x_wconf 91' lang='lat' dir='ltr'>in</span> <span class='ocrx_word' id='word_1_79' title='bbox 243 1330 286 1371; x_wconf 92' lang='lat'>0,</span> <span class='ocrx_word' id='word_1_80' title='bbox 326 1311 381 1362; x_wconf 91' lang='lat' dir='ltr'>in</span> <span class='ocrx_word' id='word_1_81' title='bbox 424 1310 601 1369; x_wconf 77' lang='lat' dir='ltr'>divom,</span> <span class='ocrx_word' id='word_1_82' title='bbox 641 1309 908 1380; x_wconf 79' lang='lat' dir='ltr'>Argivom.</span> <span class='ocrx_word' id='word_1_83' title='bbox 989 1310 1093 1360; x_wconf 89' lang='lat' dir='ltr'>Fac</span> <span class='ocrx_word' id='word_1_84' title='bbox 1136 1307 1237 1361; x_wconf 88' lang='lat' dir='ltr'>hoc</span> <span class='ocrx_word' id='word_1_85' title='bbox 1271 1321 1478 1362; x_wconf 87' lang='lat' dir='ltr'>tantum</span> 
     </span>
     <span class='ocr_line' id='line_1_13' title="bbox 160 1398 1478 1472; baseline -0.001 -18"><span class='ocrx_word' id='word_1_86' title='bbox 160 1401 219 1454; x_wconf 84' lang='lat' dir='ltr'>in</span> <span class='ocrx_word' id='word_1_87' title='bbox 262 1398 485 1452; x_wconf 88' lang='lat' dir='ltr'>secundo</span> <span class='ocrx_word' id='word_1_88' title='bbox 529 1398 647 1452; x_wconf 91' lang='lat' dir='ltr'>casu</span> <span class='ocrx_word' id='word_1_89' title='bbox 689 1401 902 1472; x_wconf 84' lang='lat' dir='ltr'>pluralis</span> <span class='ocrx_word' id='word_1_90' title='bbox 937 1401 1144 1453; x_wconf 89' lang='lat' dir='ltr'>numeri</span> <span class='ocrx_word' id='word_1_91' title='bbox 1173 1402 1349 1453; x_wconf 88' lang='lat' dir='ltr'>locum</span> <span class='ocrx_word' id='word_1_92' title='bbox 1382 1401 1478 1453; x_wconf 86' lang='lat' dir='ltr'>ha·-</span> 
     </span>
     <span class='ocr_line' id='line_1_14' title="bbox 161 1490 1479 1563; baseline 0.001 -19"><span class='ocrx_word' id='word_1_93' title='bbox 161 1492 304 1554; x_wconf 89' lang='lat' dir='ltr'>bere,</span> <span class='ocrx_word' id='word_1_94' title='bbox 368 1490 601 1562; x_wconf 80' lang='lat' dir='ltr'>adeoque</span> <span class='ocrx_word' id='word_1_95' title='bbox 674 1509 782 1544; x_wconf 87' lang='lat' dir='ltr'>non</span> <span class='ocrx_word' id='word_1_96' title='bbox 853 1492 1046 1563; x_wconf 87' lang='lat' dir='ltr'>pariter</span> <span class='ocrx_word' id='word_1_97' title='bbox 1091 1512 1266 1553; x_wconf 74' lang='lat' dir='ltr'>aevwn,</span> <span class='ocrx_word' id='word_1_98' title='bbox 1306 1492 1479 1545; x_wconf 77' lang='lat' dir='ltr'>laevom</span> 
     </span>
     <span class='ocr_line' id='line_1_15' title="bbox 163 1581 1479 1655; baseline 0.001 -20"><span class='ocrx_word' id='word_1_99' title='bbox 163 1581 414 1654; x_wconf 85' lang='lat' dir='ltr'>scripturn</span> <span class='ocrx_word' id='word_1_100' title='bbox 459 1582 587 1634; x_wconf 87' lang='lat' dir='ltr'>effe:</span> <span class='ocrx_word' id='word_1_101' title='bbox 630 1582 719 1635; x_wconf 90' lang='lat' dir='ltr'>etfi</span> <span class='ocrx_word' id='word_1_102' title='bbox 768 1603 904 1655; x_wconf 77' lang='lat' dir='ltr'>quom</span> <span class='ocrx_word' id='word_1_103' title='bbox 951 1585 1387 1654; x_wconf 87' lang='lat' dir='ltr'>pronuntiarunt;</span> <span class='ocrx_word' id='word_1_104' title='bbox 1426 1596 1479 1636; x_wconf 86' lang='lat' dir='ltr'>at</span> 
     </span>
     <span class='ocr_line' id='line_1_16' title="bbox 164 1674 1476 1746; baseline -0.001 -19"><span class='ocrx_word' id='word_1_105' title='bbox 164 1694 258 1727; x_wconf 87' lang='lat' dir='ltr'>cur</span> <span class='ocrx_word' id='word_1_106' title='bbox 281 1693 387 1726; x_wconf 90' lang='lat' dir='ltr'>non</span> <span class='ocrx_word' id='word_1_107' title='bbox 412 1693 562 1745; x_wconf 82' lang='lat' dir='ltr'>aeque</span> <span class='ocrx_word' id='word_1_108' title='bbox 586 1694 748 1746; x_wconf 74' lang='lat' dir='ltr'>equom</span> <span class='ocrx_word' id='word_1_109' title='bbox 771 1694 867 1746; x_wconf 86' lang='lat' dir='ltr'>pro</span> <span class='ocrx_word' id='word_1_110' title='bbox 892 1693 1149 1744; x_wconf 86' lang='lat' dir='ltr'>equorum</span> <span class='ocrx_word' id='word_1_111' title='bbox 1181 1674 1303 1726; x_wconf 85' lang='lat' dir='ltr'>AEn.</span> <span class='ocrx_word' id='word_1_112' title='bbox 1345 1675 1476 1737; x_wconf 89' lang='lat' dir='ltr'><strong>VII,</strong></span> 
     </span>
     <span class='ocr_line' id='line_1_17' title="bbox 163 1763 1480 1836; baseline -0.002 -18"><span class='ocrx_word' id='word_1_113' title='bbox 163 1766 266 1836; x_wconf 82' lang='lat'>691</span> <span class='ocrx_word' id='word_1_114' title='bbox 295 1769 315 1818; x_wconf 83' lang='lat'>?</span> <span class='ocrx_word' id='word_1_115' title='bbox 363 1767 528 1826; x_wconf 59' lang='lat' dir='ltr'>Veram,</span> <span class='ocrx_word' id='word_1_116' title='bbox 559 1768 756 1826; x_wconf 78' lang='lat' dir='ltr'>Vorlex‚</span> <span class='ocrx_word' id='word_1_117' title='bbox 785 1764 971 1816; x_wconf 86' lang='lat' dir='ltr'>eodem</span> <span class='ocrx_word' id='word_1_118' title='bbox 994 1763 1151 1816; x_wconf 85' lang='lat' dir='ltr'>modo</span> <span class='ocrx_word' id='word_1_119' title='bbox 1172 1764 1480 1836; x_wconf 88' lang='lat' dir='ltr'>pronuntia-</span> 
     </span>
     <span class='ocr_line' id='line_1_18' title="bbox 162 1854 1480 1917; baseline 0 -11"><span class='ocrx_word' id='word_1_120' title='bbox 162 1867 298 1906; x_wconf 81' lang='lat' dir='ltr'>tum.</span> <span class='ocrx_word' id='word_1_121' title='bbox 340 1854 414 1911; x_wconf 86' lang='lat' dir='ltr'>At</span> <span class='ocrx_word' id='word_1_122' title='bbox 442 1855 643 1908; x_wconf 87' lang='lat' dir='ltr'>Medic.</span> <span class='ocrx_word' id='word_1_123' title='bbox 673 1869 868 1917; x_wconf 71' lang='lat' dir='ltr'>vertex,</span> <span class='ocrx_word' id='word_1_124' title='bbox 909 1855 1148 1915; x_wconf 73' lang='lat' dir='ltr'>vertitur.</span> <span class='ocrx_word' id='word_1_125' title='bbox 1215 1854 1268 1906; x_wconf 77' lang='lat' dir='ltr'>Si</span> <span class='ocrx_word' id='word_1_126' title='bbox 1305 1873 1480 1906; x_wconf 75' lang='lat' dir='ltr'>maxu-</span> 
     </span>
     <span class='ocr_line' id='line_1_19' title="bbox 165 1944 1476 2017; baseline -0.001 -19"><span class='ocrx_word' id='word_1_127' title='bbox 165 1967 291 2008; x_wconf 85' lang='lat' dir='ltr'>mus,</span> <span class='ocrx_word' id='word_1_128' title='bbox 320 1959 578 2017; x_wconf 76' lang='lat' dir='ltr'>opz‘mnus:</span> <span class='ocrx_word' id='word_1_129' title='bbox 616 1947 833 2002; x_wconf 76' lang='lat' dir='ltr'><strong>debebat</strong></span> <span class='ocrx_word' id='word_1_130' title='bbox 867 1947 1023 1998; x_wconf 85' lang='lat' dir='ltr'>etiam</span> <span class='ocrx_word' id='word_1_131' title='bbox 1059 1944 1157 2003; x_wconf 82' lang='lat' dir='ltr'>esse</span> <span class='ocrx_word' id='word_1_132' title='bbox 1177 1945 1439 2016; x_wconf 70' lang='lat' dir='ltr'>plurumas</span> <span class='ocrx_word' id='word_1_133' title='bbox 1457 1970 1476 2007; x_wconf 83' lang='lat'>3</span> 
     </span>
     <span class='ocr_line' id='line_1_20' title="bbox 165 2035 1481 2109; baseline 0.001 -20"><span class='ocrx_word' id='word_1_134' title='bbox 165 2035 204 2096; x_wconf 91' lang='lat' dir='ltr'>fi</span> <span class='ocrx_word' id='word_1_135' title='bbox 245 2038 475 2098; x_wconf 70' lang='lat' dir='ltr'>inmanis,</span> <span class='ocrx_word' id='word_1_136' title='bbox 528 2052 780 2109; x_wconf 71' lang='lat' dir='ltr'>conpages,</span> <span class='ocrx_word' id='word_1_137' title='bbox 836 2039 1082 2089; x_wconf 76' lang='lat' dir='ltr'>inmunis:</span> <span class='ocrx_word' id='word_1_138' title='bbox 1145 2056 1237 2093; x_wconf 76' lang='lat' dir='ltr'>cur</span> <span class='ocrx_word' id='word_1_139' title='bbox 1282 2056 1389 2094; x_wconf 86' lang='lat' dir='ltr'>non</span> <span class='ocrx_word' id='word_1_140' title='bbox 1428 2050 1481 2090; x_wconf 85' lang='lat' dir='ltr'>et</span> 
     </span>
     <span class='ocr_line' id='line_1_21' title="bbox 165 2127 1481 2199; baseline 0.002 -19"><span class='ocrx_word' id='word_1_141' title='bbox 165 2128 412 2180; x_wconf 80' lang='lat' dir='ltr'>conmzmis</span> <span class='ocrx_word' id='word_1_142' title='bbox 437 2129 471 2181; x_wconf 64' lang='lat'>.?</span> <span class='ocrx_word' id='word_1_143' title='bbox 509 2129 805 2181; x_wconf 66' lang='lat' dir='ltr'>commodus?</span> <span class='ocrx_word' id='word_1_144' title='bbox 844 2127 880 2187; x_wconf 89' lang='lat' dir='ltr'><strong>fi</strong></span> <span class='ocrx_word' id='word_1_145' title='bbox 910 2129 1155 2199; x_wconf 74' lang='lat' dir='ltr'>ficbplet:</span> <span class='ocrx_word' id='word_1_146' title='bbox 1221 2146 1312 2180; x_wconf 88' lang='lat' dir='ltr'>cur</span> <span class='ocrx_word' id='word_1_147' title='bbox 1372 2148 1481 2183; x_wconf 89' lang='lat' dir='ltr'>non</span> 
     </span>
     <span class='ocr_line' id='line_1_22' title="bbox 146 2217 1480 2290; baseline 0.002 -21"><span class='ocrx_word' id='word_1_148' title='bbox 146 2218 420 2290; x_wconf 66' lang='lat' dir='ltr'>subplex?</span> <span class='ocrx_word' id='word_1_149' title='bbox 478 2219 605 2270; x_wconf 88' lang='lat' dir='ltr'>Sunt</span> <span class='ocrx_word' id='word_1_150' title='bbox 641 2219 761 2280; x_wconf 89' lang='lat' dir='ltr'>alia,</span> <span class='ocrx_word' id='word_1_151' title='bbox 801 2218 856 2271; x_wconf 91' lang='lat' dir='ltr'>in</span> <span class='ocrx_word' id='word_1_152' title='bbox 906 2219 1096 2289; x_wconf 84' lang='lat' dir='ltr'>quibus</span> <span class='ocrx_word' id='word_1_153' title='bbox 1146 2217 1480 2272; x_wconf 86' lang='lat' dir='ltr'>manifestum</span> 
     </span>
     <span class='ocr_line' id='line_1_23' title="bbox 167 2306 1482 2382; baseline 0.005 -24"><span class='ocrx_word' id='word_1_154' title='bbox 167 2306 302 2359; x_wconf 85' lang='lat' dir='ltr'>mihi</span> <span class='ocrx_word' id='word_1_155' title='bbox 327 2307 403 2366; x_wconf 87' lang='lat' dir='ltr'>fit,</span> <span class='ocrx_word' id='word_1_156' title='bbox 442 2307 747 2374; x_wconf 82' lang='lat' dir='ltr'>deteriorem</span> <span class='ocrx_word' id='word_1_157' title='bbox 787 2310 1038 2371; x_wconf 82' lang='lat' dir='ltr'>rationem</span> <span class='ocrx_word' id='word_1_158' title='bbox 1065 2329 1159 2380; x_wconf 86' lang='lat' dir='ltr'>pro</span> <span class='ocrx_word' id='word_1_159' title='bbox 1188 2311 1482 2382; x_wconf 84' lang='lat' dir='ltr'>antiquiore</span> 
     </span>
     <span class='ocr_line' id='line_1_24' title="bbox 168 2397 1481 2470; baseline 0.001 -16"><span class='ocrx_word' id='word_1_160' title='bbox 168 2399 327 2470; x_wconf 86' lang='lat' dir='ltr'>vulgo</span> <span class='ocrx_word' id='word_1_161' title='bbox 364 2397 560 2467; x_wconf 86' lang='lat' dir='ltr'>haberi.</span> <span class='ocrx_word' id='word_1_162' title='bbox 641 2401 851 2453; x_wconf 88' lang='lat' dir='ltr'>Veteres</span> <span class='ocrx_word' id='word_1_163' title='bbox 905 2401 1135 2452; x_wconf 87' lang='lat' dir='ltr'>Romani</span> <span class='ocrx_word' id='word_1_164' title='bbox 1187 2413 1237 2456; x_wconf 72' lang='grc' dir='ltr'>τό</span> <span class='ocrx_word' id='word_1_165' title='bbox 1265 2431 1288 2457; x_wconf 87' lang='grc' dir='ltr'>υ</span> <span class='ocrx_word' id='word_1_166' title='bbox 1325 2415 1481 2465; x_wconf 81' lang='lat' dir='ltr'>extu-</span> 
     </span>
     <span class='ocr_line' id='line_1_25' title="bbox 168 2491 1481 2564; baseline 0.008 -23"><span class='ocrx_word' id='word_1_167' title='bbox 168 2491 338 2542; x_wconf 87' lang='lat' dir='ltr'>lerunt</span> <span class='ocrx_word' id='word_1_168' title='bbox 363 2509 454 2562; x_wconf 83' lang='lat' dir='ltr'>per</span> <span class='ocrx_word' id='word_1_169' title='bbox 498 2512 530 2543; x_wconf 79' lang='lat' dir='ltr'>u</span> <span class='ocrx_word' id='word_1_170' title='bbox 563 2492 736 2554; x_wconf 88' lang='lat' dir='ltr'>breve,</span> <span class='ocrx_word' id='word_1_171' title='bbox 777 2494 1173 2564; x_wconf 88' lang='lat' dir='ltr'>pronuntiatum</span> <span class='ocrx_word' id='word_1_172' title='bbox 1209 2508 1267 2549; x_wconf 87' lang='lat' dir='ltr'>ut</span> <span class='ocrx_word' id='word_1_173' title='bbox 1296 2497 1481 2559; x_wconf 75' lang='lat' dir='ltr'>Gallo,-</span> 
     </span>
     <span class='ocr_line' id='line_1_26' title="bbox 170 2584 1479 2657; baseline 0.005 -22"><span class='ocrx_word' id='word_1_174' title='bbox 170 2599 290 2635; x_wconf 86' lang='lat' dir='ltr'>rum</span> <span class='ocrx_word' id='word_1_175' title='bbox 327 2601 378 2642; x_wconf 76' lang='lat' dir='ltr'>u,</span> <span class='ocrx_word' id='word_1_176' title='bbox 418 2584 742 2655; x_wconf 82' lang='lat' dir='ltr'>grammatici</span> <span class='ocrx_word' id='word_1_177' title='bbox 791 2585 1008 2637; x_wconf 87' lang='lat' dir='ltr'>intulere</span> <span class='ocrx_word' id='word_1_178' title='bbox 1047 2606 1104 2657; x_wconf 83' lang='lat' dir='ltr'>y,</span> <span class='ocrx_word' id='word_1_179' title='bbox 1146 2586 1346 2642; x_wconf 63' lang='lat' dir='ltr'>indocti</span> <span class='ocrx_word' id='word_1_180' title='bbox 1394 2601 1479 2650; x_wconf 83' lang='lat' dir='ltr'>aut</span> 
     </span>
     <span class='ocr_line' id='line_1_27' title="bbox 171 2668 1480 2741; baseline 0.006 -18"><span class='ocrx_word' id='word_1_181' title='bbox 171 2668 304 2723; x_wconf 90' lang='lat' dir='ltr'>forte</span> <span class='ocrx_word' id='word_1_182' title='bbox 329 2671 422 2741; x_wconf 91' lang='lat' dir='ltr'>qui</span> <span class='ocrx_word' id='word_1_183' title='bbox 451 2669 593 2723; x_wconf 63' lang='lat' dir='ltr'>docti</span> <span class='ocrx_word' id='word_1_184' title='bbox 620 2671 718 2725; x_wconf 87' lang='lat' dir='ltr'>esse</span> <span class='ocrx_word' id='word_1_185' title='bbox 744 2673 1070 2734; x_wconf 88' lang='lat' dir='ltr'>videbantur,</span> <span class='ocrx_word' id='word_1_186' title='bbox 1109 2689 1167 2727; x_wconf 86' lang='lat' dir='ltr'>ut.</span> <span class='ocrx_word' id='word_1_187' title='bbox 1212 2677 1267 2729; x_wconf 87' lang='lat' dir='ltr'>in</span> <span class='ocrx_word' id='word_1_188' title='bbox 1304 2678 1480 2731; x_wconf 88' lang='lat' dir='ltr'>nostro</span> 
     </span>
     <span class='ocr_line' id='line_1_28' title="bbox 172 2758 1481 2840; baseline 0.001 -26"><span class='ocrx_word' id='word_1_189' title='bbox 172 2758 404 2833; x_wconf 66' lang='lat' dir='ltr'>sermone</span> <span class='ocrx_word' id='word_1_190' title='bbox 430 2763 723 2840; x_wconf 53' lang='lat' dir='ltr'>vernaculo2</span> <span class='ocrx_word' id='word_1_191' title='bbox 767 2763 1010 2840; x_wconf 73' lang='lat' dir='ltr'>scripsere</span> <span class='ocrx_word' id='word_1_192' title='bbox 1041 2767 1079 2824; x_wconf 79' lang='lat' dir='ltr'>i,</span> <span class='ocrx_word' id='word_1_193' title='bbox 1134 2767 1350 2836; x_wconf 55' lang='lat' dir='ltr'>inclutus</span> <span class='ocrx_word' id='word_1_194' title='bbox 1390 2789 1481 2822; x_wconf 85' lang='lat' dir='ltr'>ve-</span> 
     </span>
    </p>
   </div>
   <div class='ocr_carea' id='block_1_3' title="bbox 1359 2877 1480 2919">
    <p class='ocr_par' dir='ltr' id='par_1_3' title="bbox 1359 2877 1480 2919">
     <span class='ocr_line' id='line_1_29' title="bbox 1359 2877 1480 2919; baseline 0 0"><span class='ocrx_word' id='word_1_195' title='bbox 1359 2877 1480 2919; x_wconf 68' lang='lat' dir='ltr'>‚rum</span> 
     </span>
    </p>
   </div>
  </div>
 </body>
</html>
