1821 3381
328 297 863 362 GEORG-ICON,
921 302 1069 353 LIB.
1117 303 1160 352 I.

1319 318 1408 368 253

97 438 232 490 Hinc
255 442 552 504 tempestates
569 440 716 487 dubio
738 439 1017 503 praediscere
1036 440 1165 487 coelo

96 533 356 589 PoffumuS,
374 533 485 580 hinc
503 530 747 593 mellisque
768 530 898 578 diem
912 529 1192 594 tempusque
1204 529 1409 588 serendi;

97 626 166 673 Et
188 627 376 689 quando
400 624 600 671 infidum
621 622 762 670 remis
785 621 1010 684 inpellere
1027 639 1238 670 marmor

96 716 383 769 Conveniat;
417 713 607 777 quando
629 723 830 759 armatas
853 712 1083 760 deducere
1102 715 1271 771 claffis;
1316 732 1340 764 2
1348 729 1372 778 5
1381 729 1404 779 5

98 810 199 856 Aut
221 808 551 871 tempestivam
573 805 697 851 silvis
718 816 925 851 evertere
948 804 1134 867 pinum.

162 906 211 952 N
214 918 267 949 ec
280 901 442 948 frustra
455 899 696 962 signorum
705 895 863 943 obitus
876 895 1171 959 speculamur
1185 909 1232 944 ct
1246 911 1392 956 ortUS,

141 1064 216 1096 252.
242 1055 302 1085 Hic
318 1051 424 1085 Mead.
461 1052 623 1094 praedfiere
637 1050 737 1080 Rom.
761 1054 794 1080 et
818 1046 873 1078 alii
898 1058 936 1079 ex
961 1057 1070 1086 more3
1092 1055 1129 1080 ut
1144 1059 1176 1080 v.
1190 1058 1244 1089 51.
1269 1051 1309 1089 Π,
1334 1058 1411 1089 255.

90 1108 250 1150 praediscere
269 1106 337 1148 jam
362 1110 542 1134 correxerat
568 1102 711 1143 Nauger.
740 1100 773 1131 in
797 1099 876 1130 Ald.
902 1106 1142 1139 tert.——253.
1175 1102 1313 1144 meaefisque
1340 1104 1412 1132 diem

93 1159 162 1196 alii,
182 1164 336 1201 perpetua
350 1154 562 1186 aberratione.
587 1152 672 1183 conf.
696 1151 821 1189 Ecl.V,
841 1159 895 1191 70.

95 1211 157 1248 VI,
185 1220 217 1247 4.
243 1206 345 1239 Schol.
375 1206 496 1247 Cruqu.
527 1205 644 1235 Horat.
676 1204 786 1235 carm.
820 1204 845 1240 Ι,
865 1210 922 1243 23.

318 1267 391 1298 257.
401 1258 582 1300 speculantur
594 1255 710 1299 fragm.
727 1255 852 1286 Moret.

97 1260 226 1293 Zulich.

93 1389 224 1434 oritur,
241 1391 452 1439 lumenficum
470 1392 615 1440 profert.
664 1387 721 1424 Ita

93 1443 236 1494 accepit
247 1454 390 1493 quoque
402 1440 527 1484 Silius,
547 1440 610 1489 qui
624 1439 720 1476 hunc

93 1494 233 1533 versum
291 1493 452 1543 expreffit
511 1491 587 1535 XI,
632 1491 718 1542 516.

96 1559 186 1598 517.
217 1546 397 1582 Invadunt
428 1553 575 1593 campum
604 1554 636 1579 et
652 1542 721 1579 late

79 1596 297 1649 fulgentibus
323 1598 426 1633 armis
451 1596 642 1632 Ascendunt
665 1593 719 1630 tel-

90 1660 145 1686 -tro
171 1648 447 1698 lrccemsurgentis
473 1647 547 1684 Eoi.
601 1645 718 1682 Nam-

92 1713 165 1751 que
179 1700 242 1736 illa
259 1698 418 1749 vulgaris
445 1697 554 1741 ratio,
581 1710 652 1746 qua
675 1697 721 1733 de

90 1751 234 1790 facibus
267 1760 303 1787 et
335 1749 496 1786 candelis
526 1747 720 1798 accipitur,

92 1816 175 1853 quae
216 1813 256 1839 ut
308 1801 558 1844 incendantur,
601 1800 723 1849 vesper

90 1854 211 1892 cauffa
227 1854 289 1896 est,
316 1866 389 1889 non
407 1851 554 1902 quidem
578 1850 723 1888 indocia

87 1906 157 1949 est,
185 1905 243 1943 sed
265 1904 414 1942 humilis
444 1912 563 1940 tamen
591 1912 628 1939 et
657 1901 719 1938 ab-

91 1958 240 1995 horrens
271 1970 292 1992 a
322 1955 387 1992 tali
415 1954 586 1992 carmine.
639 1953 720 2003 Op-

90 2007 284 2060 portunius
313 2006 411 2044 idem
444 2006 536 2043 illud
565 2005 635 2043 inf.
668 2005 719 2042 vs.

91 2073 182 2112 291.

147 2124 235 2163 252.
271 2111 372 2147 Hinc.
407 2107 439 2145 E
456 2107 540 2145 solis
566 2108 637 2144 hoc
659 2119 722 2158 per

93 2163 304 2200 Zodiacum
321 2160 488 2202 decursu,
514 2171 535 2196 a
558 2174 592 2197 v.
625 2173 716 2208 231,

92 2225 201 2265 atque
229 2214 319 2251 adeo
346 2211 616 2250 succedentibus
650 2210 717 2247 fibi

91 2265 251 2304 invicem
299 2264 384 2301 anni
435 2263 608 2313 partibuss,
661 2262 717 2298 in-

91 2319 240 2355 stantem
273 2315 515 2365 tempestatum
548 2313 718 2351 mutatio-

90 2382 176 2406 nem
226 2367 410 2404 discimus.
485 2365 627 2402 Habuit
679 2366 718 2402 in

86 2416 216 2456 -animo
249 2418 364 2456 versus
405 2417 513 2454 Arati
555 2416 717 2454 Diosem.

97 2484 145 2508 10
178 2471 254 2521 sqq.
307 2469 519 2520 ‘prcstates
552 2469 598 2506 de
631 2481 718 2518 qua-

92 2531 177 2560 tuor
215 2521 301 2558 anni
343 2521 500 2571 partibus
536 2520 625 2564 dici,
674 2532 719 2557 ex

87 2583 133 2611 V.
176 2575 249 2624 258
294 2582 406 2623 patet,
453 2570 720 2622 Temporibusque

92 2637 151 2675 p.;
181 2625 411 2674 conjunctam
440 2633 557 2660 tamen
589 2622 718 2660 mutati

90 2675 188 2714 aeris
226 2688 268 2712 ac
312 2675 390 2712 caeli
419 2674 603 2712 notionem
637 2674 718 2719 effe,

85 2739 139 2764 ex
189 2727 358 2777 adjuncto
408 2735 518 2776 patet.
585 2725 718 2763 Caelum

89 2777 239 2822 dubium,
256 2777 333 2815 scil.
351 2777 558 2814 instantibus
574 2777 718 2827 pluviis,

88 2862 92 2866 .
120 2830 273 2867 rocellis.
329 2829 392 2866 Ad
409 2838 535 2866 caetera
549 2841 717 2880 compara

134 2880 239 2923 ibull.
260 2880 334 2926 IV,
363 2894 375 2921 1
398 2880 477 2934 qui,
503 2880 629 2922 eadem
647 2881 715 2920 ho-

989 1150 1062 1190 256.
1088 1152 1130 1182 Et
1144 1157 1165 1182 t.
1181 1152 1324 1184 Macrob.
1342 1153 1408 1183 Sat.

979 1204 1008 1233 in
1020 1203 1109 1245 silvis
1137 1203 1243 1235 multi.
1285 1211 1410 1235 avent-re

785 1399 866 1423 rum
882 1385 1055 1423 limborum
1078 1398 1119 1423 ac
1137 1384 1332 1430 balteorum,
1349 1386 1410 1426 seu

783 1452 958 1481 zonarum,
991 1437 1258 1475 enumeratione
1299 1440 1410 1484 faeta,

783 1502 868 1526 cum
899 1489 937 1525 in
971 1495 1165 1539 temperata
1194 1488 1410 1534 substitisset,

783 1540 904 1591 pergit
921 1554 955 1578 V.
1024 1541 1108 1591 169.
1134 1542 1225 1577 Hinc
1251 1541 1409 1590 placidus

782 1592 872 1629 nobis
889 1602 953 1642 per
967 1602 1110 1642 tempora
1125 1597 1274 1629 vertitur
1287 1608 1411 1632 annus.

784 1645 874 1681 Hinc
894 1654 927 1680 et
942 1643 1027 1681 colla
1034 1646 1120 1696 jugo
1141 1644 1255 1680 didicit
1262 1645 1409 1692 fizbmit-

782 1705 850 1731 tere
864 1706 980 1732 murus
995 1704 1066 1734 etc.
1120 1694 1178 1731 Ex
1200 1694 1324 1732 eadem
1342 1697 1410 1734 ob..

784 1746 984 1783 servatione
1017 1745 1183 1796 antiquus
1216 1745 1264 1783 de
1298 1748 1408 1786 AEolo

785 1797 930 1845 mythus
947 1806 1062 1835 natus.
1105 1797 1184 1834 vid.
1216 1796 1407 1838 Heraclid-

784 1849 830 1886 de
848 1850 954 1897 alleg.
974 1849 1090 1887 Hom.
1105 1848 1170 1885 sub
1181 1847 1208 1886 f.
1246 1863 1335 1902 255.
1349 1867 1410 1889 ar-

783 1912 889 1938 malae
904 1900 1029 1950 claffi5‚
1046 1902 1251 1946 ὡπλισμέναι
1256 1929 1268 1944 ,
1291 1902 1407 1952 fimpl.

781 1951 957 1989 instruCtae
977 1965 1096 1991 naves.
1127 1952 1224 1989 conf.
1257 1954 1409 1993 Hefiod.

775 2005 875 2053 ’'557.
906 2005 996 2052 631.
1024 2005 1114 2052 632,
1138 2014 1174 2040 et
1199 2005 1288 2055 671.
1317 2005 1409 2054 672.

784 2055 856 2092 Sed
884 2055 914 2092 is
943 2055 1086 2092 meliori
1108 2055 1189 2104 jure
1206 2056 1410 2106 navigatio-

783 2120 866 2144 nem
913 2107 1147 2149 memorabat,
1182 2108 1410 2158 quandoqui-

783 2158 866 2195 dem
897 2157 959 2195 illa
987 2167 1089 2195 aetate
1108 2157 1203 2194 inter
1228 2171 1330 2195 curas
1346 2173 1409 2210 pa-

781 2209 847 2246 tris
894 2209 1049 2246 familias
1091 2217 1182 2254 erat,
1229 2210 1409 2249 frumenta

782 2261 867 2298 navi
911 2261 1040 2298 devehi
1086 2261 1133 2297 ad
1175 2263 1411 2312 permutanda

782 2312 852 2349 alia
866 2312 950 2350 vitae
963 2312 1166 2350 necessaria.
1219 2325 1239 2349 2
1251 2313 1307 2360 56.
1327 2325 1409 2351 tem-

776 2364 1052 2413 pestivmnstlvis
1069 2374 1219 2401 evertere
1236 2368 1352 2414 pinum
1370 2367 1407 2403 h.

782 2415 885 2465 ligna
912 2429 954 2452 ac
985 2415 1171 2453 materiem
1204 2416 1409 2465 tempestive

782 2468 932 2504 exedere.
993 2466 1211 2504 consulatur
1239 2467 1334 2504 Cato
1361 2468 1407 2505 de

784 2518 832 2555 R.
863 2518 912 2557 R.
937 2531 970 2555 e.
992 2531 1033 2567 31
1059 2518 1169 2567 (unde
1186 2530 1308 2555 vocem
1327 2530 1407 2556 tem-

777 2571 913 2618 pastiva
950 2570 1095 2608 ductam
1143 2569 1210 2606 effe
1243 2569 1408 2607 observat

783 2620 956 2658 Macrob.
969 2620 1042 2663 VI,
1057 2634 1096 2670 4,
1113 2635 1148 2671 p.
1171 2624 1275 2671 596).
1314 2620 1407 2659 Plin.

785 2671 899 2717 XVI,
934 2686 995 2724 74.
1058 2686 1140 2725 75„
1172 2671 1197 2708 s.
1246 2685 1307 2723 39.
1354 2673 1406 2711 cf.

783 2723 915 2762 Cei-da.

835 2776 1048 2826 257—267.
1064 2774 1186 2812 Habet
1199 2772 1307 2811 etiam
1323 2774 1409 2811 alias

782 2826 971 2871 utilitates,
998 2827 1021 2863 sl
1050 2826 1211 2863 observes
1254 2825 1407 2862 siderum

781 2888 880 2916 ortus
899 2887 935 2917 et
966 2878 1110 2919 occasus
1132 2887 1168 2916 et
1191 2876 1289 2914 vices
1321 2877 1407 2914 anni

1204 2937 1405 2982 temporum
