1821 3381
353 308 450 357 450
535 292 587 340 P.
645 287 1015 339 VIRGILII
1086 283 1482 334 MARON1S

358 430 676 480 Nascemum3
701 426 936 488 plenoque
960 423 1106 470 alium
1124 421 1438 484 circumspice
1461 433 1653 482 campo.

362 521 565 568 Munere
588 518 648 564 fic
673 518 814 564 niveo
836 516 972 571 lanae,
998 513 1030 559 fi
1054 514 1245 560 credere
1268 511 1473 575 dignum
1495 509 1578 566 est,

363 611 461 658 Pan
486 609 599 655 deus
623 606 846 653 Arcadiae
869 617 1061 668 captam
1083 617 1142 661 te,
1170 603 1320 659 Luna,
1343 601 1526 657 fefellit,

366 697 420 742 In
439 710 631 742 nemora
647 693 741 740 alta
750 709 945 747 vocans;
966 708 1049 739 nec
1067 705 1115 739 tu
1126 690 1402 755 adspernata
1414 700 1679 736 vocantem.

433 789 516 844 At,
538 786 615 833 cui
638 786 767 833 laeris
787 800 934 840 amor,
960 781 1162 851 cytisum
1185 780 1400 843 lotosque
1422 779 1680 842 frequentis
1717 780 1721 786 '

370 881 389 926 I
397 878 475 942 pse
499 892 639 925 manu
667 875 892 938 salsasque
916 873 1031 919 ferat
1054 872 1346 936 praesepibus
1369 869 1551 917 herbas·
1584 880 1675 932 395

373 973 506 1020 Hinc
525 982 570 1017 et
586 980 747 1016 amant
771 966 938 1014 fluvios
964 965 1132 1029 magis,
1160 980 1213 1011 ac
1235 963 1387 1027 magis
1409 962 1552 1010 ubera
1579 973 1685 1008 ten-

574 1060 709 1115 dunt,

375 1155 439 1201 Et
464 1152 565 1200 salis
589 1151 834 1198 occultum
857 1149 1064 1196 referunt
1087 1148 1134 1195 in
1154 1148 1271 1195 lae‘le
1291 1146 1524 1210 saporem.

434 1285 507 1317 ι390.
532 1278 694 1318 Μψ-ιηηίω·
712 1276 833 1307 Medic.
851 1286 867 1306 a
885 1285 928 1306 in.
944 1285 991 1316 pr.
1039 1275 1194 1315 Pfscentum
1210 1277 1316 1312 Ven.;
1338 1284 1397 1316 pro
1414 1275 1570 1315 Pafientum
1584 1269 1692 1302 crede-

378 1327 432 1359 bat
455 1330 566 1359 Burm.
614 1329 758 1369 Aivssfnfis
784 1327 892 1358 Mead.
949 1328 1029 1368 pleno
1055 1328 1138 1368 ch.
1160 1325 1310 1357 Martini.
1349 1327 1511 1367 plenumque
1533 1321 1691 1354 Rottend.

379 1379 434 1410 alt.
478 1387 601 1421 campmn
618 1380 862 1421 Reg.---391.
881 1381 933 1421 Jo-
950 1377 1112 1408 Schrader.
1129 1377 1265 1408 malebat
1280 1377 1391 1406 Vellere.
1430 1377 1469 1418 fic
1478 1377 1581 1406 credere
1596 1373 1695 1404 codex

381 1429 483 1460 Servii
509 1430 548 1460 ad
576 1431 696 1470 Georg.
727 1431 751 1466 1,
782 1429 834 1465 16,
858 1428 943 1459 facili
969 1428 1234 1470 lapsu.-—--392.
1254 1434 1335 1468 capta
1365 1427 1525 1457 Rottend.
1547 1425 1605 1456 alr.
1652 1425 1693 1455 In

380 1489 517 1522 utroque
535 1480 710 1511 Meadiano
726 1479 782 1510 vff.
799 1489 871 1521 391.
891 1488 954 1519 392
971 1478 1095 1510 inverso
1117 1480 1229 1511 ordine
1255 1485 1345 1509 erant
1360 1477 1643 1520 scripti.—--393.
1664 1483 1695 1506 tu

382 1532 467 1562 abest
496 1530 643 1561 Parthas.
688 1543 732 1560 nec
755 1543 781 1559 es
806 1532 952 1572 qspernata
974 1540 1021 1571 pr.
1042 1532 1159 1561 Moret.
1203 1542 1234 1559 ne
1255 1541 1281 1559 es
1303 1529 1467 1570 adspernata
1486 1527 1583 1564 Gud.,
1603 1526 1698 1558 male.

383 1580 548 1622 --—395.
572 1582 626 1610 Ille
651 1593 733 1611 manu
758 1581 923 1611 Romanus
949 1587 980 1610 et
1008 1580 1132 1611 Medic.
1160 1579 1269 1617 Pierii,
1294 1588 1367 1609 cum
1389 1578 1532 1620 pluribus
1562 1576 1698 1614 Heium,

390 1627 494 1664 tribus
511 1631 657 1670 Martini,
680 1631 779 1661 Goth.
796 1641 844 1672 pr.
872 1630 943 1663 Erf.
967 1637 998 1661 et
1025 1639 1105 1662 vett.
1129 1631 1213 1667 edd„
1234 1629 1321 1671 quod
1336 1629 1483 1671 equidem
1499 1627 1697 1670 praeferrem.

385 1685 446 1728 Ipse
462 1683 577 1714 Medic.
598 1682 683 1712 Gud.
701 1684 818 1712 Moser.
830 1692 876 1723 pr.
895 1691 967 1712 cum
981 1680 1050 1711 aliis
1065 1679 1368 1721 tuenru1·.———396.
1382 1683 1469 1722 magis
1484 1687 1510 1710 et
1522 1682 1608 1721 magis
1625 1686 1699 1711 ante

386 1733 515 1772 Heius„
536 1741 572 1764 ut
596 1734 628 1764 in
645 1733 722 1764 aliis.
812 1741 888 1774 397.
912 1733 1039 1763 ουκ-ΛΜΨ
1064 1733 1151 1764 Gud.
1197 1733 1322 1773 rqferant
1346 1731 1433 1762 Ven.
1478 1732 1596 1772 rqferent
1620 1730 1703 1761 Rot-

385 1786 473 1818 tend.
489 1792 564 1817 tert.

386 1899 443 1941 Π,
473 1900 521 1947 36
539 1897 615 1948 sqq.
673 1909 760 1945 390.
795 1896 919 1933 Alium
940 1896 1011 1933 cir-
1077 1893 1297 1945 antiquiores
1323 1893 1388 1931 effe
1401 1893 1597 1944 jae'tabann
1623 1910 1704 1944 πςο-

386 1950 572 2000 cumspice
614 1961 634 1985 e
680 1961 804 1998 grege.
891 1947 1013 1984 Nobi-
1079 1949 1224 1985 mamas.
1260 1960 1295 1983 v.
1333 1945 1468 1996 Opusc.
1500 1946 1550 1983 T.
1587 1945 1638 1989 II,
1665 1961 1703 1997 p.

386 2001 512 2039 litavit
571 2012 645 2037 rem
699 2012 867 2037 tenuem:
921 1999 1018 2049 pleno
1083 2012 1158 2047 334
1183 1999 1260 2048 sqq.
1315 1997 1562 2034 Munerelanae
1580 1997 1706 2041 niveae,

391 2064 518 2104 campo.
1082 2051 1118 2087 h.
1150 2050 1289 2100 pretio;
1318 2064 1430 2086 munus
1445 2049 1623 2099 appellare
1640 2063 1707 2100 po-

448 2118 534 2155 391·
588 2103 724 2140 Fabula
765 2115 786 2140 e
827 2101 1020 2140 Nicandro
1084 2102 1146 2138 test
1178 2105 1286 2151 poeta
1316 2100 1524 2151 simpliciter
1552 2100 1609 2144 id,
1635 2114 1709 2150 quo

392 2157 525 2198 sumta,
561 2156 626 2206 qui
660 2154 848 2204 Georgica
881 2162 917 2190 et
947 2152 1021 2203 ipse
1086 2152 1292 2190 inducimus
1332 2161 1368 2189 et
1417 2151 1578 2189 fallimus
1621 2153 1710 2191 alte-

394 2207 593 2258 scripserat.
623 2220 658 2243 ν.
687 2205 855 2243 Macrob.
876 2205 1018 2241 Saturn.

398 2259 451 2304 V,
481 2272 541 2297 22.
595 2257 669 2293 Pan
690 2257 726 2294 in
742 2257 887 2294 arietem
908 2266 1021 2292 muta-

397 2321 455 2347 tus
472 2310 569 2346 nivei
589 2309 727 2346 velleris
750 2307 1022 2359 pulchritudine

397 2363 541 2399 Lunam
576 2361 615 2399 in
658 2373 844 2397 nemorum
878 2359 1024 2396 recess'us

396 2414 605 2464 pellexerat.
659 2412 780 2449 Aliam
813 2411 1025 2459 interpreta-

396 2465 533 2502 tionem
564 2463 700 2500 Probus
731 2464 850 2500 habet.
906 2461 1026 2498 Philo-

400 2516 570 2567 sophema
587 2514 734 2564 aliquod
753 2515 791 2551 in
807 2514 929 2551 fabula
958 2513 1026 2550 hac

401 2567 553 2618 antiqua
588 2567 697 2604 latere
739 2564 925 2615 probabile
959 2564 1024 2601 fit:

404 2620 502 2656 forte
544 2618 656 2655 Lunae
687 2617 902 2667 deliquium.
956 2615 1028 2652 Pan

404 2669 594 2707 Arcadum
612 2670 697 2706 deus
710 2668 939 2710 domesticus,
957 2680 1030 2717 quo

407 2722 588 2758 Naturam
618 2734 737 2758 rerum
762 2720 950 2757 declarasse
975 2718 1030 2755 vi-

406 2773 550 2810 dentur.
591 2771 650 2809 De
668 2772 770 2808 Luna
786 2781 903 2808 autem
923 2771 1034 2808 multa

408 2833 511 2863 crant
544 2823 712 2870 fabulati,
752 2836 823 2873 qua
857 2823 890 2861 se
924 2822 1032 2862 etiam

1087 2218 1213 2306 Γυξζῲ
1248 2255 1360 2293 Nunc
1379 2255 1425 2292 de
1452 2253 1552 2292 laetis
1579 2255 1712 2295 studio.

1088 2307 1119 2345 E
1140 2307 1304 2344 Varrone
1321 2308 1372 2351 H,
1401 2320 1438 2350 2,
1470 2319 1528 2356 19.
1562 2307 1611 2345 cf.
1633 2307 1714 2345 Pal-

1089 2359 1161 2396 lad.
1205 2359 1295 2402 XII,
1343 2371 1403 2406 13,
1451 2361 1487 2396 8.
1541 2358 1714 2409 Geopon.

1092 2410 1243 2456 XVIII,
1276 2423 1317 2448 12
1355 2420 1391 2446 et
1430 2421 1488 2458 19.
1552 2409 1610 2446 De
1637 2411 1700 2448 loto

1092 2462 1216 2507 herba,
1242 2475 1322 2512 quae
1339 2471 1375 2498 et
1404 2460 1573 2506 melilotus,
1599 2475 1634 2499 v.
1666 2463 1713 2499 ad

1093 2513 1234 2564 Georg.
1263 2514 1314 2556 ΙΙ,
1345 2516 1404 2561 84.
1460 2513 1548 2561 396.
1578 2515 1719 2552 tendunt

1094 2566 1138 2613 (f.
1174 2565 1396 2608 distendunt,
1434 2564 1638 2609 distentam,
1677 2575 1719 2603 ut

1095 2616 1199 2661 alibi,
1229 2630 1262 2654 v.
1282 2630 1314 2654 e.
1335 2616 1414 2654 Ecl.
1434 2614 1510 2659 IX,
1533 2619 1594 2664 31)
1615 2616 1720 2654 ubera

1094 2669 1198 2706 laere.
1253 2667 1354 2705 Nam
1377 2666 1615 2717 pinguescunt
1635 2680 1720 2704 oves

1097 2720 1308 2770 potiffimum
1337 2732 1382 2756 ex
1408 2728 1509 2769 potu.
1562 2717 1722 2756 Notavit

1092 2773 1167 2822 jam
1188 2770 1394 2810 Aristoteles
1423 2769 1561 2808 Histor.
1590 2769 1720 2809 Anim.

1099 2822 1213 2866 x'rlll,
1243 2835 1301 2862 10·

1557 2882 1603 2921 39
1611 2873 1644 2911 8.
1668 2870 1722 2909 Ut
