1987 3361
484 289 595 322 xtrr
830 270 942 318 DE
1015 268 1437 318 VIRGILII

480 409 570 455 Sed
596 407 894 454 mirationem
912 405 1125 453 colorum
1142 406 1377 453 claritates
1400 419 1445 454 et
1463 409 1704 458 varietates
1722 410 1794 458 fa.

479 509 586 540 cere
621 491 867 542 videntum
911 488 970 535 de
1016 490 1248 535 linearum
1283 489 1477 536 veritate
1510 503 1557 537 et
1590 493 1794 541 artificio

476 573 716 637 judicium
742 588 796 617 ex
826 570 1063 616 Bartolina
1086 586 1228 632 opera
1249 587 1420 632 parum
1447 583 1550 620 tuto
1574 573 1696 620 forte
1718 574 1795 621 in-

478 656 654 710 stituas,
686 670 799 701 cum
835 653 882 699 in
918 670 985 710 ea,
1019 666 1241 700 monente
1287 653 1476 700 Stuarto
1498 656 1539 711 ⁴⁶,
1585 655 1793 705 multum

474 736 669 798 ingenio
702 732 784 780 suo
831 731 1069 779 indulserit
1104 733 1254 780 bonus
1290 733 1524 781 Bartolus.
1594 732 1790 782 Poffunt

475 829 634 862 tamen
670 815 742 861 vel
777 814 838 862 fic
874 814 1100 861 nonnulla
1145 831 1257 862 cum
1303 816 1548 879 voluptate
1592 807 1810 869 etcum,

476 897 630 944 fructu
664 912 721 942 ex
755 895 1035 958 antiquitate
1068 911 1229 942 rerum
1273 895 1513 959 adspeRui
1557 899 1792 961 proponi3

475 993 728 1028 occurrunt
743 978 1032 1040 templorum
1054 989 1099 1024 et
1115 977 1424 1026 aedicularum
1449 979 1616 1027 formae
1638 980 1796 1044 plures

477 1079 564 1109 nec
589 1063 890 1124 inelegantes‚
923 1072 974 1106 ut
995 1076 1045 1122 p.
1079 1075 1183 1122 134,
1216 1076 1310 1108 arae
1333 1077 1446 1108 cum
1471 1060 1625 1108 sacris.
1695 1061 1793 1110 Or·-

477 1145 624 1207 pheus
647 1143 785 1205 pileo,
810 1141 938 1205 quod
974 1142 1173 1198 mireris,
1199 1142 1407 1206 Phrygio
1430 1153 1574 1207 caput
1597 1143 1792 1191 indutus

475 1245 526 1291 p.
555 1243 606 1274 21
639 1238 684 1272 et
713 1241 815 1287 177.
885 1226 1033 1272 Navis
1060 1226 1181 1273 XVI
1205 1243 1462 1285 remorum,
1492 1227 1584 1277 alia
1606 1227 1793 1284 XVIII,

475 1311 566 1356 alia
591 1309 654 1365 X,
683 1309 864 1371 aliquot
882 1307 1070 1367 XXVI,
1096 1309 1248 1357 XXII
1283 1326 1551 1357 remorum:
1586 1308 1620 1356 si
1645 1307 1792 1356 modo

476 1394 672 1440 artificis
690 1394 930 1456 imperitia
958 1411 1212 1442 numerum
1237 1396 1434 1443 curavit.
1470 1395 1723 1458 Neptunus
1745 1403 1793 1439 et

477 1476 638 1522 Venus
666 1493 777 1523 cum
800 1476 984 1539 sceptro
1018 1477 1077 1523 ad
1101 1477 1212 1524 AEn.
1240 1477 1298 1534 V,
1321 1492 1427 1540 779,
1453 1476 1588 1523 Urna
1610 1475 1793 1522 Minois

476 1558 535 1605 ad
552 1559 636 1615 VI,
660 1575 747 1621 431
778 1560 900 1607 miro
922 1561 1069 1608 modo
1092 1562 1298 1625 expreffa
1318 1578 1368 1625 p.
1390 1577 1406 1607 1
1424 1575 1495 1618 10,
1519 1558 1612 1607 tela
1628 1558 1792 1606 Circes

475 1660 526 1706 p.
546 1660 651 1707 129,
685 1644 812 1704 Juno
835 1659 948 1692 cum
976 1643 1147 1690 Aled‘to
1170 1660 1219 1707 p.
1246 1643 1494 1705 142,Juno
1517 1641 1696 1704 Janum
1718 1656 1794 1687 re-

476 1725 628 1773 serans
652 1743 702 1789 p.
732 1728 838 1784 148.

543 1809 655 1855 Fuit
671 1808 747 1855 hic
783 1808 917 1865 liber,
940 1807 1069 1870 quod
1093 1807 1142 1854 in
1176 1807 1329 1855 fronte
1362 1800 1579 1855 notatum
1603 1805 1795 1870 legitur,

473 1892 686 1956 primum
711 1890 897 1950 Joviani
921 1892 1120 1950 Pontam',
1154 1903 1259 1938 tum
1285 1892 1412 1940 Petri
1445 1892 1596 1938 Bembi
1617 1891 1683 1954 (v.
1709 1887 1796 1936 inf.

473 1975 533 2022 de
569 1974 736 2021 Bembi
771 1974 957 2032 codd),
999 1990 1114 2020 mox
1150 1973 1303 2020 Fulvii
1346 1974 1499 2033 Uffim}
1548 1971 1631 2034 qui
1680 1986 1792 2017 eum

473 2056 729 2102 bibliolhecae
753 2055 984 2110 Vaticcmae,
1017 2053 1094 2100 cui
1117 2066 1332 2116 praeerat,
1365 2070 1478 2100 cum
1505 2053 1606 2099 aliis
1632 2052 1789 2099 Codd.

473 2136 650 2183 intulit.
698 2136 959 2182 Neminem
981 2136 1135 2183 adhuc
1161 2136 1220 2183 de
1242 2137 1331 2183 hoc
1353 2137 1515 2183 codice
1536 2135 1792 2199 inspicien-

474 2218 537 2265 do
559 2218 816 2265 sollicitum
841 2230 946 2264 ante
969 2218 1014 2265 se
1038 2218 1170 2265 fuiffe
1200 2219 1366 2275 videri,
1389 2218 1530 2265 docet
1551 2219 1792 2265 Bottarius

474 2317 524 2363 p.
554 2299 611 2346 V.
682 2299 824 2346 Videt
848 2311 894 2346 et
921 2299 1080 2347 laudat
1103 2299 1304 2347 eundem
1338 2300 1651 2348 Mabillonius
1676 2300 1789 2348 Itin.

472 2382 626 2436 Italic.
654 2382 714 2430 T.
744 2384 846 2446 l‚p.
874 2384 951 2445 63.

538 2465 671 2512 Alter
707 2465 878 2512 Comx
917 2482 1212 2514 vATICANus
1247 2467 1606 2531 antiquissimus,
1632 2467 1790 2514 Buco-

472 2548 580 2606 lica,
605 2548 856 2614 Georgica,
888 2564 934 2599 et
966 2553 1223 2601 AEneidem
1257 2553 1551 2616 complexus,
1581 2566 1666 2598 nec
1702 2547 1787 2595 nifi

524 2682 549 2703 '⁵
575 2682 772 2736 Antiquities
801 2691 847 2738 of
862 2688 1003 2731 Athens,
1031 2702 1068 2739 p.
1097 2701 1159 2740 29·
1194 2687 1272 2739 (c).
1327 2687 1507 2725 Caeterum
1525 2684 1700 2737 pisturam
1720 2679 1790 2720 viri

474 2743 632 2794 Trojani
650 2744 788 2790 amiffl,
804 2745 972 2792 sedentis,
991 2760 1036 2784 ex
1056 2748 1124 2785 hoc
1144 2747 1273 2785 codice
1291 2746 1431 2784 laudari
1449 2744 1558 2782 video
1576 2757 1596 2780 a
1616 2742 1791 2794 Pignorio

475 2805 609 2860 Origg.
625 2806 747 2848 Patav.
767 2822 802 2848 e.
825 2821 886 2856 12,
900 2823 936 2862 p.
954 2813 1018 2856 68,
1038 2824 1145 2862 quam
1163 2810 1203 2849 in
1219 2809 1376 2849 Bottarii
1396 2821 1502 2862 opere
1519 2820 1591 2846 non
1609 2804 1762 2857 reperio,

1057 2902 1088 2955 3
1739 2882 1791 2931 in
