1821 3381
317 278 832 355 BucOLICA,
897 294 1232 353 ECL.1V‚
1373 298 1430 358 89

114 435 388 490 ,Concordes
411 434 564 482 stabili
591 433 796 480 fatorum
819 430 1014 477 numine
1038 428 1215 476 Parcae.

116 525 398 593 'Adgredere
421 539 450 569 o
472 536 686 585 magnos,
710 520 860 566 aderit
874 519 979 584 jam
1002 518 1432 580 tempus,honore3,

123 616 243 675 Cara
265 615 404 662 deum
425 612 624 667 suboles,
646 625 880 673 magnum
904 608 1035 669 Jovis
1056 607 1431 654 incrementum!

121 706 333 770 Adspice
351 717 570 762 ,convexo
589 712 835 758 nutantem
855 699 1064 764 pondere
1080 698 1315 746 mundum
1334 721 1346 752 ;
1375 712 1435 761 50

122 795 386 858 Terrasque
397 792 663 855 traciusque
675 791 816 838 maris
829 790 1102 851 coelumque
1114 787 1406 852 profundum
1419 812 1433 844 ;

120 885 346 953 Adspice,
379 895 579 947 venturo
599 882 824 929 laetentur
844 892 899 927 ut
920 879 1084 938 omnia
1108 878 1263 926 saeclo.

167 1015 222 1054 48.
238 1014 409 1058 Adgredere:
430 1015 619 1057 scripturam
634 1025 650 1046 e
666 1013 758 1046 libris
773 1012 880 1045 firmat
900 1014 1023 1051 Burm.‚
1044 1012 1146 1044 nescio
1162 1021 1218 1044 cur
1233 1011 1297 1042 hoc
1318 1010 1439 1053 petisti-

124 1081 216 1102 mum
230 1071 311 1101 loco.
356 1071 491 1102 'suenda
506 1078 573 1102 erat
590 1082 640 1108 eo,
662 1070 746 1112 quod
763 1078 909 1101 tenorem
926 1076 958 1100 et
980 1067 1188 1099 constantiam
1207 1066 1294 1108 sequi
1310 1066 1440 1098 consen-

125 1130 256 1170 taneum
268 1122 320 1154 est.
410 1132 462 1178 49.
485 1124 536 1153 Cla
520 1136 573 1153 ara
589 1126 706 1154 Moret.
721 1130 824 1163 quart.
841 1128 872 1153 et
894 1120 1009 1152 Scheff.
1023 1119 1178 1151 recentiss.
1222 1120 1312 1150 Idem
1333 1119 1442 1150 versus

126 1173 161 1205 in
191 1174 260 1205 Ciri
290 1185 321 1221 y
352 1183 425 1216 399.
461 1175 566 1216 ficholes
594 1182 686 1205 vetus
716 1173 880 1216 scriptura.
969 1182 1022 1212 5²·
1050 1172 1207 1213 ‘Termffque
1234 1178 1260 1202 et
1286 1172 1441 1212 trafizsque

127 1226 258 1267 Menag.
277 1225 369 1263 alter,
390 1225 507 1256 scilicet
534 1225 573 1256 ad
603 1224 799 1256 fulciendum
832 1224 968 1254 versum.
1019 1222 1190 1263 ‘I'erramqne
1214 1220 1359 1253 nonnulli
1389 1231 1441 1262 ap.

127 1276 212 1308 Pier.

301 1285 354 1314 52.
379 1270 509 1307 letantur
530 1277 626 1306 Rom.
651 1276 757 1306 Pierii.
776 1275 859 1306 conf.
876 1276 984 1306 But-m.
999 1275 1039 1306 ad
1054 1273 1120 1304 Ecl.
1138 1275 1179 1310 ΙΙ,
1194 1272 1247 1304 66.
1277 1272 1384 1307 Bentl,
1400 1271 1442 1303 ad

125 1327 244 1379 :Horat-
262 1327 361 1371 Epist.
380 1328 405 1367 1,
424 1338 452 1369 1,
470 1336 524 1370 91,
545 1326 581 1358 et'
602 1328 662 1359 hoc
682 1327 922 1375 praeferenclum'
945 1327 978 1358 in
994 1328 1089 1366 poeta
1103 1325 1251 1356 arbitror.

286 1377 291 1391 Ι
906 1374 908 1376 ’
992 1375 996 1379 “

126 1448 175 1476 ex
194 1438 275 1475 colo
296 1437 451 1484 deducio
471 1437 543 1475 fata
570 1438 667 1481 sunt,
694 1437 753 1476 seu

129 1486 256 1526 saecla:
286 1488 363 1527 haec
383 1489 460 1526 neri
491 1490 685 1533 dicuntur;
714 1499 754 1526 ut

129 1538 226 1589 apud
236 1539 441 1578 Homerum
453 1542 558 1579 toties
562 1540 756 1580 ἓπικλώθειν

129 1590 206 1628 fata
250 1591 362 1629 alicui
405 1592 594 1637 destinare,
633 1589 752 1630 nendo

129 1641 413 1693 [011.Ἀλλ’ἔμο·
428 1662 474 1682 το
478 1648 753 1683 ἔτονέπέκλωσοιν

130 1692 321 1738 θεοίόλβον.
352 1688 493 1733 Habuit
510 1706 642 1741 autem,
653 1696 754 1752 quod

128 1745 205 1794 jam
242 1747 419 1795 Macrob.
453 1747 528 1792 VI,
581 1762 593 1786 1
643 1744 754 1793 vidit',

132 1796 244 1834 Maro
261 1807 344 1836 ante
360 1799 483 1836 oculos
500 1778 638 1839 C'atull.
664 1799 752 1842 LX‘,

136 1860 210 1897 320
228 1848 305 1900 sqq
295 1876 323 1893 ,
349 1850 413 1887 ubi
437 1851 484 1887 est
515 1844 647 1888 Cu²rrite
663 1852 752 1902 fifi.

132 1901 206 1937 Sed
233 1917 308 1946 vos,
350 1917 428 1954 quae
446 1907 536 1952 sata
555 1904 753 1953 lequuntur,

135 1952 272 1989 Currite
289 1956 435 1992 ducentes
451 1954 657 2002 subtemina,
679 1970 754 1992 cur-

132 2008 210 2046 rite,
200 2007 312 2107 ‚lfqszl
367 2006 489 2042 Tum
490 2020 546 2070 47
581 2007 757 2044 Concordes

122 2053 220 2104 stabi
296 2068 423 2095 atorum
453 2062 582 2096 numine
618 2060 755 2096 Parcae.

121 2110 213 2156 fata
231 2061 471 2157 sunststabslm,
498 2109 756 2154 immutabilia,

134 2156 251 2206 iisque
267 2176 383 2198 numen
406 2160 442 2197 h.
473 2162 528 2205 vis
555 2170 591 2197 et
610 2162 758 2210 potestas

135 2220 238 2258 aeque
273 2225 313 2249 ac
344 2213 507 2250 voluntas
534 2211 660 2249 divina
692 2213 756 2249 tri-

136 2258 274 2300 buitur.
327 2265 450 2301 Parcae
474 2265 634 2301 concordes
649 2268 759 2315 fatis,

138 2310 178 2347 h·
195 2310 235 2347 in
251 2314 333 2352 fatis
355 2315 546 2352 hominum
572 2328 760 2363 rerumque

139 2361 353 2403 definiendis
362 2376 396 2403 et
411 2366 679 2405 constituendis.
693 2367 759 2403 So-

137 2414 214 2449 lent
226 2427 342 2454 autem
359 2423 477 2476 poetae
497 2418 629 2457 modo·
619 2431 657 2454 1n
668 2432 759 2469 nup-

139 2463 202 2500 {lis
226 2469 367 2506 modo
358 2483 395 2506 m
420 2469 596 2506 natalibus
621 2469 762 2515 Parcas,

139 2524 285 2572 Μοιξας,
295 2521 463 2558 adhibere
480 2521 552 2558 fata
570 2531 746 2559 canentes.

196 2578 305 2626 48-
322 2585 380 2623 52.
429 2573 561 2610 Dicere
607 2573 681 2610 haec
717 2576 762 2610 ἐν-

141 2627 263 2671 Samiis
290 2624 335 2661 de
362 2637 487 2675 puero,
512 2625 586 2673 jam
615 2624 659 2661 ad
675 2624 764 2661 viri-

142 2681 215 2717 lem
235 2677 334 2714 illam
353 2687 490 2713 aetatem
518 2675 658 2720 adulto,
672 2672 762 2712 exis-

140 2730 322 2768 timandus
339 2729 384 2766 est
403 2732 527 2778 poeta,
540 2726 768 2786 impatienter

141 2782 259 2820 ferens
282 2793 434 2822 moram,
470 2790 505 2816 et
535 2779 611 2828 jam
643 2792 766 2815 ammo

141 2833 333 2885 providens
346 2831 513 2883 praesagia
524 2844 565 2867 ac
582 2829 767 2887 prodigia,

142 2889 223 2935 'quae
252 2896 419 2935 magnam
449 2896 567 2922 rerum
597 2881 766 2920 mutatio-

819 1449 902 1474 nem
918 1437 1150 1487 portendunt
1205 1447 1267 1491 49.
1286 1450 1443 1487 magnum

819 1489 926 1538 Jovis
944 1495 1007 1526 ine}
1010 1499 1188 1534 amentum,
1215 1487 1380 1524 alumnus
1407 1496 1444 1524 et

815 1539 1009 1583 nutricius,
1037 1539 1176 1589 θρέμμα
1206 1539 1296 1582 Διος,
1323 1538 1411 1589 διοτξ
1415 1557 1446 1576 ε-

821 1594 895 1641 φῆς,
915 1601 976 1628 ut:
1005 1591 1095 1640 J0ve
1111 1600 1225 1628 natus.
1243 1592 1292 1629 cf.
1311 1590 1446 1628 Cerd'a.

828 1658 885 1691 50.
915 1642 1065 1687 Eorum,
1110 1656 1189 1693 quae
1234 1642 1445 1693 sequuntur,

823 1692 992 1744 ambigua
1009 1695 1055 1732 est
1072 1703 1107 1731 et
1123 1695 1292 1732 strutstura
1308 1702 1344 1731 et
1370 1692 1448 1731 sen*-

822 1746 956 1783 tentia:
1002 1746 1117 1783 Potest
1165 1746 1265 1797 prior
1297 1744 1446 1783 versus·

823 1799 938 1847 Aspice
967 1813 1111 1835 convexo
1127 1808 1295 1835 nutantem
1307 1798 1448 1846 pondere

823 1851 976 1886 muniam
993 1862 1055 1898 per
1072 1849 1105 1886 se
1132 1849 1249 1899 accipi
1277 1858 1451 1899 tanquam

822 1900 1029 1951 phantasma
1048 1900 1296 1958 propheticum
1321 1899 1378 1936 seu
1395 1900 1449 1938 vi-

822 1952 900 1990 'sum
929 1952 1103 2002 prodigii,
1131 1951 1230 2003 quod
1261 1951 1448 1989 instantem

825 2017 942 2042 rerum
974 2003 1208 2040 inversionem
1234 2003 1446 2053 portendit:

825 2055 977 2093 ,univerfi
1006 2065 1176 2092 terrarum
1206 2054 1305 2091 orbis
1332 2065 1450 2092 motus

824 2105 868 2149 'ac
883 2117 1028 2145 tremor.
1083 2108 1217 2144 mundus
1241 2117 1363 2143 nutans
1376 2122 1449 2143 con-

827 2174 915 2196 vexo
925 2160 1029 2207 ponda
1032 2174 1065 2195 re
1077 2168 1200 2195 ornate
1217 2157 1333 2194 dictus
1355 2171 1449 2208 pro.

828 2210 981 2247 mundus
1004 2223 1199 2252 convexus,
1222 2209 1347 2246 caelum
1366 2222 1453 2247 con-

827 2264 974 2306 vexum,
1014 2270 1165 2298 nutans:
1201 2261 1290 2298 bene
1322 2261 1451 2298 tribui-

828 2323 888 2350 tur
919 2312 1169 2356 caelo‘moles,
1204 2312 1360 2363 pondus,
1393 2313 1450 2361 ins

829 2365 957 2415 primis
994 2365 1033 2401 in
1069 2375 1183 2402 motu.
1236 2365 1347 2401 Nutat
1388 2377 1452 2401 au-

829 2418 902 2453 tern
928 2428 963 2454 et
988 2416 1195 2453 concutitur
1218 2415 1316 2452 orbis
1342 2425 1452 2452 terra-

830 2481 924 2511 rum,
951 2479 1132 2517 tamquam
1159 2467 1314 2504 adventu
1328 2476 1365 2504 et
1391 2481 1452 2525 ap-

830 2519 1008 2588 'pai-itione
1054 2518 1227 2562 numinis,
1261 2519 1360 2577 quod
1415 2519 1454 2556 in

829 2572 1022 2620 ἐπιφανείαις
1035 2570 1185 2607 deorum
1203 2569 1280 2607 fieri
1297 2569 1455 2607 sollenne

830 2625 890 2661 est.
923 2623 1016 2674 Qae
1032 2622 1238 2671 sequuntur,
1257 2634 1341 2658 cum
1358 2630 1457 2658 ante-

830 2675 1008 2713 'cedente
994 2686 1146 2725 jungere
1163 2673 1263 2716 licet,
1283 2684 1319 2709 ut
1333 2684 1364 2710 et
1386 2675 1457 2722 ipsa

831 2738 939 2770 terra,
957 2741 1064 2770 mare,
1082 2724 1213 2768 caelum,
1230 2734 1371 2768 mctent‚·
1400 2733 1457 2760 ut-

833 2792 902 2828 que
918 2777 1129 2826 subjiciatur
1145 2777 1190 2813 fic
1210 2777 1255 2813 ad
1274 2776 1458 2813 declaran-

832 2829 915 2866 dam
933 2829 1108 2867 cauffamt
1135 2829 1261 2877 aq'spzce
1285 2839 1322 2864 ut
1351 2830 1460 2864 onmia

832 2880 991 2919 laetentur
1011 2890 1151 2917 venturo
1166 2879 1281 2928 soeclo,
1308 2877 1459 2914 instante

1326 2941 1459 2979 magna
