1821 3381
394 351 489 398 334
556 334 609 384 Ρ.
669 330 1059 381 VIRGILII
1129 321 1533 381 MARoNISi

393 471 459 518 Et
484 470 657 533 tophus
681 465 854 521 scaber,
887 475 931 510 et
957 463 1105 526 nigris
1130 463 1263 510 exesa
1286 463 1521 525 chelydris

397 561 553 616 Creta,
584 568 758 621 negant
782 556 901 602 alios
927 570 1061 617 aeque
1086 554 1376 619 serpentibus
1404 571 1542 619 agros

1615 571 1639 603 2
1650 560 1704 620 ῖς

395 651 603 699 Dulcem
629 648 745 696 ferre
769 648 934 694 cibum
964 659 1010 693 et
1033 662 1199 693 curvas
1224 647 1436 711 praebere
1460 648 1676 695 latebras.

395 742 523 806 Qoe
539 754 730 787 tenuem
748 739 933 786 exhalat
958 737 1179 784 nebulam
1205 737 1452 800 fumosque
1470 732 1676 785 volucris
1693 760 1723 793 3,

394 832 459 879 Et
495 831 618 878 bibit
652 832 921 885 humorem,
949 840 995 875 et
1018 844 1170 891 quum
1192 828 1311 886 vult,
1335 844 1393 875 ex
1425 827 1471 875 se
1507 827 1608 891 ipsa
1634 843 1710 875 re-

593 923 743 970 mittit
762 946 773 977 ;

394 1014 617 1079 Qaeque
641 1014 723 1060 suo
746 1011 885 1059 viridi
911 1009 1094 1074 semper
1119 1010 1163 1057 se
1185 1009 1404 1074 gramine
1426 1009 1580 1067 vestit,

395 1097 501 1153 Nec
527 1105 681 1152 scabie
705 1117 751 1151 et
772 1103 884 1151 salsa
908 1103 1040 1150 laedit
1067 1103 1287 1167 robigine
1310 1102 1519 1150 ferrum:
1617 1114 1713 1151 220

394 1194 487 1243 Illa
510 1195 599 1242 tibi
625 1195 748 1241 laetis
770 1195 950 1241 intexet
975 1193 1152 1241 vitibus
1175 1193 1331 1240 ulmos
1353 1216 1366 1247 ς

397 1285 488 1333 Illa
513 1285 640 1333 ferax
663 1284 770 1330 oleo
794 1284 889 1338 est;
923 1283 1056 1330 illam
1081 1285 1324 1346 experiere
1347 1283 1551 1332 colendo

443 1430 516 1458 214.
539 1422 612 1461 tcsus
629 1418 723 1449 multi
739 1417 890 1448 scribunt.
924 1417 1016 1460 jbffics
1042 1416 1143 1449 Goth.
1157 1416 1218 1448 sec.
1257 1417 1358 1459 fiaber
1372 1419 1507 1460 nigrisque
1521 1416 1596 1448 edd.
1615 1412 1714 1448 Alddss

397 1480 431 1503 et
446 1474 534 1514 Junt.
554 1471 760 1501 emendatum
777 1481 794 1499 a
819 1469 996 1510 Naugerio.
1041 1469 1185 1498 chelindris
1203 1475 1277 1499 tres.
1321 1470 1460 1499 chilindris
1481 1468 1717 1507 Erf.——215.

397 1524 508 1565 Vulgo
538 1520 828 1563 interpungebatur
853 1519 923 1560 post
950 1520 1053 1549 Creta:
1079 1526 1115 1550 ut
1141 1526 1240 1560 negant
1270 1517 1364 1552 effet:
1402 1526 1521 1561 negant
1555 1518 1714 1550 homine&
1774 1542 1779 1545 .

398 1575 524 1617 Jejune.
615 1571 688 1604 216.
702 1573 817 1612 furvas
842 1570 925 1612 conj.
953 1570 1005 1615 Jo.
1035 1569 1200 1600 Schrader.

398 1626 463 1667 legi
479 1630 570 1656 'notat
591 1622 732 1654 Ursinus.
780 1624 826 1653 At
853 1621 927 1653 vide
955 1623 1088 1652 Notam.
1132 1622 1253 1652 tenebras
1270 1621 1392 1664 Regius
1408 1621 1547 1652 Martin.
1639 1629 1718 1660 217:

400 1678 493 1720 Qfem
512 1675 614 1706 Goth.
629 1674 833 1715 pr.Jitm13sque
856 1674 953 1703 lucaris
978 1673 1074 1703 Rom.
1166 1673 1240 1704 218.
1268 1675 1308 1704 Ut
1325 1674 1391 1705 bibit
1409 1674 1493 1703 Ven.
1539 1674 1614 1716 Qae
1632 1682 1716 1703 unus

399 1728 507 1761 Mead.
596 1735 669 1766 219.
681 1727 792 1767 semper
807 1726 896 1754 viridi
913 1723 1037 1754 Medic.
1054 1730 1087 1754 et
1104 1724 1228 1754 Moret.
1248 1734 1310 1766 pr„
1325 1723 1360 1755 it.
1384 1723 1481 1754 Pierii
1498 1724 1609 1760 Rom„
1627 1730 1716 1754 uter-

398 1788 460 1822 que
477 1777 577 1810 Goth.
621 1779 723 1807 viridis
749 1775 898 1806 emendat
923 1774 1034 1806 Faber.
1080 1774 1206 1806 Scilicet
1229 1786 1294 1806 non
1320 1775 1404 1806 male
1422 1774 1468 1805 ita
1492 1771 1665 1816 legeretur,
1689 1773 1714 1805 fi

397 1833 503 1874 po'e'tae
519 1831 562 1861 ita
578 1828 667 1870 loqui
682 1827 853 1870 placuisset.
946 1835 1020 1858 220.
1044 1827 1115 1856 Haec
1139 1837 1221 1857 unus
1244 1827 1357 1858 Mead.
1400 1828 1533 1868 autsbgfa
1549 1825 1672 1858 Medic.
1695 1836 1716 1857 a

399 1894 444 1914 m.
463 1882 521 1913 sec.
536 1891 610 1913 cum
626 1880 720 1911 Leid.
744 1887 776 1911 et
802 1878 904 1910 Goth,
929 1878 987 1909 see.
1004 1878 1090 1919 falsa
1114 1881 1244 1920 Menag.
1262 1887 1473 1920 pra—-22L
1497 1879 1566 1919 Ipfiz
1583 1876 1714 1908 Zulich.·

399 1937 498 1964 isslexit
513 1933 585 1964 edd.
604 1931 675 1962 aliae
692 1939 724 1962 et
742 1931 842 1962 Goth⁸
870 1930 931 1961 sec.
957 1930 1008 1960 tibi
1031 1931 1060 1960 in
1078 1931 1148 1960 laetis
1175 1930 1281 1961 Mead.
1373 1937 1447 1961 222.
1468 1930 1522 1959 oleo
1544 1939 1561 1959 e
1585 1928 1717 1960 vetustis

400 1985 500 2018 Pierii
515 1993 548 2017 et
564 1985 676 2017 multis
692 1983 754 2015 suis
768 1982 909 2025 reposuit
926 1981 1038 2013 Heius.
1083 1982 1134 2012 Sic
1160 1989 1192 2013 et
1218 1981 1369 2013 laudabat
1395 1981 1522 2013 Nonius
1536 1980 1715 2013 Marceiluu

400 2046 432 2070 et
448 2036 624 2069 Arusianus
639 2035 781 2067 Meffius.
803 2037 863 2067 olea
878 2034 977 2077 vulgo
993 2033 1117 2066 editum
1132 2039 1164 2065 et
1179 2033 1300 2065 leffium
1315 2041 1389 2064 cum
1405 2032 1524 2064 Medic.
1543 2032 1596 2062 οἶες
1611 2031 1715 2064 Οοιὴε

399 2090 458 2121 see.
478 2099 550 2120 cum
567 2087 634 2118 Erf.

1261 1582 1365 1600 vacuas
1390 1577 1424 1601 et
1448 1572 1548 1600 varias
1566 1569 1600 1600 in
1625 1568 1721 1600 libri&

1088 2194 1145 2233 Ita
1191 2194 1300 2232 etiam
1334 2210 1426 2247 nego.
1493 2192 1575 2231 Nec
1608 2192 1715 2230 aliter

1089 2247 1226 2285 Graeci.
1287 2246 1406 2283 Paullo
1421 2246 1496 2297 post
1520 2259 1555 2282 v.
1573 2257 1593 2281 2
1600 2257 1648 2294 34
1652 2245 1715 2294 fin

1087 2302 1208 2348 insua
1227 2301 1311 2350 pff
1341 2297 1512 2350 negabunt
1541 2297 1599 2333 Ire
1628 2296 1716 2336 loca.

1089 2349 1181 2387 Item
1203 2354 1275 2388 268
1296 2358 1332 2386 et
1349 2351 1397 2386 al.
1451 2348 1508 2385 Ita
1534 2348 1633 2391 nolle,
1661 2361 1714 2384 re-

1089 2405 1216 2451 cusare,
1234 2414 1315 2452 pro,
1347 2413 1421 2437 non
1447 2400 1540 2450 poffe
1555 2415 1566 2444 3
1593 2407 1629 2435 et
1657 2413 1714 2434 no-

1086 2457 1159 2497 vit,
1187 2466 1253 2504 pro
1279 2451 1402 2503 potest.
1467 2454 1563 2501 exesa
1593 2457 1715 2487 caver-

1088 2504 1189 2549 nosa,
1210 2514 1248 2541 ut
1266 2503 1354 2540 AEn.
1383 2501 1496 2547 VIII,
1523 2506 1596 2550 418
1615 2504 1714 2549 exesa

399 2198 468 2243 ria,
500 2198 697 2248 thymelaeae
729 2196 844 2239 affini,
865 2210 900 2233 v.
930 2196 968 2233 h.
996 2195 1022 2233 l.

400 2250 605 2289 Mai-tinum
617 2260 652 2286 et
666 2249 739 2298 sup.
750 2249 796 2284 ad
805 2248 1006 2298 Eel.II‚49.

454 2303 671 2352 214-216,
717 2299 902 2336 Sententia
943 2300 991 2336 est
1012 2311 1021 2335 ε

402 2354 519 2391 Terra
538 2353 711 2403 tophaeea
727 2361 763 2387 et
789 2351 924 2388 cretosa
953 2351 1023 2387 ser-

399 2405 568 2457 pentibus
588 2404 753 2441 omnium
776 2402 821 2438 est
839 2402 1025 2452 aptiffima.

403 2458 490 2494 Hoc
509 2457 561 2494 ita
576 2455 738 2493 extuliss'e
756 2454 873 2490 videri
889 2453 994 2490 debet
1011 2466 1021 2490 ε

398 2510 514 2559 tophus
531 2518 564 2544 et
579 2518 669 2544 creta
689 2516 811 2557 negant
829 2503 910 2542 alfes
927 2518 1024 2556 agros

401 2577 494 2611 aeyue
516 2563 617 2610 ferre
646 2557 854 2608 strpemibus
902 2557 1024 2599 cibum,

400 2612 554 2653 scilieet.
581 2624 623 2647 ac
641 2609 721 2660 ipfi,
749 2609 878 2658 tophus
894 2617 930 2644 et
948 2620 1024 2644 cre-

400 2673 452 2707 ta,
480 2663 615 2699 ferunt.
658 2659 816 2698 Sollenni
835 2664 1025 2710 poetarum

402 2727 503 2752 more
532 2714 579 2750 fic
604 2713 694 2749 solet
728 2711 829 2748 rebus
862 2711 936 2747 vita
967 2723 1026 2746 ca-

401 2765 579 2808 rentibus,
609 2763 663 2800 uti
696 2776 797 2801 mens
829 2772 866 2798 et
908 2761 1025 2798 confi-

399 2818 508 2860 lium,
527 2817 577 2854 ita
593 2816 750 2866 loquela,
770 2813 896 2850 tribui.
943 2814 1025 2851 No-

400 2880 477 2907 tum
496 2867 588 2905 illud
603 2866 765 2903 Catulli:
795 2865 954 2912 Phrfi’lus
971 2865 1027 2902 ille

401 2927 503 2958 -ait
524 2921 629 2970 suff
662 2923 805 2956 naviam
841 2916 1024 2954 celerrima.

1087 2562 1223 2594 caminis
1234 2566 1339 2592 antra
1353 2555 1504 2593 AEtstzaea
1519 2568 1530 2590 .·
1544 2566 1617 2591 non
1629 2565 1717 2590 vero

1087 2608 1184 2657 quasi
1218 2607 1390 2656 serpentes
1417 2617 1547 2642 terram
1582 2605 1714 2642 exede-

1092 2659 1178 2696 rint.
1235 2661 1320 2696 216.
1341 2672 1466 2696 curvas
1483 2655 1631 2694 latebras
1647 2667 1716 2706 pro

1090 2710 1201 2747 cavis.
1254 2709 1315 2746 Sic
1330 2708 1457 2756 etrGe.
1477 2707 1552 2750 ΙΙΙ,
1567 2718 1655 2758 544..’

1143 2773 1358 2811 217-—225-
1388 2759 1466 2796 Post
1505 2769 1614 2796 terras
1647 2757 1715 2799 ssn-,

1088 2813 1185 2863 gulis
1234 2812 1385 2849 culturae
1424 2810 1615 2861 generibus
1651 2821 1714 2860 ap-

1089 2878 1143 2901 tas
1181 2873 1354 2903 memorat
1388 2862 1467 2913 agri
1497 2874 1607 2912 genus
1648 2873 1714 2911 op-

1089 2916 1223 2953 timum
1253 2913 1398 2957 vinetis,
1439 2912 1598 2956 olivetis,
1637 2911 1715 2948 fru-

1588 2974 1718 3001 mentis
