1987 3361
471 309 585 343 xc11
867 290 976 339 DE
1055 290 1447 341 VIRGILII

466 428 515 468 iis
532 428 697 480 quidem,
723 425 785 478 qui
804 427 987 465 variorum
1005 440 1130 478 operas
1145 439 1372 472 reeoxerunt,
1401 429 1530 467 melius
1546 429 1649 468 suum
1664 429 1790 473 Iocum

463 488 581 529 tuitus
599 489 682 526 effet
697 501 804 540 quam
823 486 944 526 viceni
964 486 1028 525 alii
1043 487 1374 528 Commentatores.

1075 633 1087 658 1
1124 622 1142 656 8
1175 648 1185 658 .

516 686 562 724 P.
596 687 641 723 V.
672 685 729 723 M.
763 687 880 738 Opera
911 704 982 726 cum
1014 634 1268 727 ComZm-imriis
1305 689 1424 728 Ser-vii
1451 690 1580 728 M'auri
1607 690 1788 736 Honorati,

461 747 605 797 impr-ff
623 746 698 783 XV
716 747 796 783 Cal.
818 747 928 797 April.
959 747 1150 786 Florentiae
1617 748 1647 787 f.
1673 753 1786 800 1487.

517 803 644 841 Maitt.
674 819 710 855 p.
741 807 828 854 486.
857 806 981 857 Clzph.
1014 806 1171 845 Landini
1200 807 1480 846 commentarios
1511 819 1579 858 pro
1604 806 1785 845 Serviani&

463 864 570 914 ponit
601 863 785 902 orlandus
815 879 851 915 p.
889 866 972 915 136.
1039 867 1081 904 In
1114 867 1274 905 Laudini
1304 866 1574 904 commentariis
1607 865 1787 904 consentit
1840 868 1847 871 “

465 921 685 960 Fontnninus
717 924 804 973 Hfi.
838 924 904 961 litt.
937 925 1083 976 Aquila.
1114 939 1149 976 p.
1178 939 1243 975 40,
1275 926 1334 963 sed
1374 927 1467 976 1485
1502 924 1696 963 Florentia:
1722 935 1790 974 per

463 982 578 1032 Chph.
602 983 791 1020 Lmzdinmn
818 992 981 1020 curatam
1002 983 1155 1035 Virgilii
1174 984 1372 1022 editionem
1393 991 1584 1028 memorat,
1602 982 1661 1020 cui
1681 981 1784 1021 Ciris

463 1042 546 1078 esset
565 1041 707 1079 inserta.
780 1040 943 1079 Videant
960 1042 1006 1079 de
1024 1043 1080 1080 his
1106 1043 1150 1087 ii,
1177 1043 1308 1094 quibus
1327 1043 1381 1080 hae
1397 1042 1575 1080 editiones
1591 1041 1634 1078 ad
1657 1055 1784 1081 manus

461 1098 565 1137 sunt:
609 1099 699 1137 mihi
732 1098 927 1137 admodum
959 1101 1147 1151 probabile
1173 1102 1227 1145 fit,
1269 1101 1434 1138 Servium
1463 1114 1545 1138 cum
1578 1099 1726 1139 Donato
1744 1107 1785 1139 et

461 1157 622 1196 Landini
642 1167 849 1195 commento
872 1162 967 1208 1485
986 1168 1022 1195 et
1038 1172 1120 1196 mox
1144 1162 1236 1208 1487
1259 1158 1453 1196 Florentiae
1471 1158 1662 1209 prodiiffe3
1687 1159 1784 1210 ejus-.-

459 1229 532 1268 que
551 1217 802 1268 repetitionem
819 1218 885 1254 effe
902 1217 1101 1257 editionem
1118 1232 1182 1270 per
1197 1218 1331 1270 Ligam
1350 1218 1518 1257 Boariam
1535 1217 1563 1256 s.
1582 1230 1616 1255 a.
1648 1216 1695 1256 de
1712 1230 1783 1270 qua

461 1288 498 1315 v.
524 1274 594 1313 inf.

512 1335 558 1372 P.
583 1335 624 1372 V.
647 1333 706 1374 M.
731 1349 803 1372 exem
821 1334 942 1372 Set-vil
954 1340 1203 1378 commetzfariis.
1260 1336 1428 1373 Carmina
1445 1341 1590 1380 minora,
1616 1334 1786 1376 Venetii'n

450 1403 519 1448 per
533 1395 720 1443 Baplstam
746 1395 785 1430 de
806 1393 913 1430 Tomis
938 1396 1049 1445 1497,
1068 1396 1119 1432 die
1148 1395 1291 1432 XXIII
1304 1395 1404 1432 Maii
1578 1394 1607 1432 f.
1667 1399 1781 1447 1487.

516 1451 709 1501 (Biblioth.
732 1453 850 1489 Acad.
874 1453 1066 1503 Gotting.)
1094 1454 1275 1504 repetitio,
1303 1465 1342 1492 ut
1361 1452 1550 1505 probabile
1567 1453 1622 1500 fit,
1647 1454 1785 1493 editio-

459 1511 518 1550 nis
538 1515 649 1561 1483,
677 1511 747 1548 fine
767 1511 927 1548 Domitii
952 1521 1069 1548 tamen
1089 1523 1310 1550 commento,

513 1572 560 1609 P.
583 1571 624 1610 V.
645 1571 699 1608 M.
731 1571 846 1620 Opera
872 1586 943 1608 cum
962 1571 1142 1608 Comment.
1163 1570 1537 1609 Servii———Mediolani
1548 1581 1614 1621 per
1631 1571 1782 1610 Leonar-

458 1631 537 1670 dum
567 1628 706 1667 Pachel.
733 1639 766 1665 et
792 1628 987 1666 Udalricum
1015 1629 1251 1679 Scinzergseller
1606 1629 1636 1667 f.
1669 1634 1784 1683 1487.

515 1689 588 1739 Ap.
607 1687 754 1725 Saxium
772 1700 808 1737 p.
840 1690 911 1738 583
937 1698 972 1725 et
989 1688 1101 1725 Denis
1119 1688 1244 1740 Suppl.
1264 1688 1391 1729 Maitt.
1415 1702 1452 1741 p,
1473 1701 1564 1742 237,
1591 1702 1630 1734 n.
1664 1693 1779 1742 1879,

458 1746 624 1802 Repetiti
642 1745 738 1784 haud
756 1744 867 1786 dubie
883 1745 944 1784 ed.
967 1750 1063 1801 1478
1092 1747 1172 1785 velo
1195 1749 1304 1799 1481.

1066 1876 1178 1926 1488.

510 1945 558 1985 P.
582 1945 623 1984 V.
642 1945 700 1983 M.
720 1944 876 1983 Bucolica
892 1957 905 1981 .·
934 1944 1144 1982 Daventriae
1601 1957 1641 1995 4.
1665 1946 1778 1994 1488.

511 2003 657 2043 Fabric.
679 2005 719 2042 Β.
748 2004 830 2040 Lat.
851 2004 938 2042 Vol.
958 2003 1012 2050 II,
1039 2018 1074 2055 p.
1100 2018 1119 2042 2
1126 2017 1187 2052 3¹.
1242 2003 1402 2043 Videtur-
1420 2003 1465 2042 ad
1483 2004 1634 2043 eandem
1655 2003 1772 2043 offiei-

458 2075 542 2102 nam
571 2063 746 2115 speetare:
776 2061 978 2101 Moretum.'
1024 2065 1088 2101 Vir
1113 2063 1224 2101 bonus.
1291 2066 1346 2103 De
1377 2066 1478 2117 Rqsa.
1541 2065 1598 2102 De
1631 2065 1715 2104 Vino
1743 2075 1780 2104 et

459 2124 599 2161 Venere.
654 2122 864 2159 Daventrz'ae
881 2121 919 2159 in
938 2121 1084 2159 officina
1104 2122 1247 2160 Alberti
1266 2122 1407 2162 Pafraet
1639 2123 1668 2164 s.
1684 2137 1718 2163 a.
1735 2137 1778 2176 4,

510 2182 699 2218 Crevenna
720 2180 908 2232 Calalogue
927 2180 1015 2217 Vol.
1035 2180 1108 2224 ΙΙΙ,
1128 2179 1169 2218 P.
1189 2181 1223 2226 I,
1240 2196 1277 2232 p.
1302 2195 1386 2234 199·

509 2239 559 2277 Et
588 2239 742 2277 Bucolica
769 2255 838 2276 cum
859 2240 1024 2292 Georgicis
1055 2252 1116 2288 per
1144 2239 1372 2278 Richardum
1402 2240 1543 2278 Pafraet
1564 2240 1776 2279 Daventriae

459 2301 558 2349 1489
577 2296 682 2334 habet
713 2296 939 2334 Bibliotheca
970 2297 1196 2336 Academica
1224 2300 1352 2338 nostra.
1416 2297 1555 2338 Eadem
1573 2298 1768 2349 aliquoties

457 2355 623 2409 repetita,
652 2364 690 2392 ut
709 2368 744 2392 a.
769 2360 878 2405 1498.
904 2368 1014 2407 1500.

513 2414 650 2467 Virgilii
676 2425 773 2465 opera
797 2431 867 2452 cum
896 2416 1014 2452 Ser-vii
1040 2415 1318 2463 Commentariis,·
1345 2415 1391 2454 ad
1410 2416 1511 2467 qu‘us
1530 2417 1664 2455 calcem
1682 2417 1773 2469 Iegi-

455 2484 538 2514 tur:
568 2476 675 2524 Impr.
706 2475 762 2511 hoc
791 2484 864 2523 opus
884 2473 1050 2510 Venetiis
1062 2484 1128 2523 per
1142 2475 1348 2527 Magssrum
1373 2476 1546 2515 Andream
1564 2478 1603 2514 de
1620 2477 1772 2516 Pallha-

438 2534 561 2588 scithis
580 2535 800 2583 Catanen-sem
825 2537 935 2583 1488,
954 2534 1040 2572 Kal.
1062 2534 1151 2583 Sa’pl.
1602 2536 1631 2574 f.
1655 2540 1768 2588 1488.

509 2592 685 2630 Biblioth.
708 2592 826 2630 Acad.
847 2593 1038 2643 Gotting„
1065 2593 1152 2630 item
1182 2594 1356 2633 Biblioth.
1377 2594 1491 2634 Elea.
1509 2595 1640 2635 Dresd.
1707 2597 1770 2636 Est

453 2652 595 2696 eadem,
623 2652 669 2689 de
686 2665 755 2702 qua
774 2651 900 2690 Maitt.
921 2666 957 2702 p.
980 2655 1069 2702 781,
1095 2662 1131 2689 et
1159 2653 1297 2692 Indicis
1318 2656 1416 2707 App.
1443 2670 1480 2708 p.
1502 2656 1574 2707 560
1594 2656 1694 2693 nullo
1710 2666 1768 2707 ty*

454 2710 633 2764 pographi
660 2710 805 2747 nomine
836 2710 976 2748 addito.
1047 2712 1233 2752 Convenit
1262 2713 1327 2754 illa
1357 2728 1444 2757 cum
1479 2715 1621 2755 Veneta
1655 2719 1769 2770 1487.

454 2769 620 2822 Subjetf’ta
637 2782 781 2822 quoque
800 2768 976 2807 Carmina
993 2769 1152 2814 minora,

1655 2888 1777 2945 1483.
