1987 3361
498 324 669 356 1.xV111
840 307 953 355 DE
1019 305 1451 353 VIRGILII

498 443 650 491 facere
681 443 760 489 vix
786 442 909 498 licet,
953 440 1037 486 nisi
1073 439 1201 502 quod
1233 436 1339 485 satis
1371 447 1580 484 recentes
1606 436 1697 484 effe-
1723 436 1801 483 vi·-

495 528 682 575 dentur.

578 609 742 656 Etiam
777 608 945 653 duorum
987 602 1375 664 I-Iamburgetfium,
1411 616 1528 663 quos
1565 617 1678 648 cum
1693 601 1801 649 vul-

497 705 607 755 gata
632 691 830 737 lectione
855 686 1077 735 Heinfius
1103 685 1382 740 contulerat,
1416 685 1691 731 varietatem
1714 685 1801 732 ad-

499 773 744 836 scripscrat
771 771 957 819 Cortius
980 792 991 822 ;
1027 766 1220 814 tandem
1244 765 1497 827 Bcfilemfi‘s
1527 767 1800 814 veterrimas

500 854 796 901 membranas
821 853 867 898 in
893 849 1099 911 EclogiS,
1144 846 1321 908 Georg.
1351 850 1371 894 I
1397 858 1444 892 et
1468 846 1580 894 AEn.
1619 848 1735 905 XII,
1772 863 1800 910 7
1838 870 1844 873 ·

495 936 779 999 inspexerat.
859 932 955 978 Diu
996 928 1239 975 haerebam
1274 928 1425 974 animi
1464 928 1650 985 dubim,
1685 930 1803 991 quid

498 1018 570 1066 his
595 1017 745 1078 copiis
772 1015 992 1068 facerem,
1028 1026 1138 1056 cum
1164 1008 1268 1070 jam
1302 1009 1349 1054 in
1379 1010 1526 1056 altero
1561 1010 1805 1058 volumine

500 1098 694 1163 Virgilii
732 1094 949 1149 versarer,
982 1090 1173 1154 quando
1207 1090 1303 1136 illae
1329 1091 1387 1136 ad
1418 1107 1496 1137 me
1531 1108 1805 1154 pervenere,

500 1198 652 1245 neque
695 1178 967 1227 consultum
999 1175 1254 1230 videretur,
1288 1175 1336 1220 in
1373 1175 1585 1222 instituto
1621 1177 1804 1241 aliquid

499 1275 710 1315 mutare;
746 1275 859 1306 mox
883 1274 1009 1315 vero,
1033 1257 1218 1304 excuffo
1233 1256 1317 1302 illo
1341 1258 1541 1321 opiparo
1563 1273 1807 1323 apparatu,

498 1347 727 1401 intellexi,
768 1343 802 1390 fi
838 1358 947 1388 meo
980 1340 1176 1388 consilio
1211 1342 1261 1386 in
1285 1341 1570 1389 recensendo
1603 1343 1807 1406 Virgilio

498 1431 824 1491 obtemperare
843 1426 1030 1481 vellem,
1054 1441 1110 1471 ne
1124 1425 1319 1488 quidem
1335 1426 1513 1488 apponi
1537 1443 1562 1472 a
1580 1443 1658 1472 me
1681 1426 1809 1489 posse

501 1513 618 1558 hanc
644 1509 860 1555 variantis
886 1508 1096 1555 lectionis
1129 1508 1320 1562 silvam;
1356 1510 1570 1555 meliores
1595 1509 1724 1556 enim
1749 1526 1807 1556 ex

500 1594 556 1640 iis
581 1593 869 1639 membranis
888 1592 993 1655 jam
1019 1592 1242 1638 Heinsius
1268 1592 1521 1656 diligenter
1554 1609 1809 1655 compara-

501 1687 655 1729 verat3
693 1686 879 1722 caeterae
919 1674 1014 1720 fere
1058 1675 1338 1721 recentiores
1375 1675 1496 1733 sunt,
1531 1689 1576 1722 et
1610 1677 1807 1723 varietas

500 1759 613 1805 hinc
637 1759 859 1820 decerpta
877 1758 936 1803 ad
956 1757 1107 1820 lapsus
1129 1758 1221 1804 fere
1245 1759 1546 1805 librariorum
1571 1771 1616 1805 et
1631 1775 1807 1808 errores

501 1839 729 1887 sollennes
754 1839 892 1896 redit,
926 1856 1131 1901 quorum
1154 1841 1422 1886 enotatione
1437 1841 1811 1905 Virgiliurn'jam

502 1921 563 1967 sic
588 1921 791 1967 nimium
818 1934 1062 1967 oneratum
1088 1921 1323 1978 videbam,
1359 1938 1444 1969 nec
1482 1922 1688 1971 frucstum
1727 1942 1811 1972 ex-

501 2003 689 2065 pec‘tare
709 2016 939 2065 poteram,
969 2019 1112 2065 quem
1137 2003 1245 2049 inde
1277 2004 1520 2069 percipere
1548 2007 1725 2063 liceret,
1760 2008 1810 2064 fi,

503 2085 721 2147 inprimis
763 2086 811 2131 in
848 2086 1047 2132 lectione
1065 2085 1358 2149 jamdudum
1392 2089 1512 2135 rec'te
1544 2092 1811 2149 constituta,

503 2182 589 2213 nec
613 2167 759 2214 dubia
783 2181 862 2214 aut
885 2168 1099 2225 obscura,
1133 2168 1346 2232 vulgares
1370 2170 1670 2218 librariorum
1692 2173 1812 2219 allu-

503 2247 762 2294 cinationes
778 2248 1031 2294 sexcenties
1050 2265 1369 2312 recoquerem.
1439 2252 1511 2297 Ita
1534 2252 1703 2314 saepius
1721 2266 1811 2300 tae-

503 2328 585 2374 dio
617 2344 669 2374 ac
695 2329 982 2390 poenitentia
995 2331 1179 2377 vietum
1203 2349 1280 2378 me
1304 2334 1521 2391 memini,
1556 2336 1683 2397 quod
1713 2338 1811 2383 lec-

505 2409 685 2456 tionem
716 2410 947 2457 librorum
972 2412 1306 2460 Gothanorum
1340 2431 1579 2478 apponere
1598 2418 1813 2465 institue-

503 2507 621 2538 ram.
690 2492 778 2539 Per
809 2505 961 2540 totum
985 2496 1114 2542 enim
1150 2497 1412 2561 Virgilium
1437 2500 1517 2547 vix
1555 2518 1702 2547 unum
1739 2503 1812 2549 lo-

504 2587 619 2620 cum
642 2575 754 2620 novi
777 2575 943 2621 melius
969 2593 1024 2622 ex
1049 2577 1104 2623 iis
1129 2580 1453 2628 constitutum.
1524 2583 1811 2646 Persequen-

504 2653 623 2701 dum
646 2666 803 2703 tamen
826 2668 925 2703 erat
946 2659 1174 2721 religiose,
1209 2664 1335 2724 quod
1361 2665 1501 2711 semel
1522 2681 1809 2728 receperam.

507 2732 695 2798 Inspexi
720 2735 878 2800 itaque
909 2736 1189 2788 Cortianum
1222 2756 1502 2806 apparatum
1536 2758 1720 2792 tantum
1761 2747 1812 2792 in

1696 2828 1813 2876 locis
