1987 3361
280 304 382 353 DE
428 272 802 351 c‘ARMINE
848 299 1273 348 BUCOLICO.
1375 319 1426 351 11

117 436 326 501 po‘e'tices
364 433 499 490 ratio,
534 443 586 479 ut
612 429 838 494 jucundis
870 441 916 476 et
951 431 1098 494 gratis
1131 447 1289 479 rerum
1312 431 1436 478 ima-

116 520 307 585 ginibus
331 519 546 575 delectet,
570 515 787 564 tollitur?

185 603 460 659 Enimvero,
483 601 517 647 fi
540 613 691 647 totam
714 597 923 644 bucolici
951 596 1177 644 carminis
1202 598 1435 645 rationem

117 686 191 732 his
228 686 424 748 quidem
454 683 643 740 finibus,
676 681 850 744 quibus
894 681 1043 728 modo
1080 698 1184 728 eam
1222 682 1436 729 circum-

118 769 404 832 scripsimus,
435 766 668 815 contineri
707 765 866 823 libeat,
894 765 1010 828 quid
1037 783 1195 828 mag-nce
1233 766 1436 814 Theocri-

118 862 274 900 teorum
310 863 352 899 et
385 852 707 914 Vz'rgilicznorum
745 851 975 896 carminum
1003 851 1133 910 parti
1164 848 1321 906 facias,
1361 851 1436 896 vi-

118 934 329 983 dendum
353 934 440 982 tibi
465 934 544 981 cst.
615 934 679 980 Et
713 932 890 995 Virgilii
910 931 1107 994 quidem
1144 935 1307 995 quinta,
1323 934 1438 995 sep-

119 1020 239 1076 tima,
273 1030 319 1065 et
348 1025 500 1065 οέῗιῑυα
531 1018 657 1066 haud
697 1017 855 1072 dubie,
888 1016 1246 1078 quodammodo
1289 1017 1435 1063 etiam

118 1103 249 1147 tertia
272 1101 436 1165 ecloga
458 1101 516 1148 ad
540 1101 587 1148 id
612 1117 760 1164 genus
783 1098 944 1145 referri
967 1097 1157 1160 poterit,
1181 1097 1358 1160 reliqua
1375 1097 1435 1144 ab

120 1201 175 1230 eo
198 1184 348 1231 aliena
378 1185 466 1232 effe
489 1185 627 1232 facile
649 1194 844 1247 apparet
868 1183 908 1228 *.
980 1180 1107 1244 Qae
1132 1179 1329 1241 quidem
1348 1195 1436 1236 res,

119 1283 232 1314 cum
268 1267 463 1330 Virgilii
498 1279 545 1313 et
588 1264 838 1313 Theocriti
875 1263 1087 1310 carmina
1123 1273 1222 1307 tarn
1263 1261 1435 1308 diverfi

119 1349 306 1412 generis
333 1349 437 1406 sint,
471 1360 571 1396 tam
608 1347 801 1395 diversis
827 1338 1076 1393 doetorum
1101 1344 1352 1390 hominum
1376 1345 1436 1392 de

120 1429 258 1493 hujus
280 1429 467 1492 generis
496 1441 662 1476 natura
693 1441 739 1474 et
763 1438 862 1474 arte
878 1425 1077 1490 judiciis
1101 1425 1262 1471 locum
1288 1423 1434 1480 fecit;

119 1530 231 1560 cum
261 1525 341 1560 aut
364 1527 580 1560 naturam
602 1511 812 1559 bucolici
829 1509 1052 1557 carminis
1076 1524 1133 1554 ex
1156 1507 1248 1553 illis
1273 1523 1439 1553 exem-

122 1598 213 1661 plis
241 1596 522 1644 constituere
552 1607 632 1641 aut
660 1594 718 1641 ad
744 1593 989 1640 notionem
1020 1607 1046 1638 e
1070 1604 1235 1637 natura
1258 1593 1324 1638 rei
1362 1593 1438 1638 in-

123 1682 332 1731 stitutam
357 1695 577 1726 revocare
608 1678 689 1724 illa
725 1676 945 1738 exempla
980 1674 1172 1722 vellent.
1243 1675 1437 1722 Scilicet

121 1765 190 1812 uti
215 1782 266 1811 ea
290 1765 422 1810 notio
447 1764 570 1810 rec'te
590 1778 661 1819 eo,
682 1778 829 1825 quem
861 1758 1044 1822 sequuti
1082 1758 1256 1816 sumuS‚
1290 1761 1437 1807 modo

122 1848 368 1898 informari
393 1846 543 1893 videri
579 1846 746 1909 potest,
782 1845 849 1891 ita
886 1841 1241 1906 ingeniosorum
1276 1842 1438 1889 homi-

123 1948 238 1978 num
284 1929 497 1984 sollertia,
535 1943 644 1990 quae
682 1927 805 1973 intra
849 1925 959 1972 artis
993 1940 1045 1971 ac
1080 1936 1438 1987 praeceptorum

122 2012 355 2075 angustias
380 2010 462 2057 vix
498 2009 706 2056 co‘e'rceri
741 2009 911 2074 potest,
945 2009 1034 2054 alia
1057 2022 1215 2070 genera
1240 2005 1436 2062 invenit,

125 2110 233 2157 quae
257 2111 370 2141 cum
393 2094 475 2140 illo
501 2092 750 2158 conjunffita
774 2110 860 2140 nec
885 2106 1043 2140 tamen
1067 2092 1205 2153 plane
1226 2086 1437 2151 ejusdem

127 2177 257 2224 modi
283 2177 402 2225 sunt.
469 2177 533 2223 Et
572 2176 778 2239 Virgilius
813 2174 1026 2238 quidem,
1066 2189 1177 2218 nam
1218 2170 1277 2216 ad
1311 2170 1438 2218 hunc

126 2261 280 2307 omnis
328 2261 480 2308 nostra
529 2258 737 2322 speetare
780 2259 923 2305 debet
965 2255 1238 2318 disputatio,
1288 2270 1438 2302 novum

121 2359 251 2405 genus
279 2342 520 2389 constituit
545 2343 592 2388 in
626 2357 696 2398 eo,
730 2350 779 2387 ut
812 2357 905 2386 non
943 2350 1102 2385 tamen
1134 2335 1364 2399 imagines
1393 2347 1439 2383 et

127 2424 352 2471 attributa
389 2441 546 2472 rerum
584 2442 641 2472 ex
685 2440 822 2471 aurea
872 2434 1012 2469 aetate
1056 2431 1303 2483 repeteret,
1360 2418 1438 2464 sed

127 2510 258 2571 ipstzm
280 2525 449 2555 auream
472 2521 641 2557 aetatem
676 2509 1012 2572 repraesentaret,
1052 2505 1285 2559 homineS,
1325 2502 1438 2548 deos

179 2657 203 2678 ἕ·
223 2657 364 2694 Servius
383 2655 420 2693 in
437 2667 589 2705 prooem.
619 2653 657 2691 in
677 2653 747 2691 Bu-
814 2666 901 2702 quas
953 2651 1171 2689 Theocritus
1208 2650 1247 2687 X
1293 2650 1441 2688 habet.”

131 2710 201 2746 col.
231 2716 256 2731 “
281 2710 370 2745 Sane
389 2709 435 2744 est
456 2706 655 2749 sciendum,
672 2705 748 2741 VII
817 2704 980 2743 Exclufit
996 2716 1086 2754 puto
1104 2703 1174 2742 IV.
1194 2701 1265 2741 VI.
1286 2702 1338 2741 X.

131 2762 273 2812 eclogas
316 2759 382 2798 effe
429 2771 542 2796 meras
593 2756 751 2801 rusticas,

1396 2832 1444 2876 ἒξ
