1821 3381
350 302 410 357 48

534 296 586 344 P.
651 291 1031 343 VIRGILII
1100 265 1501 341 MARONI'S

359 431 407 478 O
433 442 618 479 tantum
643 430 786 476 libeat
811 443 1003 475 mecum
1022 426 1110 473 tibi
1136 424 1321 472 sordida
1343 441 1448 472 rura

360 524 520 586 Atque
545 521 740 567 humilis
761 520 974 566 habitare
998 516 1140 574 casas,
1165 529 1211 564 et
1233 518 1377 581 figere
1400 530 1579 574 cervos,

360 609 727 672 Haedorumque
742 624 939 672 gregem
955 607 1096 653 viridi
1114 607 1380 669 conpellere
1394 604 1598 652 hibisco!
1615 619 1682 668 30

361 696 564 746 Mecum
588 714 681 745 una
705 699 752 743 in
778 696 903 743 filvis
929 695 1176 742 imitabere
1199 693 1326 741 Pana
1352 695 1581 744 canendo·

362 787 460 837 Pan
485 787 669 850 primus
695 787 902 834 calamos
927 801 1033 832 cera
1055 782 1343 848 conjungere
1367 785 1518 848 pluris

361 874 600 930 Instituit3
634 874 730 922 Pan
756 886 887 922 curat
910 874 1011 920 ovis
1034 873 1292 936 oviumque
1316 873 1581 936 magistros.

361 963 468 1011 Nec
492 977 536 1011 te
559 965 791 1028 poeniteat
815 964 1000 1011 calamo
1022 956 1195 1010 triviffe
1228 961 1484 1009 labellum:

363 1052 490 1102 Haec
504 1053 670 1100 eadem
681 1066 734 1100 ut
744 1052 896 1110 sciret,
908 1053 1023 1117 quid
1035 1069 1128 1099 non
1145 1051 1345 1099 faciebat
1354 1052 1588 1114 Amyntas
1596 1051 1641 1115 ?3
1651 1064 1676 1115 5

360 1190 364 1201 '
407 1186 462 1219 28.
485 1186 508 1217 Ο
523 1187 606 1217 libeat
621 1193 727 1217 tantum
744 1187 807 1218 duo
825 1188 1078 1226 Burn1.———31.
1100 1186 1195 1228 Meque
1217 1199 1271 1216 umz
1287 1185 1404 1229 fragm.
1424 1187 1549 1218 Moret.
1584 1184 1683 1218 Deest

364 1239 472 1270 versus
493 1238 526 1269 in
555 1238 680 1270 Zulich.

366 1299 420 1331 33.
442 1291 575 1334 min-istros
591 1291 701 1321 Franc-

363 1403 513 1454 Any-ma
531 1414 657 1438 ornare
674 1401 795 1446 vellet,
823 1415 844 1439 a
872 1412 991 1439 rerum

363 1465 490 1491 natura
519 1453 709 1497 recesserit,
735 1454 891 1491 docuere
919 1453 991 1491 viri

360 1505 474 1543 dofii.

418 1560 479 1594 28.
527 1558 561 1593 Ο
612 1567 743 1594 tantum
789 1557 909 1601 libeat,
953 1564 994 1594 ut

364 1608 526 1646 Theocr.
545 1607 619 1652 XI,
639 1608 661 1644 6
666 1622 700 1659 ς.
741 1610 881 1657 fhrdida
898 1624 996 1652 rura,

363 1660 402 1696 h.
423 1660 449 1697 l.
468 1673 541 1697 non
559 1659 597 1696 in
614 1659 745 1696 vitium
758 1660 912 1704 dictum,
932 1659 993 1697 sed

363 1724 429 1762 pro
445 1711 543 1755 vilis,
561 1724 707 1762 pauper.
761 1711 904 1749 Servius
932 1711 997 1748 tibi

350 1764 494 1812 sordida
525 1762 665 1814 jungit,
703 1777 782 1813 quae
814 1763 886 1800 tibi
919 1762 994 1799 sor-

363 1815 464 1853 dent.
521 1828 582 1865 29.
603 1815 710 1866 figere
725 1830 853 1858 cer-vos,
868 1815 892 1852 fi
913 1814 996 1851 ferae

363 1865 460 1911 sunt,
487 1868 573 1910 telo,
607 1867 746 1914 jaculo,
787 1867 929 1916 Georg.
962 1865 996 1911 I,

367 1920 454 1966 308.
499 1917 654 1960 AEn0V,
673 1920 759 1968 516.
798 1917 846 1954 cf.
869 1917 992 1954 Burm.

365 1968 404 2007 h.
422 1970 448 2007 l.
475 1968 692 2006 venationis
703 1979 820 2006 tamen
834 1968 993 2006 studium

364 2034 386 2057 a
416 2021 493 2058 vita
519 2022 699 2072 pastorum
731 2021 888 2058 alienum
928 2020 995 2057 effe

365 2071 523 2111 videtur.
577 2072 703 2123 Itaque
737 2073 874 2123 praestat
906 2072 994 2109 hac-

365 2129 468 2162 tenus
509 2124 678 2168 alterum,
720 2124 818 2175 quod
855 2121 995 2161 Servius

366 2175 498 2213 habet:
520 2182 547 2198 “
564 2185 626 2212 aut
641 2175 773 2220 furcas,
787 2188 866 2226 quae
879 2176 994 2226 figun-

366 2237 428 2264 tur
469 2227 516 2264 ad
560 2227 647 2264 casae
680 2227 992 2264 sustentationem:

365 2292 448 2337 quae
465 2277 573 2316 difflae
589 2279 669 2315 sunt
691 2277 801 2322 cervi,
833 2279 878 2316 acl
899 2277 994 2316 fimi-

364 2330 562 2368 litudinem
607 2343 782 2368 cornuum
830 2329 995 2368 cervino-

366 2382 490 2419 rum.”
545 2380 746 2420 Probarunt
790 2381 861 2420 hoc
896 2381 995 2433 Lips.

366 2443 404 2471 et
433 2434 570 2471 Duker.
598 2432 635 2469 in
654 2433 812 2484 Specim.
833 2433 928 2472 Not.
948 2434 994 2471 ad

367 2485 468 2523 Serv.
487 2485 560 2522 Tor
573 2484 592 2520 I
610 2483 720 2536 Virg.
738 2485 861 2524 Burm.
896 2486 940 2523 In
958 2499 995 2523 re

368 2535 522 2574 militari
544 2535 653 2573 obvia
680 2538 727 2574 est
754 2551 841 2582 vox,
876 2552 911 2575 v.
948 2537 995 2574 ad

369 2588 514 2625 Tibull.
532 2587 606 2631 IV,
630 2601 664 2632 1,
684 2591 734 2639 84
750 2599 785 2626 et
802 2590 923 2640 lntpp.
947 2590 995 2626 ad

369 2639 455 2678 Liv.
475 2639 624 2683 XLIV,
650 2653 706 2678 10.
743 2640 786 2676 In
802 2641 877 2678 vita
894 2655 994 2679 com-

369 2691 472 2729 muni
506 2701 567 2728 aut
597 2689 781 2742 pastoritia
811 2706 884 2730 vox
921 2707 995 2730 non

368 2756 470 2793 aeque
486 2743 662 2786 occurrit,
679 2752 715 2781 et
728 2745 876 2782 omnino
894 2747 1001 2796 poeta

370 2807 445 2832 non
462 2795 546 2832 satis
573 2805 677 2833 caute
706 2795 884 2847 dilogiam
903 2795 1001 2834 intu-

369 2846 437 2883 lit:
480 2847 569 2884 dum
588 2849 698 2899 figere
732 2862 846 2885 cervos
890 2848 1000 2886 dixit.

372 2898 413 2934 N
418 2912 485 2936 unc
504 2899 618 2951 igitur
634 2899 812 2950 putandus
824 2900 871 2938 est
883 2898 1002 2950 Cory-

562 2965 579 2990 ι

771 1248 823 1279 32-
841 1241 968 1282 primum
993 1240 1091 1271 Rom,
1122 1246 1155 1270 et
1185 1238 1285 1270 Goth.
1310 1238 1368 1270 see.
1411 1251 1477 1269 cerae
1502 1236 1682 1269 Leide—--

1056 1399 1131 1438 don
1163 1399 1256 1438 velle
1290 1398 1426 1437 Alexin
1468 1406 1686 1449 occupatum

1056 1454 1123 1490 effe
1163 1452 1283 1489 secum
1330 1451 1463 1502 partim
1505 1450 1544 1487 in
1576 1462 1688 1500 grege

1057 1502 1391 1555 pascendo,partim
1406 1503 1444 1540 in
1460 1514 1566 1553 opere
1583 1499 1692 1538 domi>

1059 1555 1246 1600 faciendo,
1271 1554 1369 1592 utin
1393 1553 1614 1592 sustentanda
1627 1566 1687 1589 ca-

1061 1607 1113 1652 sa,
1140 1606 1227 1644 actis
1245 1606 1284 1644 in
1301 1616 1432 1645 terram
1459 1605 1562 1644 novis
1588 1603 1687 1655 stipi-

1062 1659 1160 1696 tibus
1193 1658 1253 1696 seu
1280 1658 1407 1696 furcis.
1463 1671 1524 1707 30.
1550 1656 1680 1705 hibssco.

1060 1708 1236 1748 Hibiscus
1252 1724 1272 1747 e
1287 1711 1484 1748 malvarum
1498 1708 1687 1760 agrestium

1060 1775 1190 1813 genere
1201 1762 1268 1799 effe
1282 1761 1456 1805 creditur,
1473 1760 1689 1798 Graecorum

1061 1814 1216 1852 althaea:
1243 1814 1322 1857 etsi,
1340 1809 1419 1864 quae
1436 1813 1481 1850 de
1505 1826 1547 1850 ea
1564 1812 1688 1862 dispu-

1060 1875 1185 1903 tantur
1216 1879 1237 1902 a
1269 1865 1357 1903 viris
1397 1863 1536 1907 doaix
1561 1876 1688 1914 parum

1062 1927 1160 1954 certa
1175 1916 1269 1954 sunt.
1296 1916 1375 1954 vid.
1398 1916 1552 1954 Martin.
1603 1915 1688 1965 Jam

1059 1969 1097 2006 h.
1125 1969 1150 2006 l.
1176 1968 1318 2020 duplici
1345 1968 1456 2006 modo
1483 1969 1559 2019 ejus
1586 1966 1692 2004 notio

1058 2019 1311 2058 constituitur:
1342 2029 1405 2057 aut
1437 2034 1521 2058 cum
1548 2018 1691 2063 Servio,

1061 2081 1101 2109 ut
1119 2071 1174 2115 sit,
1202 2072 1248 2109 ad
1282 2071 1479 2115 hibiscum,
1505 2081 1689 2121 tamquam

1061 2124 1108 2160 ad
1142 2123 1290 2162 herbam
1325 2123 1558 2174 pabularem:
1588 2121 1690 2172 quod

1061 2188 1106 2213 ex
1139 2175 1204 2212 usu
1235 2175 1409 2226 loquendi
1435 2175 1527 2212 bene
1561 2173 1688 2212 fieret:

1061 2236 1122 2264 aut
1149 2236 1190 2264 ut
1217 2225 1351 2264 hibisci
1378 2227 1492 2264 caulis
1524 2235 1561 2263 et
1587 2225 1691 2276 virga

1061 2276 1299 2330 intelligenda
1317 2278 1375 2323 fit,
1397 2292 1468 2329 qua
1485 2279 1602 2329 pastor
1617 2277 1691 2315 uti·

1061 2340 1120 2368 tur
1137 2331 1183 2367 ad
1210 2331 1500 2380 compellendum
1526 2342 1689 2380 gregem.

1064 2382 1178 2419 Haud
1197 2382 1356 2420 diffiteor
1379 2382 1473 2419 mihi
1491 2394 1585 2418 nunc
1602 2394 1690 2431 prae-

1062 2434 1250 2471 ferendum
1286 2433 1405 2471 videri
1435 2433 1534 2484 prius
1569 2432 1690 2478 illud;

1059 2486 1105 2522 est
1123 2486 1224 2523 enim
1242 2485 1378 2535 hibfius
1394 2485 1518 2536 pabuli
1531 2497 1641 2536 genus
1655 2495 1692 2522 et

1058 2538 1182 2588 planta
1199 2537 1397 2575 esculenta:
1417 2537 1593 2587 Calpurn.
1611 2536 1692 2574 Ecl.

1060 2589 1134 2632 IV,
1156 2601 1200 2639 32
1230 2591 1398 2641 viridique
1412 2594 1547 2641 famem
1560 2588 1697 2638 solarer

1057 2640 1185 2693 hibg'sco.

1118 2707 1178 2743 34.
1208 2694 1278 2731 Nec
1301 2704 1331 2730 te
1353 2698 1530 2743 paeniteat,
1557 2689 1694 2743 pigeat,

1066 2746 1251 2783 molestum
1280 2744 1446 2782 videatur
1477 2755 1537 2780 aut
1566 2756 1695 2795 parum

1063 2807 1100 2834 te
1129 2797 1297 2848 dignum.
1327 2796 1378 2835 cf.
1412 2795 1559 2833 Tibull.
1589 2795 1623 2839 I,
1652 2809 1695 2845 4,

1066 2861 1130 2899 47.
1185 2861 1247 2900 35¹.
1276 2850 1358 2906 quid
1370 2852 1478 2898 nonf.
1498 2846 1622 2884 omnia
1640 2846 1695 2884 fe·-

1066 2900 1180 2945 efflet,
1210 2900 1304 2938 nihss
1337 2899 1554 2938 intentatum
1586 2898 1694 2935 relin-

1573 2962 1696 3002 quens·
