1821 3381
380 324 444 370 34

553 305 607 354 P.
666 301 1048 352 VIRGILII
1116 296 1506 349 MARONIS

380 439 616 504 Quamvis
640 439 790 485 multa
815 439 931 484 meis
957 437 1102 483 exiret
1124 434 1318 481 victima
1339 432 1510 495 saeptis,-

380 529 578 592 Pinguis
602 540 648 575 et
672 529 869 591 ingratae
892 537 1181 589 premeretur
1199 523 1358 570 caseus
1381 523 1504 579 urbi,

1621 530 1682 582 35

377 620 492 668 Non
530 636 761 683 umquam
798 621 954 683 gravis
992 634 1084 665 aere
1121 615 1324 663 domum
1365 611 1485 660 mihi
1521 612 1687 659 dextra

505 711 704 759 redibat.

888 811 1183 844 Marrssossus.

377 882 609 949 Mirabar,
634 891 750 955 quid
776 890 939 937 maesta
962 890 1090 944 deos,
1115 885 1366 946 Amarylli,
1386 896 1602 935 vocares;

379 981 469 1026 Cui
493 981 695 1044 pendere
720 981 798 1027 sua
821 978 1039 1042 patereris
1068 978 1115 1022 in
1140 976 1306 1022 arbore
1329 989 1489 1037 poma.

377 1067 570 1129 Tityrus
593 1068 704 1115 hinc
730 1069 902 1114 aberat.

377 1156 471 1219 Ipsi
496 1168 542 1202 te
566 1155 732 1213 fonteS‚
755 1156 854 1220 ipsa
877 1155 981 1202 haec
1006 1153 1205 1208 arbusta,
1229 1150 1478 1197 vocabant.

974 1065 1096 1129 Ipsae
1121 1077 1180 1120 te,
1203 1062 1384 1124 Tityre,
1405 1063 1562 1124 pinus,

1625 1159 1692 1205 40

933 1259 1172 1290 TITYRUS.

376 1338 511 1402 Quid
536 1335 768 1385 facerem?
794 1351 944 1398 neque
968 1334 1158 1380 servitio
1185 1347 1262 1379 me
1285 1332 1411 1378 exire
1434 1328 1624 1385 licebat,

375 1429 480 1476 Nec
505 1443 602 1475 tam
628 1424 873 1489 praesentis
896 1422 1010 1468 alibi
1032 1420 1315 1484 cognoscere
1338 1420 1493 1466 divos.

419 1572 470 1602 34.
486 1563 594 1603 sreptis.
641 1549 736 1589 Hanc
752 1557 939 1598 scripturam
963 1553 998 1585 h.
1028 1555 1048 1584 1.
1068 1553 1121 1584 vix
1147 1553 1211 1584 duo
1239 1554 1322 1594 Reg.
1348 1559 1379 1583 et
1405 1551 1544 1583 Mentel.
1571 1550 1603 1582 in
1624 1550 1695 1584 aliis

374 1614 452 1647 locis
483 1611 679 1653 antiquiores
705 1609 892 1650 agnoscunt.
948 1605 1106 1637 Nonnulli
1135 1604 1333 1645 distinguunt
1360 1604 1428 1646 post
1452 1606 1574 1647 pinguis,
1598 1611 1634 1634 ut
1654 1603 1693 1636 sit

374 1668 491 1697 vmima
502 1666 625 1706 pinguis,
637 1669 672 1693 ut
689 1661 755 1691 Ecl.
774 1661 832 1697 Vl,
852 1671 883 1697 4.
927 1666 1036 1689 erraret
1051 1660 1167 1687 «υἱὲἷῐηηι
1196 1656 1340 1687 Parthas.
1358 1657 1467 1687 Burxu.

1558 1665 1610 1696 37.
1632 1666 1694 1697 pro

374 1718 520 1758 Amarylli
535 1715 574 1745 al.
593 1715 725 1749 Galatea,
740 1711 784 1742 ita
809 1710 901 1741 malit
928 1709 1054 1746 Cerda3
1077 1708 1163 1739 inani
1195 1707 1358 1749 allegoria:
1388 1706 1547 1738 servandae
1572 1706 1691 1738 studio.

375 1827 556 1862 perperal'n·

431 1918 491 1952 34..
520 1900 697 1954 Qamvis
721 1900 891 1950 juvencus
911 1904 1000 1934 'unus

375 1966 410 1992 et
438 1956 528 1992 alter
555 1968 600 1990 ex
632 1952 718 1989 meis
747 1949 913 1987 armentis
938 1949 999 1985 de-

375 2007 502 2044 dufius
521 2005 734 2042 venderetur
751 2002 790 2039 in
809 2001 911 2043 urbe,
940 2009 1002 2036 aut

374 2072 419 2096 eo
450 2059 724 2108 deportarentur
754 2067 775 2090 a
806 2066 863 2090 rne
894 2051 1000 2089 casei.

376 2113 517 2161 Pinguis
537 2109 572 2145 h.
591 2108 616 2145 1.
636 2119 709 2143 non
727 2107 817 2143 bene
837 2104 880 2140 ad
900 2109 1002 2140 vidri-

376 2175 432 2200 ‘ma
449 2161 654 2202 referretur,
682 2166 792 2208 quum
820 2155 871 2192 ita
894 2157 1001 2203 castus

376 2215 471 2251 nude
493 2212 645 2262 'politum
677 2210 774 2253 effer,
804 2207 902 2256 quod
931 2205 1002 2242 dis.

376 2266 499 2315 plicet„
556 2260 699 2311 Habuit
730 2266 848 2296 autem
877 2257 1001 2308 Virgi-

375 2316 445 2353 lius
470 2316 509 2353 in
536 2313 658 2351 animo
679 2311 816 2348 Catull.
837 2309 934 2352 XX,
959 2322 1003 2346 10

374 2374 475 2417 4—-13
517 2366 579 2416 (al.
607 2362 776 2411 CXIV),
804 2362 828 2398 fi
856 2360 1003 2411 quiden]

376 2417 517 2456 Catulli
535 2428 678 2454 carmen
694 2415 752 2451 est.
775 2413 914 2462 Georg.
931 2411 1003 2454 ΙΙΙ,

374 2466 466 2518 400.
498 2470 767 2519 Qtodfiugente
794 2467 846 2502 die
871 2463 962 2512 muZfi
971 2479 1005 2499 re

374 2523 519 2573 hor-ffque
529 2522 669 2562 diurnis,
686 2517 725 2554 N
728 2518 806 2554 ofte
816 2524 981 2566 premunt
991 2531 1001 2559 3

375 2576 543 2625 'quodjcm'z
559 2569 699 2608 tenebris
721 2578 752 2605 el
764 2567 836 2617 sole
852 2569 1002 2610 cadente,

375 2625 445 2662 Sub
484 2624 584 2662 lucem
627 2630 802 2671 exportans
843 2618 1000 2660 calathis,

375 2677 452 2714 adit
471 2674 605 2726 oppida
620 2674 740 2723 pastor.
796 2683 857 2720 35.
885 2685 1001 2719 Ingra-

373 2742 434 2773 τε,
462 2726 561 2777 quod
579 2724 670 2761 nihil
687 2721 773 2762 inde
791 2722 932 2771 argenti
950 2733 1003 2757 re-

373 2781 498 2823 ferret,
518 2792 553 2815 ν.
572 2776 644 2827 seq.
699 2775 922 2812 Burmannus
946 2771 1002 2808 ni-

375 2831 444 2869 mis
470 2838 596 2880 argute
623 2825 798 2879 exponit:
841 2826 1004 2861 Mantuae

360 2888 445 2935 jam
460 2898 522 2923 non
536 2891 665 2934 gratae,
685 2881 853 2931 pqstquam
869 2885 1002 2927 occupa-

462 1767 514 1807 33.
535 1767 610 1796 mala
633 1766 730 1795 Rom.
752 1773 770 1793 a
797 1773 846 1805 pr.
875 1769 1063 1802 m.-—-39.
1090 1759 1206 1802 ‘Tityrus
1231 1760 1293 1789 hinc
1318 1760 1414 1789 aberat
1440 1759 1495 1801 ips}
1522 1757 1623 1789 Goth.
1639 1768 1691 1801 pr·

1065 1908 1104 1934 ta
1146 1912 1169 1933 a
1203 1901 1388 1939 veteranis,
1429 1902 1525 1934 novis
1567 1896 1695 1940 colonir,

1066 1948 1247 1984 Martinus
1263 1961 1328 1998 pro
1343 1954 1376 1984 iu
1395 1947 1468 1986 elici
1480 1947 1693 1999 accipiebat.

1065 2001 1114 2036 cf.
1137 2000 1274 2036 Moret.
1298 2001 1358 2037 81.

1121 2065 1181 2102 37.
1213 2050 1326 2087 Nunc
1359 2051 1398 2087 in
1435 2049 1595 2089 animum
1629 2050 1696 2089 fibi

1067 2112 1211 2139 revocat
1229 2115 1419 2139 moerorern
1440 2101 1694 2151 Amaryllidis,

1066 2155 1168 2203 cujus
1200 2154 1351 2190 caussam
1386 2153 1576 2204 ignorabat
1606 2163 1694 2192 tunc

1069 2205 1282 2249 Meliboeus,
1310 2218 1404 2242 nunc
1424 2205 1530 2242 facile
1547 2205 1695 2255 assequi*-

1068 2267 1139 2294 tur.
1194 2256 1374 2292 Caeterum
1392 2256 1606 2295 desiderium
1625 2257 1696 2294 Ti·-

1068 2308 1140 2358 tyri
1163 2307 1316 2344 absentis
1341 2307 1431 2345 bene
1454 2310 1559 2358 poe'ta
1576 2309 1697 2360 expri-

1070 2360 1160 2405 mit3
1190 2359 1287 2408 quod
1324 2372 1408 2396 vero
1442 2360 1588 2410 subjicit
1621 2367 1693 2412 392

1069 2413 1164 2461 Ipsae
1189 2423 1234 2455 te,
1261 2411 1305 2447 ‘T-
1333 2410 1395 2446 etfi
1425 2410 1585 2448 bucolici
1616 2425 1697 2449 car-

1069 2462 1179 2500 minis
1198 2472 1284 2499 nota
1301 2460 1416 2511 figura
1441 2463 1489 2498 est
1520 2463 1581 2511 (fic
1601 2460 1696 2513 apud

1070 2514 1231 2551 Theocr.
1258 2512 1332 2556 IV,
1365 2515 1438 2560 ηδ)
1467 2513 1513 2550 ab
1543 2514 1614 2552 hoc
1643 2526 1699 2552 ta*

1068 2579 1147 2603 men
1163 2567 1261 2608 loco,
1279 2564 1303 2599 fi
1317 2564 1408 2600 reete
1416 2564 1562 2614 judico,
1579 2565 1697 2604 aliena

1066 2618 1126 2654 est.
1180 2615 1364 2668 Qorsum
1381 2615 1479 2652 enim
1497 2629 1592 2654 nunc
1610 2617 1698 2662 hoc,

1067 2682 1149 2705 cum
1182 2669 1228 2704 de
1254 2666 1495 2716 Amaryllidis
1520 2663 1698 2707 desiderio

1067 2720 1240 2771 agebatur
1254 2720 1267 2755 ?

1119 2785 1163 2821 41
1172 2796 1182 2808 .
1199 2771 1450 2821 Qidfhcerem
1461 2774 1483 2807 ?
1504 2769 1698 2808 necessario

1068 2823 1162 2860 mihi
1199 2823 1355 2871 Romam
1398 2821 1697 2872 proficiscendum

1068 2884 1161 2920 erat,
1187 2874 1285 2912 nulla
1309 2873 1548 2926 Amaryllidis
1573 2885 1697 2922 quere-

1581 2926 1701 2973 larun}
