1987 3361
444 351 643 389 e'vam
808 328 920 383 DE
986 316 1421 379 VIRGILII

500 474 600 512 Vide
618 472 694 524 sup.
714 471 806 509 inter
823 468 998 506 Codices,

500 538 546 577 P.
570 537 612 573 V.
622 535 734 584 studio
749 543 780 569 et
797 542 892 582 opera
912 528 955 566 T.
977 528 1089 565 Cooke.
1110 519 1272 561 Londinl
1581 514 1618 552 8.
1642 510 1756 561 1741)

503 594 609 632 Ruaei
629 594 786 644 Operam
803 586 1061 626 emendandam
1080 582 1143 621 fibi
1162 579 1296 618 sumsit.

503 655 546 692 P.
568 654 609 690 V.
630 653 690 690 Μ.
709 652 937 702 Georgicorum
955 645 1036 683 libri
1052 644 1117 680 IV.
1137 639 1210 678 The
1228 640 1381 689 Georgics
1398 637 1442 686 of
1455 629 1570 683 Virgil
1592 628 1687 667 with
1712 641 1761 666 aa

451 713 593 765 English
619 708 832 758 Transtasion
849 705 922 744 and
945 704 1043 741 Notes
1065 701 1104 753 [ψ
1131 699 1226 748 John
1245 695 1414 745 Martyn,
1441 694 1539 742 Prof.
1567 693 1612 740 of
1629 689 1760 736 Botargy

453 776 491 810 in
524 772 579 809 the
613 768 809 818 Univetfigy
840 768 883 818 ‘.'f
901 761 1121 812 Cambridge.
1167 755 1339 798 Lond0n‚
1363 752 1419 790 for
1451 751 1511 788 the
1538 745 1683 791 Editor,
1711 745 1762 795 by

455 833 505 870 R.
527 831 635 880 Reily
1590 820 1627 857 4.
1651 817 1764 858 1741.

511 889 711 944 Splendida
728 888 857 926 editio.
912 881 1098 922 Martinus
1114 879 1193 917 VII
1222 875 1365 916 codices
1389 869 1605 921 comparasse
1631 867 1665 905 se
1692 879 1768 905 me·
1827 869 1834 872 '

456 964 589 999 morat,
616 952 662 990 de
693 951 823 1002 quibus
853 963 890 986 v.
923 947 1000 998 sup.
1053 941 1237 992 Praecipua
1271 938 1350 981 dos,
1378 947 1449 985 qua
1479 933 1513 970 se
1540 928 1769 969 commendat

459 1012 618 1052 Martini
634 1024 757 1062 opera,
775 1009 839 1052 est,
869 1006 968 1058 quod
996 1003 1050 1041 rei
1076 1000 1212 1040 rusticae
1243 1007 1280 1036 et
1308 993 1486 1033 botanicae
1509 987 1770 1041 intelligentior

461 1073 523 1112 ille
542 1073 616 1110 fuit
634 1070 770 1109 caeteris
788 1062 1147 1106 commentatoribus.
1175 1058 1224 1097 cf.
1250 1055 1358 1107 1746.

474 1164 475 1167 ,
514 1133 560 1170 P.
583 1132 623 1169 V.
643 1130 702 1167 M.
729 1129 815 1165 Bac.
847 1126 910 1162 Ge.
938 1134 969 1160 et
997 1121 1091 1161 AEn.
1154 1119 1212 1156 Ex
1235 1116 1353 1165 recens.
1383 1112 1489 1149 Alex.
1519 1105 1774 1160 Cuninghami

463 1191 564 1236 Scoti,
602 1191 694 1241 cujus
733 1187 966 1224 emendationes
1004 1180 1250 1233 subjiciuntur.
1329 1170 1552 1221 Edimburgi
1587 1169 1683 1221 apud
1719 1166 1774 1204 G.

466 1248 664 1288 Hamilton
681 1256 717 1284 et
734 1246 769 1295 J.
790 1242 941 1282 Balfour
1581 1243 1639 1268 12.
1663 1241 1778 1279 1743.

519 1309 578 1347 Ex
599 1305 740 1345 schedis
758 1305 834 1354 ejus
857 1312 892 1340 et
924 1301 983 1345 iis,
1011 1312 1089 1350 quae
1111 1297 1157 1335 ad
1185 1293 1385 1345 marginem
1409 1290 1499 1328 edit.
1529 1289 1653 1327 Elzev.
1679 1290 1778 1339 1676

467 1368 651 1409 allexerat,
679 1364 754 1416 post
784 1363 860 1412 ejus
893 1369 1043 1398 mortem
1081 1357 1239 1406 vulgata.
1294 1351 1486 1389 variantes
1513 1348 1701 1386 Leffiones
1733 1347 1782 1384 ab

469 1427 550 1464 aliis
577 1438 598 1462 e
625 1423 749 1462 Codd.
784 1428 940 1463 notatas,
965 1428 1001 1455 et
1027 1417 1115 1454 edd.
1135 1424 1222 1452 vett.
1247 1426 1355 1463 ¹470·
1381 1423 1489 1461 1472.
1515 1423 1612 1460 1474
1626 1417 1662 1445 et
1685 1406 1783 1458 1476

471 1485 684 1528 excusserat,
710 1494 730 1518 e
748 1479 880 1531 quibus
898 1489 1014 1529 pauca
1028 1484 1195 1525 excerpta
1217 1473 1278 1520 hic
1306 1471 1461 1521 subjeffia
1492 1469 1571 1506 sunt
1599 1480 1672 1505 una
1697 1478 1785 1504 cum

473 1545 549 1594 ejus
580 1539 810 1592 conjefiluris,
836 1551 918 1589 quae
935 1535 1141 1585 importune
1171 1531 1254 1569 satis
1272 1530 1311 1568 in
1329 1537 1540 1567 contextum
1557 1526 1646 1578 saepe
1662 1537 1785 1577 recep·

474 1614 519 1641 tae
536 1603 616 1640 sunt
633 1601 672 1638 κ’.

528 1663 572 1700 Ρ.
595 1661 631 1698 V
629 1687 639 1697 .
659 1659 716 1697 M.
746 1658 861 1708 Opera
878 1657 929 1693 ad
932 1654 1038 1704 fidem
1057 1656 1246 1703 optimorum
1264 1647 1421 1686 librorum
1446 1654 1602 1685 accurate
1618 1644 1787 1694 recergsita.

477 1719 672 1768 Gottingae
688 1730 733 1755 ex
751 1715 847 1754 offic.
877 1711 996 1750 Acad.
1015 1711 1066 1750 A.
1084 1723 1150 1747 van
1165 1710 1236 1746 den
1260 1707 1372 1744 Hoek
1608 1717 1667 1743 12.
1691 1716 1787 1755 1743

531 1781 576 1817 P.
608 1779 651 1814 V.
687 1777 792 1813 Maro
817 1787 859 1811 ex
887 1774 1023 1810 editione
1053 1771 1132 1808 Nic.
1155 1768 1288 1817 Heiffli
1314 1776 1348 1804 et
1377 1766 1421 1803 P.
1455 1765 1659 1803 Burmanni.
1685 1765 1792 1813 (prae-

479 1838 577 1878 fatur
621 1835 663 1875 P.
700 1834 924 1872 Burmannus
967 1828 1106 1881 junior)
1147 1826 1264 1864 Amst.
1307 1824 1403 1875 apud
1446 1823 1525 1874 jac.
1553 1820 1791 1860 Wetstenium

1599 1895 1658 1921 12.
1682 1894 1694 1918 1
1755 1893 1793 1928 4.

535 1955 580 1994 P.
599 1954 650 1993 V.
669 1952 729 1991 M.
757 1952 880 2002 Opera
898 1946 1079 1991 Londini,
1106 1944 1202 1996 typis
1220 1942 1256 1993 J.
1287 1940 1462 1992 Brindley
1495 1954 1607 1994 1744,
1639 1893 1797 1979 1z.7allia

489 2028 601 2068 1753.
632 2029 652 2053 2
677 2012 775 2050 von.
799 2013 835 2048 S.

536 2078 583 2114 P.
606 2075 647 2110 V.
667 2073 762 2109 editio
780 2070 825 2108 ab
844 2068 1017 2107 Hawkins
1031 2074 1164 2108 curata,
1191 2061 1349 2099 Dublini
1625 2063 1661 2098 8.
1684 2071 1796 2112 1745·-

574 2143 611 2172 et
633 2131 769 2169 Parifiis
786 2129 882 2180 apud
899 2126 1099 2165 Constelier
1116 2138 1134 2174 3
1154 2123 1256 2160 Voll.
1273 2135 1358 2159 cum
1375 2121 1463 2172 figg.
1484 2118 1647 2157 Cochin.

539 2194 648 2230 Editio
667 2193 712 2229 P.
732 2191 936 2227 Burmanni.
964 2199 990 2235 4
1007 2185 1110 2222 Voll.
1129 2183 1277 2219 Amstel.
1627 2193 1665 2228 4.
1689 2178 1800 2230 1746.

543 2254 602 2290 De
637 2251 697 2296 iis,
724 2262 805 2299 quze
839 2247 878 2284 in
911 2247 1004 2283 hanc
1038 2243 1237 2282 editionem
1271 2240 1435 2292 congesta
1463 2240 1559 2285 sunt,
1585 2238 1671 2276 vide
1696 2237 1803 2290 praef.

491 2310 690 2350 Burmanni
709 2309 789 2345 Sec.

542 2372 589 2408 P.
612 2370 654 2405 V.
674 2368 732 2405 M.
751 2368 985 2418 Georgicorum
1011 2364 1096 2402 libri
1121 2360 1321 2400 IV—-wilh
1350 2375 1397 2397 cm
1425 2358 1564 2412 Englgfh
1591 2355 1807 2406 {Ti-anstation

491 2431 566 2470 and
588 2429 687 2466 Notes
720 2426 759 2477 ᾗ]
787 2426 833 2475 J.
862 2425 1022 2475 llffarsyu.
1077 2423 1159 2460 The
1190 2422 1313 2459 Second
1341 2418 1494 2456 Edition
1525 2416 1685 2469 (prorsus
1710 2415 1808 2454 fimi-

539 2572 559 2589 ’4-
585 2569 634 2600 An
651 2566 734 2610 Effay
751 2578 782 2595 οη
797 2565 916 2607 Virgil’s
941 2563 1087 2593 celebrated
1114 2562 1199 2591 Gatcs
1222 2561 1259 2601 of
1275 2558 1429 2600 Sleep-by
1457 2556 1593 2587 ‘Theodore
1617 2557 1649 2586 de
1672 2556 1703 2585 Ia
1722 2555 1810 2597 Faye.

497 2619 603 2651 Lond.
632 2618 662 2649 8.
696 2625 799 2655 17433
822 2614 1034 2646 vcrbofiffirna
1058 2610 1242 2654 disputatio,
1263 2621 1326 2651 qua
1351 2618 1460 2640 tamen
1492 2607 1571 2649 quid
1594 2606 1747 2638 effetstum
1772 2605 1812 2637 fit

498 2679 563 2702 non
579 2669 684 2701 statim
701 2667 817 2708 assequi
834 2666 930 2698 licet:
949 2672 1062 2707 portam
1077 2664 1220 2694 eburneam
1237 2661 1363 2692 videtur
1388 2660 1508 2691 referre
1533 2658 1576 2690 ad
1598 2657 1720 2689 somnia
1743 2667 1812 2688 ma-

499 2722 617 2759 tutina,
639 2730 702 2762 quo
719 2726 864 2760 tempore
890 2728 966 2748 mox
990 2715 1145 2758 evigilant
1170 2721 1202 2746 et
1218 2713 1258 2744 ad
1273 2713 1376 2744 vitam
1393 2711 1479 2754 quasi
1495 2711 1631 2742 redeunt
1646 2708 1816 2746 homines;

492 2776 578 2817 salsa
595 2773 724 2813 ityzmm’a
741 2769 800 2801 effe
817 2770 881 2801 visa
896 2768 1052 2805 ludentia,
1076 2766 1130 2798 etsi
1159 2765 1285 2796 ver-zora
1308 2764 1369 2796 smt
1396 2763 1515 2805 alioqui
1538 2761 1700 2794 venientia
1719 2769 1815 2792 mane

500 2824 645 2861 {omnim
667 2835 802 2862 coruram,
824 2831 885 2865 qna
912 2818 1075 2853 descensus
1101 2817 1135 2851 fit
1163 2816 1345 2850 animarum
1366 2815 1408 2849 ad
1425 2815 1566 2854 inferos:
1592 2820 1624 2847 at
1641 2812 1712 2857 quis
1727 2812 1816 2845 hunc

502 2881 604 2909 exitum
622 2873 735 2907 dixerit
748 2873 763 2905 ξ’

1770 2939 1818 2980 lis
