1987 3361
489 303 656 336 xivm
868 288 977 337 DE
1044 285 1440 341 VIRGILII

486 421 715 483 Diptych.
740 420 883 468 Leod.
954 422 1084 484 App.
1104 439 1153 485 p.
1177 442 1221 482 4.
1249 438 1321 470 10.
1355 438 1424 469 11.
1462 422 1537 470 Cf.
1559 423 1799 474 Bottariuzr

484 501 532 546 in
554 500 691 563 praef.
716 501 774 547 ad
800 501 987 564 Fragm.
1019 502 1169 548 Vatic.
1196 519 1304 565 pag.
1329 503 1472 550 XXI.
1542 504 1799 552 Zacharias

484 580 775 627 bibliotheca
801 581 1062 628 Pistoricns.
1088 599 1136 645 p.
1157 583 1235 642 46.
1305 584 1379 630 De
1403 585 1472 631 his
1497 585 1605 648 ipfis
1633 598 1795 632 autem·

484 662 839 724 subscriptionis
877 664 1082 710 verlibus
1116 664 1313 710 eandem
1351 665 1664 728 suspicionem
1687 665 1795 730 jam

486 744 779 790 Muratorius
827 759 1107 808 conceperat
1153 762 1209 792 ex
1242 762 1312 802 co,
1348 747 1475 808 quod
1514 748 1638 794 binis
1676 748 1795 814 locis

483 829 624 875 variae
649 824 868 876 lectiones
895 830 969 876 seu
995 829 1269 892 glossemata
1293 828 1471 892 adjecta
1494 829 1626 877 sunt:
1662 831 1792 878 Nov.
1829 871 1834 875 ,

485 912 631 961 Thes.
676 912 893 976 Inscript.
932 912 993 959 T.
1029 913 1089 968 ΙΙ,
1124 929 1172 975 p.
1215 912 1324 960 662.
1396 913 1526 959 Inter
1561 915 1665 961 haec
1703 914 1795 961 alia

482 995 734 1042 difficultas
785 992 1014 1056 objicitur
1058 994 1106 1039 in
1169 994 1275 1050 hoc,
1308 993 1437 1056 quod
1492 1010 1658 1041 manus
1713 995 1795 1042 illa

485 1077 671 1133 Asterii,
706 1077 782 1122 seu
809 1075 973 1123 Turcii
1007 1075 1135 1121 Rufii
1168 1074 1449 1137 Aproniani,
1481 1075 1670 1138 appiCta
1699 1092 1795 1122 non

486 1160 550 1206 cst
574 1159 658 1206 nifi
693 1158 751 1204 ad
777 1158 958 1205 calcem
982 1156 1344 1204 Bucolicorum:
1381 1173 1477 1219 quo
1500 1157 1605 1204 satis
1634 1170 1795 1220 patere

485 1241 687 1296 videtur,
721 1257 808 1287 nec
856 1239 1050 1285 ulterius
1100 1238 1200 1302 ejus
1258 1254 1454 1301 operam
1502 1238 1793 1301 proceffiffe;

484 1324 658 1385 alioqui
692 1324 775 1370 sub
810 1324 955 1369 finem
991 1322 1338 1386 Georgicorum
1377 1335 1422 1369 et
1451 1323 1664 1370 AEneidis
1697 1340 1793 1371 non

486 1406 645 1452 minus
697 1405 976 1468 subscriptio
1028 1405 1111 1451 illa
1156 1404 1365 1467 apposita
1415 1405 1503 1452 effe
1547 1405 1792 1456 debuerat.

485 1490 587 1536 Aut
617 1489 651 1535 fi
679 1502 834 1536 totum
862 1505 979 1552 opus
1012 1506 1037 1535 e
1067 1489 1330 1536 recensione
1359 1489 1635 1552 Aproniana
1667 1503 1793 1538 tam-

483 1590 629 1636 quam
674 1574 1003 1636 apographum
1045 1573 1336 1636 descriptum
1377 1574 1465 1620 effe
1500 1575 1691 1632 dixeris,
1731 1576 1795 1621 ab

482 1654 663 1702 incuria
684 1654 862 1700 librarii
879 1655 925 1699 in
950 1654 1144 1717 reliquis
1159 1656 1313 1717 operis
1329 1657 1540 1719 partibus
1557 1657 1796 1721 subscrips

483 1736 664 1782 tionem
686 1735 900 1781 omiffam
926 1735 1013 1781 effe
1038 1735 1297 1782 dicendum
1321 1737 1401 1783 est.
1471 1737 1542 1783 Ut
1566 1738 1654 1784 hoc
1674 1739 1793 1785 alte-

483 1833 593 1863 rum
630 1817 824 1862 mallem
866 1816 1073 1871 factum;
1110 1831 1322 1865 moverat
1358 1835 1436 1865 me
1469 1803 1621 1880 Julius
1656 1821 1792 1869 Sabi*-

486 1914 587 1953 nus,
621 1897 703 1959 qui
741 1897 798 1943 ad
830 1897 1084 1944 AEneiclem
1120 1899 1287 1962 passim
1328 1901 1656 1964 Apronianam
1693 1903 1792 1950 lec*

485 1979 667 2025 tionem
691 1979 864 2025 laudat.
934 1980 997 2026 Et
1021 1983 1244 2028 convenit
1267 1999 1358 2029 una
1390 1996 1434 2029 et
1453 1985 1597 2031 altera
1619 1985 1790 2032 harum

485 2063 743 2108 lectionum
785 2077 896 2110 cum
933 2066 1262 2112 emendatione
1292 2066 1339 2113 in
1368 2067 1594 2115 Mediceo
1625 2068 1791 2116 codice

484 2145 654 2207 priscae
696 2144 944 2206 scripturae
988 2145 1248 2204 substitura,
1285 2165 1330 2196 v.
1371 2165 1413 2195 c.
1451 2149 1563 2198 AEn.
1605 2152 1642 2209 Ι,
1678 2153 1788 2214 636.

487 2225 598 2271 Hoc
624 2223 858 2287 sequutuS‚
887 2226 1049 2273 multis
1073 2228 1121 2274 in
1145 2229 1261 2277 locis
1281 2230 1339 2276 acl
1358 2230 1611 2278 AEneidem
1628 2235 1791 2297 Apro.

486 2310 677 2355 nianam
702 2309 950 2356 lectionem
968 2327 1023 2356 ex
1039 2311 1167 2371 Julio
1182 2314 1353 2361 Sabino
1373 2316 1591 2364 excitavi.
1617 2316 1791 2364 Enim-

486 2407 597 2437 vero
621 2392 666 2437 in
704 2392 805 2438 aliis
833 2394 994 2440 *locis
1029 2396 1356 2458 Apronianam
1395 2400 1646 2446 lectionem
1682 2403 1791 2448 nul-

485 2477 579 2522 lam
604 2477 698 2522 vidi
723 2477 806 2523 esse
831 2478 989 2535 aliam,
1023 2474 1168 2542 quam
1188 2484 1446 2546 genuinam
1472 2483 1682 2532 Medicei
1706 2502 1791 2532 coa-

485 2560 602 2606 dicis
629 2561 894 2619 lectionem,
916 2579 1025 2625 quae
1049 2565 1167 2613 adeo
1188 2567 1465 2630 Aproniano
1488 2567 1634 2615 tribui
1657 2570 1793 2616 nullo

536 2727 558 2746 ἃ
588 2725 636 2763 V.
657 2741 690 2765 c.
710 2728 795 2766 AEn.
815 2729 869 2775 II,
891 2745 933 2782 5¹
952 2736 1058 2783 ferit,
1088 2735 1160 2787 657
1181 2740 1327 2786 etfcrre.
1360 2735 1436 2781 III,
1456 2738 1542 2786 336.
1569 2735 1643 2780 IV,
1667 2749 1707 2787 9?-
1725 2747 1792 2787 27.-

487 2799 573 2836 314.
592 2789 678 2836 436.
699 2792 890 2856 464-551.
917 2791 994 2837 IX,
1016 2805 1102 2841 214.

1641 2884 1791 2936 modo

1968 1167 1973 1181 ν
1962 1103 1972 1157 «πμ,
1952 665 1970 1097 ΗΝῌῃῄΜομεκ-οιψιφι-κι
