1821 3381
396 340 489 392 292

589 325 643 373 P.
707 325 1086 373 VIRGILII
1156 316 1550 373 MARONIS

400 448 510 509 Jam
534 451 720 514 pridem
746 453 882 498 nobis
915 454 1027 500 coeli
1053 467 1096 499 te
1120 455 1262 516 regia,
1285 452 1457 510 Caesar,

402 540 605 598 Invidet,
644 554 783 603 atque
830 543 1079 589 hominum
1141 543 1351 606 queritur
1409 557 1574 590 curare
1627 540 1716 588 tri-a

596 649 625 678 u
634 650 677 678 m
683 634 801 695 phos
820 651 830 678 z

402 723 600 788 Qippe
621 725 706 770 ubi
734 724 798 770 fas
824 722 1006 771 versum
1031 736 1172 786 atque
1203 723 1361 779 nefas;
1387 735 1458 771 tot
1480 723 1604 771 bella
1631 731 1727 791 per!

600 815 784 872 orbem,

1625 827 1714 878 505

404 906 531 956 Tam
564 909 731 955 multae
755 908 983 954 scelerum
1006 907 1175 962 facies;
1210 923 1304 954 non
1329 908 1452 955 ullus
1476 919 1633 954 aratro

404 999 594 1063 Dignus
620 1000 797 1053 honos;
833 999 1046 1062 squalent
1069 1000 1284 1046 abduetis
1307 1016 1417 1046 arva
1439 1001 1637 1058 colonis,

403 1091 471 1138 Et
491 1107 650 1138 curvae
675 1090 886 1154 rigidum
910 1090 1047 1137 falces
1073 1084 1336 1138 conflantur
1359 1092 1408 1138 in
1433 1091 1592 1139 ensem
1613 1115 1628 1147 ς

448 1235 525 1266 503.
548 1228 603 1256 coeli
617 1226 689 1256 nobis
705 1226 878 1257 Romanus

967 1235 1041 1265 505.
1064 1239 1078 1255 ez

1079 1226 1222 1267 tmfizmque
1237 1224 1509 1264 Franc.-——506.
1533 1225 1609 1267 Jam
1634 1226 1727 1256 multe

406 1279 489 1320 Reg.
509 1278 608 1309 Goth.
624 1288 672 1319 pr.
721 1278 795 1308 ‘Tum
811 1279 900 1307 multae
918 1278 1040 1308 Moret.
1059 1284 1163 1318 quart.
1208 1289 1257 1307 non
1273 1279 1363 1307 nullus
1388 1277 1525 1318 Menag.
1544 1287 1591 1319 pr.
1635 1279 1726 1307 nullus

405 1338 501 1361 eralro
518 1330 593 1372 Crffft
609 1330 691 1359 honor
712 1331 799 1360 Serv.
818 1329 858 1359 ad
888 1330 965 1359 AEn.
998 1330 1055 1366 IV,
1095 1338 1155 1367 103
1188 1329 1266 1360 citat
1291 1328 1413 1360 vitiose.

1082 1382 1116 1410 iu>
1152 1382 1234 1420 mfinz
1266 1382 1374 1411 Franc.
1400 1382 1569 1422 formantur
1601 1381 1728 1420 Nonius

408 1381 565 1412 Rottend.
611 1380 702 1411 alter.

792 1390 810 1419 5
815 1380 868 1411 08.
899 1387 1053 1410 curvatit'ur

1503 1339 1522 1368 5
1526 1339 1547 1360 0
1552 1339 1566 1369 7
1572 1352 1578 1359 .
1603 1331 1726 1360 addufflis

407 1431 558 1464 Marcell.
584 1431 616 1462 in
643 1434 759 1474 rigidus,
783 1439 816 1462 et
843 1431 972 1462 Servius
991 1431 1031 1462 ad
1051 1432 1129 1463 AEn.
1148 1432 1224 1470 XII,
1243 1441 1317 1471 304.

407 1550 518 1579 verat⁴
549 1539 598 1577 cf.
637 1538 771 1575 Horat.
803 1537 873 1575 ΠΙ.
904 1535 1031 1575 Carm.

409 1606 448 1642 3,
486 1606 545 1630 21.
600 1590 714 1627 Potest
746 1601 865 1627 tamen
895 1589 1034 1625 Laome-

406 1648 524 1682 dontea
559 1643 675 1691 Troja
717 1640 927 1692 simpliciter
970 1653 1035 1689 pro

405 1696 566 1745 epitheto
613 1693 754 1738 haberi,
802 1703 838 1729 et
877 1693 1032 1742 perjuria

407 1749 523 1799 Trojae
554 1746 660 1782 latius
690 1745 735 1781 ad
762 1742 886 1781 omnia
903 1745 970 1790 icy-a
997 1753 1033 1780 et

406 1800 572 1837 fat-mora
613 1797 875 1846 Trojanorum,
917 1807 1033 1844 eoque

407 1851 486 1902 ipso
504 1850 549 1886 ad
568 1848 642 1885 sata
662 1861 702 1885 ae
723 1849 817 1885 mala
834 1847 918 1883 inde
936 1856 1033 1890 nata,

407 1902 548 1945 referri,
558 1914 635 1950 quae
649 1899 687 1936 in
700 1901 897 1942 Romaim,
911 1911 1034 1934 eorum

406 1955 578 2006 posteros),
618 1951 874 1989 redundarunt.
929 1949 1036 1986 Adeo

409 2005 542 2044 insedit
569 2003 760 2040 hominum
787 2002 915 2038 animis
944 2000 1036 2037 illud

403 2057 583 2109 judicium
599 2069 608 2092 ς
633 2054 790 2091 numinis
809 2054 876 2090 iras
888 2066 958 2089 non
973 2051 1037 2089 nisi

407 2108 525 2160 poenis
559 2107 730 2144 scelerum
763 2105 897 2156 placari
927 2104 1036 2155 posse,

407 2171 458 2204 et,
491 2160 516 2197 fi
554 2158 728 2196 scelerum
777 2157 935 2193 aufflores
979 2168 1037 2191 eas

407 2210 615 2263 effugerint,
640 2209 762 2259 expeti
776 2208 838 2244 has
860 2221 880 2244 a
897 2206 1037 2257 nepoti-

409 2264 491 2302 bus.
548 2274 634 2313 503.
681 2260 951 2297 Retrahendum
988 2259 1037 2295 est

408 2316 455 2353 ad
473 2330 510 2352 v.
546 2326 620 2365 500
638 2325 728 2349 unus
744 2311 789 2348 est
814 2311 949 2354 Caesar,
976 2309 1039 2359 qui

409 2380 523 2417 remp.
553 2364 767 2402 labefaftam
801 2362 980 2399 restituere
1003 2370 1039 2398 et

410 2419 507 2456 maia
522 2416 661 2459 tollere,
689 2416 839 2452 deorum
866 2413 935 2450 iras
960 2413 1038 2464 pla-

411 2483 494 2507 care
525 2469 656 2519 potest:
688 2477 723 2503 at
755 2465 831 2509 hic,
858 2464 934 2516 ipse
963 2464 1038 2501 diis

411 2535 477 2573 par
502 2530 538 2558 et
568 2532 653 2556 mox
681 2519 768 2555 deus
797 2517 950 2559 futurus,
977 2529 1037 2553 ve·

412 2573 564 2611 rendum
579 2573 641 2613 est,
660 2583 704 2607 ne
720 2569 766 2606 ab
783 2569 849 2605 hac
866 2568 1038 2605 scelerum

410 2635 567 2672 contage
577 2622 770 2659 subdufflus
787 2619 890 2657 nobis
907 2619 1037 2669 eripia-

411 2685 494 2713 tur:
524 2675 610 2712 Fere
629 2683 668 2710 ut
696 2672 830 2709 Horat.
865 2672 882 2708 I
911 2671 1037 2709 Carm-

412 2742 451 2772 2,
479 2740 545 2778 45,
573 2726 635 2775 qui
656 2734 750 2761 totus
775 2724 877 2760 locus
905 2722 991 2759 inde
1017 2735 1037 2759 a

409 2792 446 2816 v.
491 2791 536 2828 κς
572 2790 638 2827 pro
680 2774 906 2812 aemulatione
934 2774 1038 2823 hujus

411 2830 487 2868 loci
504 2827 715 2866 Maroniani
734 2825 856 2864 haberi
869 2826 993 2875 potest.

466 2893 682 2932 503—511.
724 2878 786 2916 Ad
821 2890 953 2914 annum
991 2875 1036 2913 ab

409 2931 463 2972 U.
494 2931 544 2972 C.
572 2944 644 2983 7¹7
665 2929 726 2969 M.
754 2927 921 2981 Agrippa
935 2937 971 2968 et
990 2927 1037 2969 L·

1101 1535 1215 1574 Gallo
1234 1537 1332 1574 Coff.
1364 1537 1441 1574 haec
1459 1535 1637 1588 spestant3
1666 1543 1730 1574 aut
1775 1547 1779 1550 ’

1101 1589 1147 1625 ad
1174 1599 1383 1639 apparatum
1409 1602 1540 1640 pugnae
1567 1589 1730 1626 'Aetiacae

1100 1654 1165 1690 per
1183 1641 1365 1691 sequentes
1388 1654 1498 1677 annos
1526 1640 1606 1678 sunt
1634 1641 1728 1678 refe-

1102 1692 1224 1728 renda.
1244 1691 1293 1729 cf.
1315 1691 1405 1729 Vita
1423 1692 1580 1743 Virgilii
1598 1693 1641 1729 ad
1661 1692 1728 1729 hos

1102 1756 1226 1780 annos.
1282 1744 1393 1781 Anno
1419 1743 1484 1781 illo
1513 1757 1584 1794 717
1608 1743 1731 1780 multis

1102 1793 1281 1845 prodigiis
1311 1795 1447 1832 turbati
1470 1805 1572 1832 erant
1599 1794 1730 1840 animi,

1104 1847 1190 1883 dum
1222 1846 1318 1883 inter
1349 1846 1581 1883 Triumviros
1604 1860 1730 1897 parum

1104 1899 1208 1934 firma
1253 1898 1354 1942 fides,
1394 1907 1430 1934 et
1478 1898 1599 1948 paullo
1652 1899 1730 1948 post

1103 1962 1228 2000 graves
1259 1949 1487 1993 inimicitiae3
1524 1949 1618 1986 inter
1650 1950 1733 1986 Caea

1106 2003 1218 2038 sarem
1276 2011 1311 2038 et
1359 2001 1460 2038 Sext.
1518 2000 1729 2050 Pompeium

1105 2053 1240 2090 bellum
1277 2052 1566 2096 recrudescebat3
1614 2052 1734 2088 Anto&

1108 2104 1186 2141 nius
1204 2104 1365 2141 exercitu
1393 2104 1556 2140 adversus
1583 2102 1735 2141 Parthos

1103 2155 1180 2205 jam
1195 2156 1332 2192 dudum
1349 2155 1463 2205 Syriae
1478 2155 1618 2192 infestos
1635 2155 1733 2201 ibat3

1108 2207 1154 2244 ab
1170 2206 1348 2257 Agrippa,
1367 2207 1430 2257 qui
1447 2207 1615 2243 Rhenum
1633 2216 1732 2243 tran-

1107 2258 1226 2302 fierat,
1253 2259 1291 2295 in
1320 2258 1455 2296 Galliis
1471 2258 1605 2295 bellum
1621 2259 1733 2295 modo

1107 2310 1312 2347 confestum
1343 2320 1433 2348 erat.
1488 2309 1582 2346 Haee
1610 2309 1734 2346 omnia

1108 2361 1148 2398 in
1168 2375 1278 2398 unum
1296 2361 1461 2399 conferre
1478 2361 1597 2412 potuit
1609 2366 1734 2410 poeta.

1109 2423 1149 2450 ut
1178 2412 1325 2464 gravior
1345 2414 1427 2450 esset
1452 2412 1640 2449 sententia.
1692 2412 1733 2450 Si

1108 2465 1154 2501 de
1181 2474 1353 2515 apparatu
1376 2464 1466 2502 belli
1495 2463 1640 2501 Afflaci
1667 2463 1737 2502 hac

1108 2516 1380 2566 Georgicorum
1413 2524 1515 2567 parte
1554 2515 1617 2565 agi
1649 2528 1739 2554 cum

1107 2567 1274 2605 Martino
1309 2568 1510 2604 existimare
1540 2567 1664 2604 malis:
1695 2580 1735 2606 v.

1109 2633 1184 2671 509
1201 2618 1325 2656 latiori
1341 2618 1440 2656 sensu
1459 2619 1529 2655 erit
1554 2617 1736 2668 accipien-

1108 2671 1175 2707 dus
1205 2671 1250 2707 de
1276 2670 1444 2707 extremis
1476 2669 1622 2720 imperii
1654 2668 1736 2706 fini-

1107 2722 1188 2766 bus,
1216 2722 1310 2759 unde
1328 2723 1444 2771 eopiae
1469 2720 1736 2758 contraheban-

1106 2783 1165 2811 tur
1181 2773 1227 2810 ab
1247 2773 1413 2810 Antonio
1429 2782 1465 2809 et
1482 2771 1634 2810 Caesare.

1163 2839 1248 2876 505.
1281 2825 1341 2863 ubi
1369 2825 1408 2861 h.
1442 2824 1470 2862 l.
1506 2825 1602 2875 apud
1633 2835 1738 2874 quos.

1109 2874 1197 2928 506.
1217 2874 1520 2927 Novumscelerum
1532 2885 1737 2925 pro-ventum:

1106 2927 1204 2969 dixit
1221 2927 1362 2969 Lucan.
1380 2926 1434 2974 ΙΙ,
1451 2929 1514 2968 60.
1534 2940 1622 2980 507.
1642 2926 1736 2975 Dig-

1673 2988 1736 3016 nus
