1821 3381
266 395 268 397 ’
322 370 860 428 GEORGICON,
916 369 1067 417 LIB.
1125 368 1192 416 11.
1297 383 1390 431 333

87 504 205 558 Aut,
229 501 354 548 unde
377 501 522 547 iratus
545 498 711 545 silvam
732 496 921 544 devexit
942 508 1110 554 arator,

29 628 34 636 ·
86 595 152 642 Et
175 609 368 641 nemora
391 591 557 637 evertit
582 589 757 636 multos
781 589 953 651 ignava
975 606 1061 652 per
1081 605 1242 646 annos,

85 681 412 745 Antiquasque
435 681 600 727 domos
624 679 785 726 avium
808 695 921 725 cum
946 678 1170 741 stirpibus
1195 678 1305 726 imis

22 790 26 795 ’
86 773 251 820 Eruit:
290 771 390 817 illae
413 770 563 816 altum
588 768 710 815 nidis
734 767 910 830 petiere
934 768 1139 821 rendum
1305 783 1397 816 210

84 863 154 910 At
177 862 306 909 rudis
330 860 504 907 enituit
528 858 712 921 inpulso
735 874 924 905 vomere
947 873 1160 922 campus.

86 954 215 1000 Nam
232 950 398 1017 jejuna
419 950 615 1013 quidem
638 948 800 996 clivofi
826 948 982 1012 glarea
1006 949 1124 996 ruris

89 1045 180 1092 Vix
205 1044 401 1091 humilis
425 1042 592 1107 apibus
618 1040 758 1088 casias
783 1057 1032 1105 roremque
1056 1041 1319 1097 ministrat;

130 1201 204 1232 207.
227 1193 319 1236 dejecit
345 1191 463 1222 Medic.
493 1189 612 1229 Pierii3
634 1190 686 1221 sed
702 1190 839 1221 occurrit
856 1201 891 1222 ea
917 1190 1053 1222 variatio
1080 1191 1202 1234 saepius.
1228 1192 1269 1223 cf.
1291 1193 1401 1223 Burni.

90 1243 253 1274 ——208.
275 1245 381 1273 avertit
396 1243 448 1275 ed.
465 1241 604 1273 Mediol.
616 1241 680 1274 vid.
700 1243 821 1282 Georg.
839 1243 862 1279 I,
874 1242 1108 1284 256.-—-—209.
1130 1245 1219 1274 domus
1230 1245 1312 1275 Ven.

89 1304 165 1327 210.
190 1296 293 1324 almum
311 1295 392 1324 Ven.
431 1296 558 1335 petivere
574 1292 706 1333 Regius.

88 1345 148 1376 see.
162 1351 194 1374 et
210 1343 389 1383 Voff.⁴cum
405 1344 510 1384 Regio
529 1342 680 1372 Maxtini.

90 1447 175 1479 forte
191 1447 279 1486 locis,
300 1453 337 1477 ut
353 1454 427 1486 203.

87 1556 374 1609 magnitudinem
406 1557 579 1608 suggerit.
635 1571 706 1608 207

86 1623 182 1646 —21
197 1624 229 1646 1.
257 1608 393 1646 Ornate
409 1609 455 1645 de
469 1622 558 1659 agro
577 1609 710 1646 novali.

88 1668 196 1698 iratus
214 1660 384 1704 suaviter,
411 1662 511 1710 quod
543 1661 638 1697 silvae
655 1661 712 1697 in-

89 1713 195 1749 utiles
226 1711 362 1748 bonum
409 1712 522 1749 solum
555 1724 709 1762 occupa-

88 1764 187 1808 bant,
251 1765 390 1800 dez-exit
422 1763 587 1813 po'e'tice3
633 1764 710 1799 vul-

88 1815 169 1865 gz=ri
189 1815 326 1852 ratione
355 1815 410 1858 id,
445 1816 543 1863 quod
568 1824 709 1851 antece-

88 1866 158 1910 dit,
185 1876 391 1917 poneretur,
420 1865 572 1907 excidit,
590 1867 711 1902 exstir-

86 1917 199 1968 pavit.
225 1918 273 1955 cf.
295 1931 330 1954 v.
357 1919 447 1966 408.
500 1917 562 1954 Ad
583 1931 616 1955 v.
638 1930 710 1968 209

88 1982 211 2006 omnes
228 1970 376 2006 laudant
405 1968 526 2005 locum
562 1968 710 2007 Lucret.

89 2020 122 2064 I,
147 2033 189 2070 19
212 2021 485 2071 Frondg'fi‘rasque
510 2021 612 2057 domos
630 2024 712 2056 avi-

89 2088 155 2109 um.
203 2074 254 2108 At
267 2072 383 2121 ipsum
399 2070 599 2121 Virgilium
619 2071 712 2121 pres-

89 2123 155 2160 sius
173 2122 334 2172 sequitur
346 2122 522 2159 Manilius
541 2122 572 2166 I,
586 2137 712 2174 774-

91 2188 189 2226 7773
218 2174 346 2211 habuit
372 2173 480 2210 etiam
508 2185 591 2211 ante
623 2187 713 2210 ocu-

88 2226 143 2263 los
166 2226 275 2263 Silius
293 2225 344 2269 V,
367 2230 582 2276 505—508.
612 2225 712 2262 Tum

91 2276 265 2326 subjectus
291 2277 337 2313 est
375 2290 445 2314 211
486 2277 601 2314 versus
632 2277 711 2327 pul-

90 2328 300 2365 cherrimus,
380 2328 511 2376 impuffi)
567 2344 713 2371 vomere,

91 2378 230 2422 adach),
260 2390 297 2415 ut
321 2393 357 2417 v.
378 2392 448 2427 203
467 2382 581 2430 preffi,
610 2379 642 2422 Ι,
662 2393 710 2430 45

89 2432 225 2481 depreffi
253 2441 382 2468 aratro.
448 2433 539 2467 rudis
566 2442 714 2480 campus,

91 2495 185 2518 nunc
206 2482 364 2531 primum
382 2481 579 2533 prosciffus.
622 2484 714 2519 rudi-

91 2533 151 2569 bus
178 2549 244 2584 qna
260 2533 366 2570 luceat
383 2533 599 2582 orhimstzlcis
618 2533 714 2570 dixit

92 2583 298 2621 Ncmefian.
327 2585 469 2634 Cyneg.
512 2597 569 2631 14.
628 2584 714 2621 Alia

90 2635 194 2672 dabit
226 2635 421 2673 Burmann.
451 2639 567 2672 enituit
596 2645 713 2672 autem

92 2699 221 2736 magna
240 2700 321 2722 cum
349 2687 384 2722 vi
401 2700 410 2723 ε
439 2686 486 2721 est
504 2687 601 2723 enim
620 2686 714 2723 bona

91 2747 181 2775 terra
204 2739 271 2788 pest
297 2752 458 2774 vomerem
485 2740 648 2786 nitffi-ens,
677 2749 715 2774 ut

92 2788 229 2825 Plinius
249 2788 299 2825 ait
326 2788 440 2832 XVI,
470 2802 508 2840 5,
530 2792 555 2826 1.
578 2801 613 2835 3.
668 2787 716 2825 Et

91 2836 241 2876 onmino
259 2846 377 2883 taxent,
403 2852 482 2890 quae
504 2840 603 2876 culta
620 2839 715 2882 suut,

91 2902 130 2927 ut
149 2889 222 2928 Ge.
252 2889 286 2933 I,
321 2903 403 2942 153.
431 2889 514 2929 AEn.
538 2889 607 2933 VI,
628 2890 715 2941 677.

94 2941 191 2981 conf.
241 2942 363 2980 Burin.
445 2942 582 2979 Totam
634 2955 716 2980 uero

798 1301 870 1323 211.
894 1294 957 1323 Aut
982 1293 1106 1324 Medic.
1128 1305 1146 1323 a
1164 1304 1205 1324 m.
1221 1305 1268 1336 pr.
1285 1295 1405 1325 Moreti

727 1344 769 1373 Et
787 1341 924 1372 Mentel,
944 1348 1019 1372 tert.
1035 1353 1108 1372 cum
1126 1353 1188 1373 uno
1205 1344 1316 1375 Mead.
1362 1346 1404 1375 Et

86 1396 170 1432 suut,
194 1395 249 1436 qui
279 1395 319 1425 ad
345 1394 508 1435 sequentia
543 1393 702 1431 refe-rann
726 1392 820 1423 male.

518 1455 591 1485 213.
617 1447 650 1477 V
647 1448 678 1476 ix
693 1447 787 1488 apibus
803 1446 911 1475 humilis
927 1445 994 1476 Erf.

878 1393 1002 1435 imprqſjb
1029 1394 1079 1425 ed.
1107 1394 1253 1434 Medici„
1273 1406 1311 1427 ex
1337 1395 1407 1427 aliis

774 1557 982 1594 strmsturam
1000 1555 1038 1593 in
1066 1557 1220 1607 pedestri
1240 1559 1405 1595 oratione

777 1609 823 1646 sie
861 1607 1085 1646 institueres:
1114 1614 1272 1660 antiquas
1303 1613 1407 1648 domos

777 1662 898 1697 amium
928 1663 1030 1702 eruit,
1076 1676 1151 1711 quae
1193 1662 1301 1699 allum
1346 1673 1405 1712 pc·

781 1722 869 1754 tunt,
907 1712 983 1748 dum
1017 1715 1144 1748 interea
1174 1724 1306 1763 campus
1337 1718 1407 1750 eni-

781 1766 869 1811 tescit
902 1772 972 1798 etc.
1027 1761 1137 1814 Qod
1169 1764 1194 1800 fi
1225 1763 1407 1802 meminis-

783 1813 858 1850 sent
899 1813 1123 1864 interpretes,
1158 1828 1233 1852 non
1264 1815 1406 1853 versum

785 1877 827 1902 21
842 1879 852 1902 1
871 1877 953 1902 cum
969 1865 1406 1916 sequentibusjunxiffent.

785 1929 820 1954 v.
836 1930 894 1967 ap.
915 1915 1037 1954 Burm.
1056 1928 1092 1954 et
1110 1918 1266 1957 Martin.

837 1971 1051 2007 ziz—216.
1104 1969 1264 2007 Notetur
1315 1983 1408 2007 nova

783 2018 957 2056 orationis
973 2021 1223 2058 connestendae
1238 2021 1406 2066 variatio,

784 2072 870 2107 dum
889 2074 940 2108 ad
951 2082 1042 2109 nolas
1069 2073 1154 2109 mali
1174 2078 1253 2124 agri
1270 2074 1406 2111 transit.

785 2123 896 2159 Solum
933 2123 1132 2174 glarerffum,
1167 2124 1248 2161 satis
1280 2125 1344 2168 est,
1380 2126 1407 2161 fi

785 2174 911 2210 herbas
943 2174 1070 2223 apibus
1100 2174 1247 2213 idoneas
1282 2175 1407 2226 suppe-

785 2224 892 2263 ditat.
932 2228 1060 2276 jejuna
1083 2226 1222 2277 glarea,
1241 2228 1406 2265 infecun-

785 2276 857 2322 da3
886 2280 1012 2326 λιπςά.
1067 2277 1258 2316 Dixersum
1291 2279 1405 2317 solum

786 2327 831 2365 ab
866 2328 916 2365 vs.
953 2334 1038 2372 180,
1068 2329 1130 2365 ubi
1158 2329 1266 2366 etiam
1296 2342 1405 2375 teum,

786 2378 845 2415 sed
861 2380 1092 2430 argillaceum
1111 2390 1146 2417 et
1163 2382 1379 2419 calculosum
1396 2401 1406 2428 ;

786 2443 881 2467 nunc
900 2431 1117 2469 fabulosum.
1170 2449 1285 2477 rerem,
1299 2447 1406 2483 quem

787 2494 867 2531 apes
887 2496 904 2519 e
921 2483 1067 2519 floribus
1080 2494 1113 2520 et
1127 2483 1244 2521 herbis
1258 2484 1404 2534 sugunt3

788 2545 952 2583 nuncque
980 2536 1082 2571 flores
1101 2534 1182 2584 ipfi‚
1201 2536 1329 2585 quibus
1343 2537 1407 2573 ille

788 2583 894 2620 iness'e
928 2584 1029 2624 solet.
1082 2585 1233 2623 Alienus
1261 2600 1281 2623 a
1311 2589 1406 2638 pastu

787 2648 894 2685 apum
914 2636 1058 2682 humor,
1085 2650 1158 2687 quo
1190 2639 1294 2674 nuc'lu
1326 2639 1406 2676 irri-

785 2697 917 2736 gantur
960 2700 1074 2738 prata.
1155 2690 1221 2725 Ros
1265 2697 1411 2728 marinus

787 2737 949 2786 quidem,
968 2739 1101 2785 fruteX,
1120 2754 1139 2775 a
1158 2740 1282 2777 Servio
1304 2742 1409 2779 intel-

786 2788 929 2839 l‘gjtur,
965 2803 1071 2840 quem
1104 2791 1168 2828 alii
1201 2791 1410 2841 sequuntur.

788 2839 856 2877 Sed
903 2854 1064 2879 nonnum
1098 2843 1219 2879 locum
1253 2844 1344 2887 vidi,
1372 2846 1408 2882 in

787 2905 860 2941 quo
877 2891 940 2929 ille
957 2893 1164 2943 simpliciter
1192 2910 1239 2930 ros
1256 2897 1411 2945 apsellao

788 2954 896 2981 tetur.
942 2944 998 2982 Dc
1015 2948 1114 2993 σιμ-ιι,
1136 2945 1245 2983 herba
1262 2959 1404 2984 corona-

1341 3011 1410 3041 ria,
