1987 3361
510 301 685 338 xxxv1
907 282 1455 339 PRAEFATIO

509 431 758 490 viderem,
798 430 847 482 in
874 431 1006 491 aliis,
1047 449 1166 482 cum
1186 429 1386 501 judicio
1416 448 1533 481 meo
1567 428 1822 482 dileetum

513 520 765 592 usumque
792 522 1119 591 relinqueret,
1161 521 1318 571 etiam
1346 539 1524 572 meum
1552 521 1823 592 ingenium

513 612 567 663 in
593 611 917 663 defendendo
944 617 1098 683 poeta
1127 611 1358 664 adversus
1392 631 1468 674 ea,
1510 631 1628 683 quae
1654 629 1825 682 repre-

514 701 668 753 hensa
694 701 869 763 effent,
910 703 1021 753 acui
1049 699 1305 754 sentirem.
1385 703 1448 753 In
1481 701 1657 754 multis
1676 701 1824 772 judi«

516 793 656 843 cium
683 793 777 844 viri
804 791 1111 862 subtilejam
1137 793 1188 844 in
1224 793 1392 863 priore
1419 793 1644 845 editione
1668 805 1827 865 'anteg-

515 895 803 942 vcrteram;
844 883 940 935 alia
977 901 1114 935 nunc
1170 880 1384 953 apposui
1429 884 1673 954 praeclare
1711 884 1828 936 ani-

517 973 799 1027 madversa.

595 1065 758 1117 Fuere
786 1063 883 1114 viri
917 1062 1078 1123 docti,
1117 1063 1207 1133 qui
1242 1060 1343 1114 five
1373 1080 1463 1133 per
1494 1062 1688 1115 litteras
1728 1062 1830 1117 five

520 1154 715 1227 scriptis
758 1155 900 1227 prelo
925 1153 1172 1225 expressis
1199 1152 1285 1205 seu
1323 1154 1525 1206 monita
1549 1153 1634 1206 seu
1660 1156 1833 1208 confi-

520 1246 590 1298 lia
647 1244 732 1297 seu
796 1244 1117 1315 conjecturas
1175 1245 1229 1296 in
1281 1245 1568 1316 Virgilium
1620 1266 1833 1299 mecum

521 1338 967 1390 communicarent
983 1362 1000 1398 ς
1040 1339 1093 1389 in
1119 1336 1200 1389 his
1221 1339 1315 1410 J0.
1334 1341 1495 1391 Henr.
1513 1340 1646 1391 thd.
1670 1340 1833 1392 Meie-

526 1445 650 1483 rotto
675 1430 727 1481 in
752 1429 930 1480 libello
958 1448 1119 1501 quem
1145 1430 1426 1501 inscripsit:
1473 1433 1558 1483 De
1595 1432 1739 1483 rebus
1775 1431 1841 1483 ad

523 1523 743 1572 auffw‘es
760 1519 975 1590 quosdam
995 1520 1194 1591 clqfflcos
1208 1521 1572 1590 pertinentibus
1588 1523 1837 1574 Dubia-

529 1610 654 1661 Chr.
697 1610 765 1659 G.
810 1609 978 1678 Heyne
1009 1609 1259 1678 proponit.
1310 1609 1534 1661 Berolini
1578 1610 1737 1683 1785,
1783 1611 1834 1663 8.

526 1701 689 1751 Grato
727 1699 901 1749 animo
940 1699 1111 1768 accepi
1150 1698 1359 1758 omnia;
1409 1699 1745 1772 transtulique
1782 1701 1839 1752 in

527 1810 708 1842 meum
735 1789 886 1841 usum
923 1808 997 1849 ea,
1038 1809 1155 1860 quse
1184 1791 1264 1841 vel
1290 1791 1465 1842 locum
1492 1789 1840 1863 habere-poffe

530 1882 611 1934 vel
637 1880 847 1932 confilio
875 1899 993 1930 meo
1021 1878 1323 1951 respondere
1357 1880 1656 1933 arbitrabar.
1736 1882 1841 1933 Po·-

530 1984 668 2025 tuere
693 1991 776 2023 me
803 1970 976 2042 fugere
1002 1972 1120 2031 alia,
1160 1971 1400 2042 inprimis
1426 1972 1481 2023 in
1517 1971 1836 2025 verfionibus

529 2064 762 2115 virorum
802 2062 1078 2114 doctorum
1123 2063 1361 2123 latentia;
1412 2062 1475 2114 ad
1513 2061 1626 2116 haec
1665 2076 1842 2115 tamen

531 2152 741 2224 operose
765 2153 1053 2225 indaganda
1090 2168 1139 2206 et
1178 2154 1468 2226 colligenda
1504 2156 1660 2208 nimis
1699 2175 1841 2208 eram

532 2258 810 2316 occupatus
834 2245 889 2297 in
912 2246 1024 2297 aliis
1053 2245 1253 2299 studiis⁸
1332 2247 1549 2299 Potuere
1569 2247 1727 2298 etiam
1750 2265 1843 2318 per

532 2337 819 2409 intervalla,
859 2338 1049 2409 quibus
1102 2337 1437 2410 deponendus
1493 2357 1558 2391 ex
1603 2339 1845 2391 manibus

534 2440 642 2479 erat
662 2429 934 2499 Virgilius,
975 2443 1023 2481 et
1050 2449 1139 2501 per
1163 2431 1600 2502 interpellationes
1625 2431 1845 2492 crebras,

535 2520 703 2570 multa
726 2521 904 2571 animo
928 2521 1160 2572 excidere
1177 2547 1193 2582 3
1235 2541 1390 2574 nemo
1415 2523 1585 2593 itaque
1611 2522 1665 2574 in
1706 2523 1845 2574 invi-

538 2608 681 2660 diam
707 2610 947 2672 adducat,
972 2610 1006 2662 fi
1035 2611 1161 2683 quid
1183 2632 1212 2663 a
1232 2611 1279 2664 se
1307 2613 1568 2664 monitum
1587 2611 1719 2664 forte
1738 2630 1845 2663 non

539 2717 1009 2753 commemoratum
1034 2705 1293 2775 repererit.
1359 2702 1614 2755 Profeffus
1635 2721 1848 2774 quoque

532 2793 644 2863 jam
685 2795 747 2847 ab
783 2796 931 2849 initio
969 2816 1129 2858 eram,
1168 2816 1275 2850 non
1301 2816 1416 2849 earn
1444 2796 1728 2853 editionem
1760 2812 1848 2845 me

1651 2904 1847 2962 parare,
