1987 3361
479 271 525 306 11
862 243 1414 301 PRAEFATIO

477 396 726 465 impetus;
755 391 937 462 pectus
956 407 1095 448 vero,
1119 384 1260 457 quod
1279 400 1600 455 magnarum,
1623 383 1784 438 subli-

479 485 665 542 mium,
695 495 741 533 ct
760 478 1220 551 pulcherrimarum
1244 494 1413 526 rerum
1434 493 1490 525 ac
1512 473 1785 527 sententia-

477 595 592 628 rum
628 574 805 647 spiritu
839 573 1130 630 incaluerat,
1176 568 1387 620 subinde
1424 566 1749 639 refrigeratur
1766 593 1784 629 ς

477 681 719 719 avocatur
746 679 890 717 mens
915 665 976 714 ab
1000 663 1170 733 operis
1192 660 1393 712 summa
1417 673 1466 710 et
1488 660 1554 710 ‘ab
1581 659 1788 711 univer-

479 761 542 814 soe
587 762 789 812 virtutis
837 777 893 809 ac
945 756 1251 828 praestantiae
1296 754 1611 825 cognitione,
1666 771 1787 824 quae

479 871 584 904 non
619 865 724 902 tam
760 851 813 900 in
844 849 1051 919 singulis
1080 847 1227 898 rebus
1270 863 1430 916 quam
1469 845 1523 896 in
1560 838 1788 916 partium

478 945 610 996 inter
635 944 682 995 se
719 940 1077 994 convenientia
1116 951 1165 989 et
1203 938 1265 988 ad
1304 955 1585 988 commune
1622 935 1788 987 confi-

478 1039 610 1090 lium
649 1035 1025 1107 conspiratione
1052 1033 1312 1091 cernitur3
1350 1049 1413 1081 ex
1441 1030 1648 1101 singulis
1675 1042 1789 1080 tan-

476 1141 589 1181 tum
627 1141 675 1179 et
713 1127 927 1178 minutis
956 1123 1114 1176 modo
1143 1122 1404 1174 sententiis
1436 1121 1594 1173 modo
1618 1121 1789 1173 verbis

477 1218 726 1270 aestimare
754 1216 988 1288 poetam,
1029 1228 1077 1266 et
1113 1214 1243 1286 saepe
1268 1214 1320 1266 id
1346 1213 1472 1266 adeo
1497 1213 1560 1266 ad
1585 1213 1789 1265 alterius

478 1321 681 1361 tantum
726 1320 915 1359 nutum
960 1319 1008 1358 et
1053 1305 1236 1358 nasum
1276 1305 1460 1367 facere,
1504 1304 1746 1357 discimus
1769 1329 1786 1363 ς

479 1419 585 1473 quo
626 1399 736 1470 ipso
774 1399 1011 1469 voluptas
1052 1398 1223 1449 omnis
1250 1415 1316 1448 ex
1348 1396 1588 1448 carminis
1615 1395 1791 1447 dulce-

479 1494 597 1546 dine
626 1491 876 1563 capienda
904 1491 1241 1562 intercipitur,
1282 1508 1420 1561 quae,
1443 1489 1557 1560 jam
1588 1507 1677 1560 per
1707 1489 1790 1559 ip-

480 1585 585 1638 sam
607 1604 671 1636 ex
691 1584 1027 1636 retardatione
1047 1583 1357 1644 molestiam,
1380 1601 1486 1633 non
1506 1579 1793 1633 admodum

480 1678 726 1730 imminui
756 1695 864 1727 non
891 1687 1107 1746 poterat.
1189 1674 1286 1726 Sed
1314 1692 1409 1724 nec
1435 1673 1660 1725 minores
1688 1670 1796 1724 dif-

478 1767 728 1820 ficultates
756 1765 927 1837 ipsum
947 1777 1189 1836 premunt
1209 1764 1557 1835 interpretem.
1619 1762 1793 1814 Nam-

477 1879 580 1931 que
607 1870 655 1910 et
682 1859 791 1929 ejus
822 1856 1091 1927 ingenium
1118 1875 1286 1908 rerum
1314 1857 1633 1907 minutarum
1670 1854 1793 1907 infi-

478 1951 587 2004 nita
614 1951 763 2021 copia
792 1968 848 2001 ac
883 1947 1161 2000 subtilitate
1203 1947 1441 2008 obtundi,
1482 1946 1794 2018 obscuraque

478 2059 634 2112 opera
675 2039 953 2097 obscurari,
993 2050 1060 2098 et,
1102 2037 1231 2090 dum
1279 2039 1333 2090 in
1381 2039 1601 2091 aliorum
1647 2038 1796 2093 sensu

478 2131 709 2183 acuendo
751 2130 982 2192 desudat,
1023 2132 1297 2202 proprium
1335 2130 1537 2184 sensum
1565 2132 1711 2185 obrui
1744 2143 1795 2184 et

480 2220 707 2274 hebetari
734 2222 923 2274 necesse
949 2222 1039 2275 est.
1121 2224 1317 2294 Itaque,
1345 2242 1467 2275 cum
1491 2224 1719 2297 undique
1745 2237 1796 2278 et

479 2313 542 2366 ad
569 2314 764 2386 singula
789 2316 961 2375 verba,
987 2316 1175 2386 quibus
1202 2317 1374 2388 aliqua
1398 2316 1691 2378 difficultas,
1732 2316 1799 2370 ad

480 2404 700 2456 aliorum
740 2406 955 2477 quidem
995 2408 1412 2480 intelligentiam,
1459 2409 1797 2464 adhaerescere

482 2494 612 2548 forte
636 2497 807 2568 poffit,
846 2499 1176 2554 circumferas
1204 2514 1253 2553 et
1278 2502 1508 2555 intendas
1536 2506 1793 2568 animum,

481 2587 646 2638 multa
670 2586 930 2641 interdum
957 2605 1229 2644 occurrunt
1256 2594 1427 2646 minus
1454 2614 1575 2647 cum
1599 2615 1651 2648 re
1673 2615 1797 2648 con-

474 2676 681 2748 jundta‚
721 2680 1021 2752 exciditque
1047 2701 1431 2756 nonnunquam
1457 2686 1527 2744 id,
1568 2686 1706 2758 quod
1733 2686 1796 2739 ad

483 2765 639 2818 illum
689 2769 864 2822 locum
914 2772 976 2824 ab
1030 2774 1181 2826 initio
1233 2776 1574 2846 quaerebatur.
1655 2777 1798 2830 Cum

483 2856 641 2910 etiam
669 2861 833 2913 multa
861 2862 978 2928 sint,
1019 2884 1138 2937 quae
1179 2866 1354 2921 sentiri
1393 2868 1610 2942 quidem
1649 2867 1799 2921 facile

1585 2979 1621 3034 p
1631 2960 1801 3021 offint,

1972 1157 1985 1179 ,Γ
1978 1140 1980 1148 -
1967 780 1983 1130 »nawa-3*—
