<?xml version="1.0" encoding="UTF-8"?>
<!DOCTYPE html PUBLIC "-//W3C//DTD XHTML 1.0 Transitional//EN"
    "http://www.w3.org/TR/xhtml1/DTD/xhtml1-transitional.dtd">
<html xmlns="http://www.w3.org/1999/xhtml" xml:lang="en" lang="en">
 <head>
  <title>
</title>
<meta http-equiv="Content-Type" content="text/html;charset=utf-8" />
  <meta name='ocr-system' content='tesseract 3.04.00' />
  <meta name='ocr-capabilities' content='ocr_page ocr_carea ocr_par ocr_line ocrx_word'/>
</head>
<body>
  <div class='ocr_page' id='page_1' title='image "./operavarietatele01virguoft_0311.png"; bbox 0 0 1821 3381; ppageno 0'>
   <div class='ocr_carea' id='block_1_1' title="bbox 374 262 1457 336">
    <p class='ocr_par' dir='ltr' id='par_1_1' title="bbox 374 262 1457 336">
     <span class='ocr_line' id='line_1_1' title="bbox 374 262 1457 336; baseline -0.006 -12"><span class='ocrx_word' id='word_1_1' title='bbox 374 262 888 330; x_wconf 74' lang='lat' dir='ltr'>BU&#39;COLICA,</span> <span class='ocrx_word' id='word_1_2' title='bbox 954 270 1142 320; x_wconf 87' lang='lat' dir='ltr'><strong>ECL.</strong></span> <span class='ocrx_word' id='word_1_3' title='bbox 1200 272 1240 319; x_wconf 91' lang='lat'>1.</span> <span class='ocrx_word' id='word_1_4' title='bbox 1393 288 1457 336; x_wconf 78' lang='lat'>39</span> 
     </span>
    </p>
   </div>
   <div class='ocr_carea' id='block_1_2' title="bbox 151 417 1466 646">
    <p class='ocr_par' dir='ltr' id='par_1_2' title="bbox 151 417 1466 646">
     <span class='ocr_line' id='line_1_2' title="bbox 670 417 962 450; baseline 0 -2"><span class='ocrx_word' id='word_1_5' title='bbox 670 417 962 450; x_wconf 83' lang='lat' dir='ltr'><strong>MELIBOEUS.</strong></span> 
     </span>
     <span class='ocr_line' id='line_1_3' title="bbox 151 492 1466 556; baseline -0.001 -14"><span class='ocrx_word' id='word_1_6' title='bbox 151 495 224 543; x_wconf 84' lang='lat' dir='ltr'>At</span> <span class='ocrx_word' id='word_1_7' title='bbox 245 510 329 541; x_wconf 90' lang='lat' dir='ltr'>nos</span> <span class='ocrx_word' id='word_1_8' title='bbox 353 494 464 541; x_wconf 89' lang='lat' dir='ltr'>hinc</span> <span class='ocrx_word' id='word_1_9' title='bbox 489 493 566 540; x_wconf 87' lang='lat' dir='ltr'>alii</span> <span class='ocrx_word' id='word_1_10' title='bbox 589 492 786 539; x_wconf 77' lang='lat' dir='ltr'>sitientis</span> <span class='ocrx_word' id='word_1_11' title='bbox 806 492 981 540; x_wconf 86' lang='lat' dir='ltr'><strong>ibimus</strong></span> <span class='ocrx_word' id='word_1_12' title='bbox 1004 493 1173 549; x_wconf 86' lang='lat' dir='ltr'>Afros;</span> <span class='ocrx_word' id='word_1_13' title='bbox 1393 493 1421 540; x_wconf 88' lang='lat'><strong>6</strong></span> <span class='ocrx_word' id='word_1_14' title='bbox 1428 506 1466 556; x_wconf 66' lang='lat'>5,</span> 
     </span>
     <span class='ocr_line' id='line_1_4' title="bbox 151 580 1457 646; baseline 0 -15"><span class='ocrx_word' id='word_1_15' title='bbox 151 583 263 631; x_wconf 86' lang='lat' dir='ltr'>Pars</span> <span class='ocrx_word' id='word_1_16' title='bbox 275 583 517 646; x_wconf 83' lang='lat' dir='ltr'><strong>Scythiam</strong></span> <span class='ocrx_word' id='word_1_17' title='bbox 528 594 572 628; x_wconf 88' lang='lat' dir='ltr'>et</span> <span class='ocrx_word' id='word_1_18' title='bbox 586 581 806 643; x_wconf 84' lang='lat' dir='ltr'>rapidum</span> <span class='ocrx_word' id='word_1_19' title='bbox 823 580 861 626; x_wconf 87' lang='lat' dir='ltr'>C</span> <span class='ocrx_word' id='word_1_20' title='bbox 866 594 979 629; x_wconf 84' lang='lat' dir='ltr'>retae</span> <span class='ocrx_word' id='word_1_21' title='bbox 995 584 1236 631; x_wconf 87' lang='lat' dir='ltr'>veniemus</span> <span class='ocrx_word' id='word_1_22' title='bbox 1254 583 1457 641; x_wconf 85' lang='lat' dir='ltr'>Oaxem,</span> 
     </span>
    </p>
   </div>
   <div class='ocr_carea' id='block_1_3' title="bbox 140 721 1459 1797">
    <p class='ocr_par' dir='ltr' id='par_1_3' title="bbox 140 721 1459 1797">
     <span class='ocr_line' id='line_1_5' title="bbox 194 721 1455 766; baseline 0.002 -8"><span class='ocrx_word' id='word_1_23' title='bbox 194 721 261 758; x_wconf 54' lang='grc' dir='ltr'>66.ἱ</span> <span class='ocrx_word' id='word_1_24' title='bbox 282 726 322 758; x_wconf 88' lang='lat' dir='ltr'>al.</span> <span class='ocrx_word' id='word_1_25' title='bbox 354 727 459 764; x_wconf 82' lang='lat' dir='ltr'><em>Oaxen,</em></span> <span class='ocrx_word' id='word_1_26' title='bbox 484 725 587 763; x_wconf 80' lang='lat' dir='ltr'>Oaxt&#39;n,</span> <span class='ocrx_word' id='word_1_27' title='bbox 609 724 730 756; x_wconf 79' lang='lat' dir='ltr'>Eaxem.</span> <span class='ocrx_word' id='word_1_28' title='bbox 787 724 878 757; x_wconf 74' lang='lat' dir='ltr'>Oaxes</span> <span class='ocrx_word' id='word_1_29' title='bbox 906 725 1011 758; x_wconf 80' lang='lat' dir='ltr'>Cretae</span> <span class='ocrx_word' id='word_1_30' title='bbox 1038 725 1072 760; x_wconf 88' lang='lat' dir='ltr'>fl.</span> <span class='ocrx_word' id='word_1_31' title='bbox 1100 727 1220 760; x_wconf 68' lang='lat' dir='ltr'>nemini</span> <span class='ocrx_word' id='word_1_32' title='bbox 1247 734 1455 766; x_wconf 83' lang='lat' dir='ltr'>memoratus,</span> 
     </span>
     <span class='ocr_line' id='line_1_6' title="bbox 147 776 1455 821; baseline 0.002 -12"><span class='ocrx_word' id='word_1_33' title='bbox 147 785 267 821; x_wconf 83' lang='lat' dir='ltr'>praeter</span> <span class='ocrx_word' id='word_1_34' title='bbox 281 778 415 809; x_wconf 89' lang='lat' dir='ltr'>Vibium</span> <span class='ocrx_word' id='word_1_35' title='bbox 427 777 636 819; x_wconf 83' lang='lat' dir='ltr'>Sequestrem,</span> <span class='ocrx_word' id='word_1_36' title='bbox 649 776 731 808; x_wconf 83' lang='lat' dir='ltr'>forte</span> <span class='ocrx_word' id='word_1_37' title='bbox 749 788 786 809; x_wconf 87' lang='lat' dir='ltr'>ex</span> <span class='ocrx_word' id='word_1_38' title='bbox 801 777 862 808; x_wconf 92' lang='lat' dir='ltr'>hoc</span> <span class='ocrx_word' id='word_1_39' title='bbox 877 778 944 819; x_wconf 85' lang='lat' dir='ltr'>ipso</span> <span class='ocrx_word' id='word_1_40' title='bbox 958 778 1027 811; x_wconf 85' lang='lat' dir='ltr'>loco</span> <span class='ocrx_word' id='word_1_41' title='bbox 1041 792 1049 817; x_wconf 86' lang='lat'><em>3</em></span> <span class='ocrx_word' id='word_1_42' title='bbox 1066 780 1104 811; x_wconf 86' lang='lat' dir='ltr'>de</span> <span class='ocrx_word' id='word_1_43' title='bbox 1117 780 1194 811; x_wconf 90' lang='lat' dir='ltr'>urbe</span> <span class='ocrx_word' id='word_1_44' title='bbox 1211 788 1318 811; x_wconf 87' lang='lat' dir='ltr'>tamen</span> <span class='ocrx_word' id='word_1_45' title='bbox 1336 782 1455 817; x_wconf 72' lang='lat' dir='ltr'>Cretae,</span> 
     </span>
     <span class='ocr_line' id='line_1_7' title="bbox 152 827 1459 872; baseline 0.002 -13"><span class='ocrx_word' id='word_1_46' title='bbox 152 829 242 866; x_wconf 83' lang='lat' dir='ltr'><em>Oaxo,</em></span> <span class='ocrx_word' id='word_1_47' title='bbox 263 839 327 859; x_wconf 88' lang='lat' dir='ltr'>non</span> <span class='ocrx_word' id='word_1_48' title='bbox 343 828 518 866; x_wconf 78' lang='lat' dir='ltr'>dubitatur,</span> <span class='ocrx_word' id='word_1_49' title='bbox 540 827 622 858; x_wconf 88' lang='lat' dir='ltr'>forte</span> <span class='ocrx_word' id='word_1_50' title='bbox 639 828 762 866; x_wconf 77' lang='lat' dir='ltr'>eadem,</span> <span class='ocrx_word' id='word_1_51' title='bbox 778 840 847 870; x_wconf 81' lang='lat' dir='ltr'>quae</span> <span class='ocrx_word' id='word_1_52' title='bbox 873 832 964 860; x_wconf 87' lang='lat' dir='ltr'>Axus</span> <span class='ocrx_word' id='word_1_53' title='bbox 987 831 1029 861; x_wconf 88' lang='lat' dir='ltr'>est</span> <span class='ocrx_word' id='word_1_54' title='bbox 1050 842 1102 872; x_wconf 87' lang='lat' dir='ltr'>ap.</span> <span class='ocrx_word' id='word_1_55' title='bbox 1127 833 1282 863; x_wconf 88' lang='lat' dir='ltr'>Herodot.</span> <span class='ocrx_word' id='word_1_56' title='bbox 1301 834 1358 870; x_wconf 85' lang='lat' dir='ltr'>IV,</span> <span class='ocrx_word' id='word_1_57' title='bbox 1383 841 1459 872; x_wconf 64' lang='lat'>154,</span> 
     </span>
     <span class='ocr_line' id='line_1_8' title="bbox 147 879 1456 922; baseline 0.004 -13"><span class='ocrx_word' id='word_1_58' title='bbox 147 879 203 910; x_wconf 92' lang='lat' dir='ltr'>ubi</span> <span class='ocrx_word' id='word_1_59' title='bbox 219 891 249 910; x_wconf 91' lang='lat' dir='ltr'>v.</span> <span class='ocrx_word' id='word_1_60' title='bbox 271 879 396 910; x_wconf 76' lang='lat' dir='ltr'>Weffel.</span> <span class='ocrx_word' id='word_1_61' title='bbox 420 891 452 922; x_wconf 86' lang='lat' dir='ltr'>p.</span> <span class='ocrx_word' id='word_1_62' title='bbox 471 879 544 919; x_wconf 79' lang='lat'>348,</span> <span class='ocrx_word' id='word_1_63' title='bbox 558 888 613 918; x_wconf 81' lang='lat'>53,</span> <span class='ocrx_word' id='word_1_64' title='bbox 635 890 737 921; x_wconf 82' lang='lat' dir='ltr'>neque</span> <span class='ocrx_word' id='word_1_65' title='bbox 752 879 831 911; x_wconf 90' lang='lat' dir='ltr'>illud</span> <span class='ocrx_word' id='word_1_66' title='bbox 847 881 1008 922; x_wconf 81' lang='lat' dir='ltr'>ignotum,</span> <span class='ocrx_word' id='word_1_67' title='bbox 1034 883 1165 914; x_wconf 72' lang='lat' dir='ltr'>Cretam</span> <span class='ocrx_word' id='word_1_68' title='bbox 1185 884 1308 914; x_wconf 74' lang='lat' dir='ltr'>Oeaxida</span> <span class='ocrx_word' id='word_1_69' title='bbox 1334 883 1456 914; x_wconf 52' lang='lat' dir='ltr'>dietam</span> 
     </span>
     <span class='ocr_line' id='line_1_9' title="bbox 146 930 1455 977; baseline 0.003 -16"><span class='ocrx_word' id='word_1_70' title='bbox 146 930 219 962; x_wconf 84' lang='lat' dir='ltr'>esse.</span> <span class='ocrx_word' id='word_1_71' title='bbox 235 942 265 962; x_wconf 83' lang='lat' dir='ltr'>v.</span> <span class='ocrx_word' id='word_1_72' title='bbox 285 931 436 973; x_wconf 88' lang='lat' dir='ltr'>Apollon.</span> <span class='ocrx_word' id='word_1_73' title='bbox 455 932 478 968; x_wconf 96' lang='lat' dir='ltr'>I,</span> <span class='ocrx_word' id='word_1_74' title='bbox 491 943 503 962; x_wconf 76' lang='grc' dir='ltr'><strong>ι</strong></span> <span class='ocrx_word' id='word_1_75' title='bbox 515 940 588 970; x_wconf 78' lang='lat'>131,</span> <span class='ocrx_word' id='word_1_76' title='bbox 602 931 690 972; x_wconf 81' lang='lat' dir='ltr'>cujus</span> <span class='ocrx_word' id='word_1_77' title='bbox 705 932 812 963; x_wconf 84' lang='lat' dir='ltr'>versus</span> <span class='ocrx_word' id='word_1_78' title='bbox 828 932 866 963; x_wconf 87' lang='lat' dir='ltr'>ab</span> <span class='ocrx_word' id='word_1_79' title='bbox 888 934 1034 965; x_wconf 82' lang='lat' dir='ltr'>Varrone</span> <span class='ocrx_word' id='word_1_80' title='bbox 1052 935 1191 965; x_wconf 83' lang='lat' dir='ltr'>Atacino</span> <span class='ocrx_word' id='word_1_81' title='bbox 1211 935 1366 977; x_wconf 74' lang='lat' dir='ltr'>expressos</span> <span class='ocrx_word' id='word_1_82' title='bbox 1382 936 1455 965; x_wconf 72' lang='lat' dir='ltr'>Scr-</span> 
     </span>
     <span class='ocr_line' id='line_1_10' title="bbox 144 981 1458 1024; baseline 0.004 -13"><span class='ocrx_word' id='word_1_83' title='bbox 144 981 217 1012; x_wconf 85' lang='lat' dir='ltr'>vius</span> <span class='ocrx_word' id='word_1_84' title='bbox 230 983 352 1014; x_wconf 83' lang='lat' dir='ltr'>recitat.</span> <span class='ocrx_word' id='word_1_85' title='bbox 399 982 566 1013; x_wconf 75' lang='lat' dir='ltr'>Mirantur</span> <span class='ocrx_word' id='word_1_86' title='bbox 580 993 676 1024; x_wconf 86' lang='lat' dir='ltr'>porro</span> <span class='ocrx_word' id='word_1_87' title='bbox 691 983 874 1024; x_wconf 79' lang='lat' dir='ltr'>sagaciores,</span> <span class='ocrx_word' id='word_1_88' title='bbox 895 994 951 1015; x_wconf 86' lang='lat' dir='ltr'>cur</span> <span class='ocrx_word' id='word_1_89' title='bbox 966 992 1033 1015; x_wconf 84' lang='lat' dir='ltr'>tam</span> <span class='ocrx_word' id='word_1_90' title='bbox 1050 985 1172 1016; x_wconf 85' lang='lat' dir='ltr'>obscuri</span> <span class='ocrx_word' id='word_1_91' title='bbox 1188 986 1326 1017; x_wconf 87' lang='lat' dir='ltr'>nominis</span> <span class='ocrx_word' id='word_1_92' title='bbox 1341 985 1458 1016; x_wconf 83' lang='lat' dir='ltr'>fluvius</span> 
     </span>
     <span class='ocr_line' id='line_1_11' title="bbox 144 1031 1456 1075; baseline 0.002 -13"><span class='ocrx_word' id='word_1_93' title='bbox 144 1031 178 1062; x_wconf 87' lang='lat' dir='ltr'>h.</span> <span class='ocrx_word' id='word_1_94' title='bbox 206 1032 226 1063; x_wconf 86' lang='lat' dir='ltr'>l.</span> <span class='ocrx_word' id='word_1_95' title='bbox 251 1044 269 1064; x_wconf 79' lang='lat' dir='ltr'>a</span> <span class='ocrx_word' id='word_1_96' title='bbox 284 1033 406 1075; x_wconf 82' lang='lat' dir='ltr'>pastore</span> <span class='ocrx_word' id='word_1_97' title='bbox 428 1034 623 1069; x_wconf 84' lang='lat' dir='ltr'>nominetur,</span> <span class='ocrx_word' id='word_1_98' title='bbox 647 1044 748 1075; x_wconf 87' lang='lat' dir='ltr'>neque</span> <span class='ocrx_word' id='word_1_99' title='bbox 770 1033 851 1063; x_wconf 90' lang='lat' dir='ltr'>illud</span> <span class='ocrx_word' id='word_1_100' title='bbox 868 1032 941 1063; x_wconf 81' lang='lat' dir='ltr'>satis</span> <span class='ocrx_word' id='word_1_101' title='bbox 964 1033 1179 1072; x_wconf 77' lang='lat' dir='ltr'>assequuntur,</span> <span class='ocrx_word' id='word_1_102' title='bbox 1200 1037 1362 1073; x_wconf 90' lang='lat' dir='ltr'>quomodo</span> <span class='ocrx_word' id='word_1_103' title='bbox 1386 1035 1456 1075; x_wconf 83' lang='lat' dir='ltr'>post</span> 
     </span>
     <span class='ocr_line' id='line_1_12' title="bbox 143 1082 1456 1126; baseline 0.001 -11"><span class='ocrx_word' id='word_1_104' title='bbox 143 1083 290 1115; x_wconf 84' lang='lat' dir='ltr'>Africam</span> <span class='ocrx_word' id='word_1_105' title='bbox 306 1092 337 1115; x_wconf 91' lang='lat' dir='ltr'>et</span> <span class='ocrx_word' id='word_1_106' title='bbox 354 1084 528 1125; x_wconf 81' lang='lat' dir='ltr'>Scythiam,</span> <span class='ocrx_word' id='word_1_107' title='bbox 549 1094 649 1126; x_wconf 88' lang='lat' dir='ltr'>quum</span> <span class='ocrx_word' id='word_1_108' title='bbox 673 1083 953 1114; x_wconf 85' lang='lat' dir='ltr'>remotiflimorum</span> <span class='ocrx_word' id='word_1_109' title='bbox 981 1082 1095 1114; x_wconf 90' lang='lat' dir='ltr'>finium</span> <span class='ocrx_word' id='word_1_110' title='bbox 1122 1090 1206 1114; x_wconf 79' lang='lat' dir='ltr'>terra</span> <span class='ocrx_word' id='word_1_111' title='bbox 1222 1085 1456 1125; x_wconf 62' lang='lat' dir='ltr'>expediaretur,</span> 
     </span>
     <span class='ocr_line' id='line_1_13' title="bbox 143 1134 1456 1178; baseline 0.003 -13"><span class='ocrx_word' id='word_1_112' title='bbox 143 1135 235 1165; x_wconf 83' lang='lat' dir='ltr'>Cretae</span> <span class='ocrx_word' id='word_1_113' title='bbox 249 1136 371 1167; x_wconf 88' lang='lat' dir='ltr'>mentio</span> <span class='ocrx_word' id='word_1_114' title='bbox 386 1136 471 1166; x_wconf 60' lang='lat' dir='ltr'>faeta</span> <span class='ocrx_word' id='word_1_115' title='bbox 490 1135 540 1166; x_wconf 86' lang='lat' dir='ltr'>fit.</span> <span class='ocrx_word' id='word_1_116' title='bbox 590 1136 692 1165; x_wconf 81' lang='lat' dir='ltr'>Oaxim</span> <span class='ocrx_word' id='word_1_117' title='bbox 714 1135 820 1175; x_wconf 79' lang='lat' dir='ltr'>itaque</span> <span class='ocrx_word' id='word_1_118' title='bbox 842 1134 910 1175; x_wconf 85' lang='lat' dir='ltr'>jam</span> <span class='ocrx_word' id='word_1_119' title='bbox 936 1142 1061 1165; x_wconf 85' lang='lat' dir='ltr'>veteres</span> <span class='ocrx_word' id='word_1_120' title='bbox 1087 1135 1184 1166; x_wconf 89' lang='lat' dir='ltr'>modo</span> <span class='ocrx_word' id='word_1_121' title='bbox 1213 1137 1456 1178; x_wconf 77' lang='lat' dir='ltr'>Mesopotamiae</span> 
     </span>
     <span class='ocr_line' id='line_1_14' title="bbox 143 1185 1456 1229; baseline 0.003 -13"><span class='ocrx_word' id='word_1_122' title='bbox 143 1186 242 1217; x_wconf 89' lang='lat' dir='ltr'>modo</span> <span class='ocrx_word' id='word_1_123' title='bbox 257 1187 393 1229; x_wconf 80' lang='lat' dir='ltr'>Scythiae</span> <span class='ocrx_word' id='word_1_124' title='bbox 409 1187 544 1217; x_wconf 82' lang='lat' dir='ltr'>fluvium</span> <span class='ocrx_word' id='word_1_125' title='bbox 560 1186 670 1217; x_wconf 85' lang='lat' dir='ltr'>haberi</span> <span class='ocrx_word' id='word_1_126' title='bbox 686 1185 868 1216; x_wconf 83' lang='lat' dir='ltr'>maluerunt</span> <span class='ocrx_word' id='word_1_127' title='bbox 882 1197 891 1222; x_wconf 78' lang='grc' dir='ltr'><strong>ς</strong></span> <span class='ocrx_word' id='word_1_128' title='bbox 915 1185 1002 1215; x_wconf 84' lang='lat' dir='ltr'>nulla</span> <span class='ocrx_word' id='word_1_129' title='bbox 1018 1193 1127 1216; x_wconf 85' lang='lat' dir='ltr'>tamen</span> <span class='ocrx_word' id='word_1_130' title='bbox 1151 1187 1290 1219; x_wconf 84' lang='lat' dir='ltr'>nominis</span> <span class='ocrx_word' id='word_1_131' title='bbox 1313 1200 1456 1221; x_wconf 53' lang='lat' dir='ltr'>comme-2</span> 
     </span>
     <span class='ocr_line' id='line_1_15' title="bbox 142 1236 1456 1281; baseline 0.001 -12"><span class='ocrx_word' id='word_1_132' title='bbox 142 1248 269 1271; x_wconf 83' lang='lat' dir='ltr'>morata</span> <span class='ocrx_word' id='word_1_133' title='bbox 292 1241 495 1271; x_wconf 67' lang='lat' dir='ltr'>audieritate.</span> <span class='ocrx_word' id='word_1_134' title='bbox 551 1241 662 1275; x_wconf 80' lang='lat' dir='ltr'>Fuere,</span> <span class='ocrx_word' id='word_1_135' title='bbox 684 1236 738 1278; x_wconf 91' lang='lat' dir='ltr'>qui</span> <span class='ocrx_word' id='word_1_136' title='bbox 763 1236 886 1267; x_wconf 83' lang='lat' dir='ltr'>Araxem</span> <span class='ocrx_word' id='word_1_137' title='bbox 910 1236 1023 1277; x_wconf 88' lang='lat' dir='ltr'>reponi</span> <span class='ocrx_word' id='word_1_138' title='bbox 1050 1236 1198 1275; x_wconf 80' lang='lat' dir='ltr'>mallent3</span> <span class='ocrx_word' id='word_1_139' title='bbox 1226 1245 1256 1269; x_wconf 87' lang='lat' dir='ltr'>et</span> <span class='ocrx_word' id='word_1_140' title='bbox 1279 1238 1353 1270; x_wconf 79' lang='lat' dir='ltr'>sane</span> <span class='ocrx_word' id='word_1_141' title='bbox 1370 1241 1456 1281; x_wconf 77' lang='lat' dir='ltr'>apud</span> 
     </span>
     <span class='ocr_line' id='line_1_16' title="bbox 143 1287 1455 1331; baseline 0.001 -10"><span class='ocrx_word' id='word_1_142' title='bbox 143 1290 310 1323; x_wconf 84' lang='lat' dir='ltr'>Claudian.</span> <span class='ocrx_word' id='word_1_143' title='bbox 330 1294 364 1323; x_wconf 92' lang='lat' dir='ltr'>B.</span> <span class='ocrx_word' id='word_1_144' title='bbox 385 1291 474 1322; x_wconf 89' lang='lat' dir='ltr'>Gild.</span> <span class='ocrx_word' id='word_1_145' title='bbox 499 1301 534 1331; x_wconf 81' lang='lat'>3¹</span> <span class='ocrx_word' id='word_1_146' title='bbox 561 1290 644 1320; x_wconf 86' lang='lat' dir='ltr'>inter</span> <span class='ocrx_word' id='word_1_147' title='bbox 665 1289 768 1318; x_wconf 50' lang='lat' dir='ltr'>Ottxem</span> <span class='ocrx_word' id='word_1_148' title='bbox 791 1295 823 1318; x_wconf 86' lang='lat' dir='ltr'>et</span> <span class='ocrx_word' id='word_1_149' title='bbox 839 1287 963 1318; x_wconf 79' lang='lat' dir='ltr'>Araxem</span> <span class='ocrx_word' id='word_1_150' title='bbox 987 1287 1122 1319; x_wconf 78' lang='lat' dir='ltr'>Codices</span> <span class='ocrx_word' id='word_1_151' title='bbox 1141 1288 1310 1320; x_wconf 70' lang='lat' dir='ltr'>flutStuant.</span> <span class='ocrx_word' id='word_1_152' title='bbox 1354 1291 1455 1324; x_wconf 74' lang='lat' dir='ltr'>Poffit</span> 
     </span>
     <span class='ocr_line' id='line_1_17' title="bbox 141 1331 1456 1383; baseline 0.001 -10"><span class='ocrx_word' id='word_1_153' title='bbox 141 1342 242 1373; x_wconf 82' lang='lat' dir='ltr'>etiam</span> <span class='ocrx_word' id='word_1_154' title='bbox 256 1342 457 1373; x_wconf 84' lang='lat' dir='ltr'>confirmatio</span> <span class='ocrx_word' id='word_1_155' title='bbox 473 1341 567 1383; x_wconf 86' lang='lat' dir='ltr'>hujus</span> <span class='ocrx_word' id='word_1_156' title='bbox 591 1339 825 1371; x_wconf 80' lang='lat' dir='ltr'><strong>emendationis</strong></span> <span class='ocrx_word' id='word_1_157' title='bbox 846 1350 863 1369; x_wconf 85' lang='lat' dir='ltr'>e</span> <span class='ocrx_word' id='word_1_158' title='bbox 887 1331 1062 1369; x_wconf 80' lang='lat' dir='ltr'>Theocrito</span> <span class='ocrx_word' id='word_1_159' title='bbox 1087 1339 1164 1380; x_wconf 85' lang='lat' dir='ltr'>peti,</span> <span class='ocrx_word' id='word_1_160' title='bbox 1191 1347 1226 1370; x_wconf 84' lang='lat' dir='ltr'>ut</span> <span class='ocrx_word' id='word_1_161' title='bbox 1254 1352 1328 1372; x_wconf 84' lang='lat' dir='ltr'>cum</span> <span class='ocrx_word' id='word_1_162' title='bbox 1349 1343 1456 1374; x_wconf 84' lang='lat' dir='ltr'>noster</span> 
     </span>
     <span class='ocr_line' id='line_1_18' title="bbox 140 1389 1454 1434; baseline 0 -9"><span class='ocrx_word' id='word_1_163' title='bbox 140 1401 217 1425; x_wconf 72' lang='lat' dir='ltr'>ante</span> <span class='ocrx_word' id='word_1_164' title='bbox 233 1394 341 1425; x_wconf 86' lang='lat' dir='ltr'>oculos</span> <span class='ocrx_word' id='word_1_165' title='bbox 356 1392 512 1425; x_wconf 83' lang='lat' dir='ltr'>habuerit.</span> <span class='ocrx_word' id='word_1_166' title='bbox 560 1394 587 1422; x_wconf 89' lang='lat' dir='ltr'>Is</span> <span class='ocrx_word' id='word_1_167' title='bbox 610 1392 708 1428; x_wconf 88' lang='lat' dir='ltr'>enim,</span> <span class='ocrx_word' id='word_1_168' title='bbox 730 1390 881 1421; x_wconf 83' lang='lat' dir='ltr'>Hieronis</span> <span class='ocrx_word' id='word_1_169' title='bbox 902 1389 1010 1421; x_wconf 85' lang='lat' dir='ltr'>laudes</span> <span class='ocrx_word' id='word_1_170' title='bbox 1036 1391 1112 1420; x_wconf 79' lang='lat' dir='ltr'>ultra</span> <span class='ocrx_word' id='word_1_171' title='bbox 1132 1394 1243 1433; x_wconf 79' lang='lat' dir='ltr'>pontum</span> <span class='ocrx_word' id='word_1_172' title='bbox 1262 1391 1411 1434; x_wconf 49' lang='lat' dir='ltr'>Stythicum</span> <span class='ocrx_word' id='word_1_173' title='bbox 1429 1402 1454 1426; x_wconf 84' lang='lat' dir='ltr'>et</span> 
     </span>
     <span class='ocr_line' id='line_1_19' title="bbox 142 1441 1454 1486; baseline 0.002 -11"><span class='ocrx_word' id='word_1_174' title='bbox 142 1445 308 1486; x_wconf 78' lang='lat' dir='ltr'><em>Babylonem</em></span> <span class='ocrx_word' id='word_1_175' title='bbox 327 1452 362 1476; x_wconf 88' lang='lat' dir='ltr'>ut</span> <span class='ocrx_word' id='word_1_176' title='bbox 381 1443 604 1480; x_wconf 73' lang='lat' dir='ltr'>extendantur,</span> <span class='ocrx_word' id='word_1_177' title='bbox 625 1449 774 1484; x_wconf 78' lang='lat' dir='ltr'>precatur</span> <span class='ocrx_word' id='word_1_178' title='bbox 790 1441 882 1482; x_wconf 85' lang='lat' dir='ltr'>Idyll.</span> <span class='ocrx_word' id='word_1_179' title='bbox 900 1442 995 1479; x_wconf 84' lang='lat' dir='ltr'>XVI,</span> <span class='ocrx_word' id='word_1_180' title='bbox 1016 1450 1067 1482; x_wconf 90' lang='lat'>99.</span> <span class='ocrx_word' id='word_1_181' title='bbox 1090 1452 1162 1472; x_wconf 88' lang='lat'><em>100.</em></span> <span class='ocrx_word' id='word_1_182' title='bbox 1205 1443 1329 1474; x_wconf 86' lang='lat' dir='ltr'>Eodem</span> <span class='ocrx_word' id='word_1_183' title='bbox 1344 1445 1454 1486; x_wconf 79' lang='lat' dir='ltr'>itaque</span> 
     </span>
     <span class='ocr_line' id='line_1_20' title="bbox 141 1493 1453 1539; baseline 0.002 -12"><span class='ocrx_word' id='word_1_184' title='bbox 141 1497 240 1528; x_wconf 84' lang='lat' dir='ltr'>modo</span> <span class='ocrx_word' id='word_1_185' title='bbox 262 1495 420 1539; x_wconf 83' lang='lat' dir='ltr'>Virgilius</span> <span class='ocrx_word' id='word_1_186' title='bbox 442 1496 607 1537; x_wconf 82' lang='lat' dir='ltr'>Scythiam</span> <span class='ocrx_word' id='word_1_187' title='bbox 623 1503 654 1525; x_wconf 88' lang='lat' dir='ltr'>et</span> <span class='ocrx_word' id='word_1_188' title='bbox 671 1496 811 1525; x_wconf 84' lang='lat' dir='ltr'>Araxem</span> <span class='ocrx_word' id='word_1_189' title='bbox 827 1493 1025 1524; x_wconf 79' lang='lat' dir='ltr'>diversarum</span> <span class='ocrx_word' id='word_1_190' title='bbox 1042 1493 1184 1525; x_wconf 84' lang='lat' dir='ltr'>Orientis</span> <span class='ocrx_word' id='word_1_191' title='bbox 1198 1495 1368 1536; x_wconf 78' lang='lat' dir='ltr'>regionum</span> <span class='ocrx_word' id='word_1_192' title='bbox 1392 1498 1453 1529; x_wconf 85' lang='lat' dir='ltr'>flu-</span> 
     </span>
     <span class='ocr_line' id='line_1_21' title="bbox 141 1543 1454 1589; baseline 0.001 -11"><span class='ocrx_word' id='word_1_193' title='bbox 141 1547 233 1578; x_wconf 84' lang='lat' dir='ltr'>vium</span> <span class='ocrx_word' id='word_1_194' title='bbox 263 1558 442 1578; x_wconf 85' lang='lat' dir='ltr'>memorare</span> <span class='ocrx_word' id='word_1_195' title='bbox 470 1547 586 1588; x_wconf 85' lang='lat' dir='ltr'>potuit.</span> <span class='ocrx_word' id='word_1_196' title='bbox 646 1547 783 1582; x_wconf 84' lang='lat' dir='ltr'>Verum,</span> <span class='ocrx_word' id='word_1_197' title='bbox 807 1544 929 1575; x_wconf 87' lang='lat' dir='ltr'>etiamfi</span> <span class='ocrx_word' id='word_1_198' title='bbox 956 1544 1016 1576; x_wconf 91' lang='lat' dir='ltr'>hoc</span> <span class='ocrx_word' id='word_1_199' title='bbox 1046 1543 1168 1583; x_wconf 85' lang='lat' dir='ltr'>liceret,</span> <span class='ocrx_word' id='word_1_200' title='bbox 1189 1545 1241 1576; x_wconf 84' lang='lat' dir='ltr'>vel</span> <span class='ocrx_word' id='word_1_201' title='bbox 1271 1546 1312 1577; x_wconf 88' lang='lat' dir='ltr'>fic</span> <span class='ocrx_word' id='word_1_202' title='bbox 1340 1551 1454 1589; x_wconf 79' lang='lat' dir='ltr'>rapidus</span> 
     </span>
     <span class='ocr_line' id='line_1_22' title="bbox 141 1596 1452 1641; baseline 0.001 -12"><span class='ocrx_word' id='word_1_203' title='bbox 141 1606 218 1629; x_wconf 79' lang='lat' dir='ltr'>cretae</span> <span class='ocrx_word' id='word_1_204' title='bbox 231 1599 434 1641; x_wconf 85' lang='lat' dir='ltr'>jungendum</span> <span class='ocrx_word' id='word_1_205' title='bbox 450 1597 535 1635; x_wconf 85' lang='lat' dir='ltr'>esset,</span> <span class='ocrx_word' id='word_1_206' title='bbox 560 1597 614 1639; x_wconf 89' lang='lat' dir='ltr'>qui</span> <span class='ocrx_word' id='word_1_207' title='bbox 630 1597 712 1638; x_wconf 80' lang='lat' dir='ltr'>rapit</span> <span class='ocrx_word' id='word_1_208' title='bbox 736 1604 856 1627; x_wconf 84' lang='lat' dir='ltr'>terram</span> <span class='ocrx_word' id='word_1_209' title='bbox 880 1596 996 1633; x_wconf 81' lang='lat' dir='ltr'>albam,</span> <span class='ocrx_word' id='word_1_210' title='bbox 1019 1596 1161 1626; x_wconf 78' lang='lat' dir='ltr'>radendo</span> <span class='ocrx_word' id='word_1_211' title='bbox 1186 1596 1286 1635; x_wconf 83' lang='lat' dir='ltr'>littus,</span> <span class='ocrx_word' id='word_1_212' title='bbox 1308 1598 1340 1629; x_wconf 89' lang='lat' dir='ltr'>h.</span> <span class='ocrx_word' id='word_1_213' title='bbox 1365 1599 1452 1630; x_wconf 89' lang='lat' dir='ltr'>lutu-</span> 
     </span>
     <span class='ocr_line' id='line_1_23' title="bbox 140 1646 1453 1692; baseline -0.001 -9"><span class='ocrx_word' id='word_1_214' title='bbox 140 1650 266 1683; x_wconf 80' lang='lat' dir='ltr'>lentus:</span> <span class='ocrx_word' id='word_1_215' title='bbox 291 1659 385 1692; x_wconf 89' lang='lat' dir='ltr'>atque</span> <span class='ocrx_word' id='word_1_216' title='bbox 409 1650 470 1681; x_wconf 90' lang='lat' dir='ltr'>hoc</span> <span class='ocrx_word' id='word_1_217' title='bbox 497 1650 623 1680; x_wconf 88' lang='lat' dir='ltr'>durum.</span> <span class='ocrx_word' id='word_1_218' title='bbox 678 1647 785 1678; x_wconf 78' lang='lat' dir='ltr'>Multo</span> <span class='ocrx_word' id='word_1_219' title='bbox 811 1647 918 1677; x_wconf 85' lang='lat' dir='ltr'>minus</span> <span class='ocrx_word' id='word_1_220' title='bbox 943 1646 1078 1684; x_wconf 85' lang='lat' dir='ltr'>ferendi,</span> <span class='ocrx_word' id='word_1_221' title='bbox 1100 1646 1154 1688; x_wconf 89' lang='lat' dir='ltr'>qui</span> <span class='ocrx_word' id='word_1_222' title='bbox 1182 1648 1289 1678; x_wconf 87' lang='lat' dir='ltr'>Oxum</span> <span class='ocrx_word' id='word_1_223' title='bbox 1310 1649 1453 1682; x_wconf 81' lang='lat' dir='ltr'>inserunt</span> 
     </span>
     <span class='ocr_line' id='line_1_24' title="bbox 140 1697 1450 1743; baseline -0.001 -11"><span class='ocrx_word' id='word_1_224' title='bbox 140 1713 226 1743; x_wconf 75' lang='lat' dir='ltr'>nunc</span> <span class='ocrx_word' id='word_1_225' title='bbox 243 1704 369 1734; x_wconf 83' lang='lat' dir='ltr'>Oaxum</span> <span class='ocrx_word' id='word_1_226' title='bbox 393 1702 527 1739; x_wconf 67' lang='grc' dir='ltr'>ἀίέὶυῐη,</span> <span class='ocrx_word' id='word_1_227' title='bbox 549 1700 603 1741; x_wconf 85' lang='lat' dir='ltr'>qui</span> <span class='ocrx_word' id='word_1_228' title='bbox 621 1697 715 1729; x_wconf 80' lang='lat' dir='ltr'>limum</span> <span class='ocrx_word' id='word_1_229' title='bbox 735 1700 811 1729; x_wconf 79' lang='lat' dir='ltr'>vehit</span> <span class='ocrx_word' id='word_1_230' title='bbox 829 1700 950 1728; x_wconf 70' lang='lat' dir='ltr'>turbidus</span> <span class='ocrx_word' id='word_1_231' title='bbox 967 1700 1077 1740; x_wconf 72' lang='lat' dir='ltr'>sL’mper</span> <span class='ocrx_word' id='word_1_232' title='bbox 1103 1698 1160 1729; x_wconf 78' lang='lat' dir='ltr'>sec.</span> <span class='ocrx_word' id='word_1_233' title='bbox 1187 1700 1279 1730; x_wconf 77' lang='lat' dir='ltr'>Curt.</span> <span class='ocrx_word' id='word_1_234' title='bbox 1302 1703 1373 1738; x_wconf 82' lang='lat' dir='ltr'>VII,</span> <span class='ocrx_word' id='word_1_235' title='bbox 1400 1713 1450 1736; x_wconf 71' lang='lat'>10,</span> 
     </span>
     <span class='ocr_line' id='line_1_25' title="bbox 140 1745 1452 1797; baseline -0.001 -12"><span class='ocrx_word' id='word_1_236' title='bbox 140 1755 332 1785; x_wconf 72' lang='lat' dir='ltr'>Excusemus</span> <span class='ocrx_word' id='word_1_237' title='bbox 347 1756 486 1797; x_wconf 71' lang='lat' dir='ltr'>poetam,</span> <span class='ocrx_word' id='word_1_238' title='bbox 507 1763 603 1794; x_wconf 88' lang='lat' dir='ltr'>quem</span> <span class='ocrx_word' id='word_1_239' title='bbox 630 1751 799 1781; x_wconf 79' lang='lat' dir='ltr'>defendere</span> <span class='ocrx_word' id='word_1_240' title='bbox 835 1750 984 1792; x_wconf 81' lang='lat' dir='ltr'>equidem</span> <span class='ocrx_word' id='word_1_241' title='bbox 1013 1760 1078 1780; x_wconf 90' lang='lat' dir='ltr'>non</span> <span class='ocrx_word' id='word_1_242' title='bbox 1108 1745 1283 1791; x_wconf 66' lang='lat' dir='ltr'>suscipizim.</span> <span class='ocrx_word' id='word_1_243' title='bbox 1330 1753 1452 1787; x_wconf 74' lang='lat' dir='ltr'>Sufficit</span> 
     </span>
    </p>
   </div>
   <div class='ocr_carea' id='block_1_4' title="bbox 139 1800 1515 1848">
    <p class='ocr_par' dir='ltr' id='par_1_4' title="bbox 139 1800 1515 1848">
     <span class='ocr_line' id='line_1_26' title="bbox 139 1800 1515 1848; baseline -0.001 -11"><span class='ocrx_word' id='word_1_244' title='bbox 139 1805 277 1837; x_wconf 81' lang='lat' dir='ltr'>fluvium</span> <span class='ocrx_word' id='word_1_245' title='bbox 301 1806 395 1848; x_wconf 86' lang='lat' dir='ltr'>hujus</span> <span class='ocrx_word' id='word_1_246' title='bbox 418 1803 555 1835; x_wconf 86' lang='lat' dir='ltr'>nominis</span> <span class='ocrx_word' id='word_1_247' title='bbox 578 1803 611 1833; x_wconf 83' lang='lat' dir='ltr'>in</span> <span class='ocrx_word' id='word_1_248' title='bbox 635 1801 735 1832; x_wconf 79' lang='lat' dir='ltr'>insula</span> <span class='ocrx_word' id='word_1_249' title='bbox 751 1802 848 1832; x_wconf 84' lang='lat' dir='ltr'>Creta</span> <span class='ocrx_word' id='word_1_250' title='bbox 874 1800 946 1838; x_wconf 82' lang='lat' dir='ltr'>effe,</span> <span class='ocrx_word' id='word_1_251' title='bbox 972 1801 1061 1842; x_wconf 84' lang='lat' dir='ltr'>cujus</span> <span class='ocrx_word' id='word_1_252' title='bbox 1083 1800 1282 1831; x_wconf 80' lang='lat' dir='ltr'>mentionem</span> <span class='ocrx_word' id='word_1_253' title='bbox 1304 1802 1356 1833; x_wconf 89' lang='lat' dir='ltr'>hic</span> <span class='ocrx_word' id='word_1_254' title='bbox 1380 1803 1452 1836; x_wconf 84' lang='lat' dir='ltr'>fieri</span> <span class='ocrx_word' id='word_1_255' title='bbox 1512 1811 1515 1813; x_wconf 79' lang='grc'><strong>’</strong></span> 
     </span>
    </p>
   </div>
   <div class='ocr_carea' id='block_1_5' title="bbox 136 1850 1451 2001">
    <p class='ocr_par' dir='ltr' id='par_1_5' title="bbox 136 1850 1451 2001">
     <span class='ocr_line' id='line_1_27' title="bbox 139 1850 1451 1897; baseline -0.002 -8"><span class='ocrx_word' id='word_1_256' title='bbox 139 1859 246 1889; x_wconf 84' lang='lat' dir='ltr'>minus</span> <span class='ocrx_word' id='word_1_257' title='bbox 261 1858 440 1894; x_wconf 85' lang='lat' dir='ltr'>mirabitur,</span> <span class='ocrx_word' id='word_1_258' title='bbox 462 1856 527 1897; x_wconf 88' lang='lat' dir='ltr'>qui,</span> <span class='ocrx_word' id='word_1_259' title='bbox 542 1855 588 1886; x_wconf 88' lang='lat' dir='ltr'>uti</span> <span class='ocrx_word' id='word_1_260' title='bbox 606 1854 704 1896; x_wconf 81' lang='lat' dir='ltr'>Afros,</span> <span class='ocrx_word' id='word_1_261' title='bbox 725 1850 776 1884; x_wconf 86' lang='lat' dir='ltr'>seu</span> <span class='ocrx_word' id='word_1_262' title='bbox 794 1853 924 1894; x_wconf 81' lang='lat' dir='ltr'>Libyas,</span> <span class='ocrx_word' id='word_1_263' title='bbox 945 1860 976 1883; x_wconf 91' lang='lat' dir='ltr'>et</span> <span class='ocrx_word' id='word_1_264' title='bbox 994 1853 1120 1894; x_wconf 75' lang='lat' dir='ltr'>Scythas,</span> <span class='ocrx_word' id='word_1_265' title='bbox 1141 1852 1181 1882; x_wconf 86' lang='lat' dir='ltr'>fic</span> <span class='ocrx_word' id='word_1_266' title='bbox 1198 1852 1312 1884; x_wconf 77' lang='lat' dir='ltr'>insulas</span> <span class='ocrx_word' id='word_1_267' title='bbox 1328 1855 1366 1885; x_wconf 79' lang='lat' dir='ltr'>ab</span> <span class='ocrx_word' id='word_1_268' title='bbox 1387 1857 1451 1886; x_wconf 87' lang='lat' dir='ltr'>Ita-</span> 
     </span>
     <span class='ocr_line' id='line_1_28' title="bbox 136 1903 1449 1946; baseline -0.002 -5"><span class='ocrx_word' id='word_1_269' title='bbox 136 1909 182 1941; x_wconf 85' lang='lat' dir='ltr'>lia</span> <span class='ocrx_word' id='word_1_270' title='bbox 195 1917 334 1940; x_wconf 84' lang='lat' dir='ltr'>remotas</span> <span class='ocrx_word' id='word_1_271' title='bbox 353 1909 461 1938; x_wconf 82' lang='lat' dir='ltr'>Cretam</span> <span class='ocrx_word' id='word_1_272' title='bbox 485 1914 515 1937; x_wconf 86' lang='lat' dir='ltr'>et</span> <span class='ocrx_word' id='word_1_273' title='bbox 534 1908 712 1936; x_wconf 68' lang='grc' dir='ltr'><em>Β)·ἰίαηιιὶ.ιηι</em></span> <span class='ocrx_word' id='word_1_274' title='bbox 736 1904 791 1935; x_wconf 85' lang='lat' dir='ltr'>fibi</span> <span class='ocrx_word' id='word_1_275' title='bbox 818 1904 949 1946; x_wconf 80' lang='lat' dir='ltr'>opponi,</span> <span class='ocrx_word' id='word_1_276' title='bbox 971 1903 1127 1934; x_wconf 71' lang='lat' dir='ltr'>obserxet.</span> <span class='ocrx_word' id='word_1_277' title='bbox 1173 1905 1341 1936; x_wconf 75' lang='lat' dir='ltr'>Pxobabilc</span> <span class='ocrx_word' id='word_1_278' title='bbox 1367 1907 1449 1938; x_wconf 77' lang='lat' dir='ltr'>mihi</span> 
     </span>
     <span class='ocr_line' id='line_1_29' title="bbox 137 1955 1451 2001; baseline -0.002 -10"><span class='ocrx_word' id='word_1_279' title='bbox 137 1959 187 1997; x_wconf 85' lang='lat' dir='ltr'>fit,</span> <span class='ocrx_word' id='word_1_280' title='bbox 212 1961 387 1990; x_wconf 73' lang='lat' dir='ltr'>Maronem</span> <span class='ocrx_word' id='word_1_281' title='bbox 415 1965 487 1989; x_wconf 82' lang='lat' dir='ltr'>ante</span> <span class='ocrx_word' id='word_1_282' title='bbox 513 1956 620 1988; x_wconf 79' lang='lat' dir='ltr'>oculos</span> <span class='ocrx_word' id='word_1_283' title='bbox 643 1955 783 1987; x_wconf 80' lang='lat' dir='ltr'>habuiffe</span> <span class='ocrx_word' id='word_1_284' title='bbox 809 1956 917 1987; x_wconf 85' lang='lat' dir='ltr'>locum</span> <span class='ocrx_word' id='word_1_285' title='bbox 941 1967 979 1988; x_wconf 84' lang='lat' dir='ltr'>ex</span> <span class='ocrx_word' id='word_1_286' title='bbox 1006 1955 1187 1998; x_wconf 83' lang='lat' dir='ltr'>antiquiore</span> <span class='ocrx_word' id='word_1_287' title='bbox 1211 1955 1317 1999; x_wconf 87' lang='lat' dir='ltr'>aliquo</span> <span class='ocrx_word' id='word_1_288' title='bbox 1343 1959 1451 2001; x_wconf 62' lang='lat' dir='ltr'>poeta,</span> 
     </span>
    </p>
   </div>
   <div class='ocr_carea' id='block_1_6' title="bbox 138 2007 867 2058">
    <p class='ocr_par' dir='ltr' id='par_1_6' title="bbox 138 2007 867 2058">
     <span class='ocr_line' id='line_1_30' title="bbox 138 2007 867 2058; baseline -0.008 -14"><span class='ocrx_word' id='word_1_289' title='bbox 138 2023 236 2058; x_wconf 85' lang='lat' dir='ltr'>quem</span> <span class='ocrx_word' id='word_1_290' title='bbox 251 2011 346 2054; x_wconf 77' lang='lat' dir='ltr'>nimis</span> <span class='ocrx_word' id='word_1_291' title='bbox 359 2010 452 2053; x_wconf 60' lang='lat' dir='ltr'>dodie</span> <span class='ocrx_word' id='word_1_292' title='bbox 468 2017 499 2043; x_wconf 85' lang='lat' dir='ltr'>et</span> <span class='ocrx_word' id='word_1_293' title='bbox 512 2009 615 2044; x_wconf 76' lang='lat' dir='ltr'>alieno</span> <span class='ocrx_word' id='word_1_294' title='bbox 627 2008 696 2039; x_wconf 88' lang='lat' dir='ltr'>loco</span> <span class='ocrx_word' id='word_1_295' title='bbox 713 2007 867 2054; x_wconf 77' lang='lat' dir='ltr'>expreffit.</span> 
     </span>
    </p>
   </div>
   <div class='ocr_carea' id='block_1_7' title="bbox 132 2127 762 2904">
    <p class='ocr_par' dir='ltr' id='par_1_7' title="bbox 132 2127 762 2904">
     <span class='ocr_line' id='line_1_31' title="bbox 136 2127 759 2178; baseline -0.01 -9"><span class='ocrx_word' id='word_1_296' title='bbox 136 2133 323 2170; x_wconf 77' lang='lat' dir='ltr'>Germania</span> <span class='ocrx_word' id='word_1_297' title='bbox 348 2139 384 2168; x_wconf 83' lang='lat' dir='ltr'>et</span> <span class='ocrx_word' id='word_1_298' title='bbox 410 2129 508 2170; x_wconf 77' lang='lat' dir='ltr'>Arar</span> <span class='ocrx_word' id='word_1_299' title='bbox 530 2128 596 2165; x_wconf 81' lang='lat' dir='ltr'>fibi</span> <span class='ocrx_word' id='word_1_300' title='bbox 619 2127 759 2178; x_wconf 63' lang='lat' dir='ltr'>respon-,-</span> 
     </span>
     <span class='ocr_line' id='line_1_32' title="bbox 136 2180 759 2226; baseline -0.006 -5"><span class='ocrx_word' id='word_1_301' title='bbox 136 2184 221 2221; x_wconf 89' lang='lat' dir='ltr'>dere</span> <span class='ocrx_word' id='word_1_302' title='bbox 238 2182 437 2226; x_wconf 85' lang='lat' dir='ltr'>debebant3</span> <span class='ocrx_word' id='word_1_303' title='bbox 466 2180 526 2217; x_wconf 86' lang='lat' dir='ltr'>hic</span> <span class='ocrx_word' id='word_1_304' title='bbox 557 2192 642 2216; x_wconf 83' lang='lat' dir='ltr'>vero</span> <span class='ocrx_word' id='word_1_305' title='bbox 669 2180 759 2217; x_wconf 73' lang='lat' dir='ltr'>Gal-</span> 
     </span>
     <span class='ocr_line' id='line_1_33' title="bbox 135 2231 760 2281; baseline -0.008 -8"><span class='ocrx_word' id='word_1_306' title='bbox 135 2235 192 2273; x_wconf 85' lang='lat' dir='ltr'>liae</span> <span class='ocrx_word' id='word_1_307' title='bbox 211 2234 342 2272; x_wconf 82' lang='lat' dir='ltr'>fluvius</span> <span class='ocrx_word' id='word_1_308' title='bbox 358 2233 418 2276; x_wconf 90' lang='lat' dir='ltr'>est,</span> <span class='ocrx_word' id='word_1_309' title='bbox 446 2231 508 2281; x_wconf 88' lang='lat' dir='ltr'>qui</span> <span class='ocrx_word' id='word_1_310' title='bbox 539 2231 577 2268; x_wconf 88' lang='lat' dir='ltr'>in</span> <span class='ocrx_word' id='word_1_311' title='bbox 611 2231 760 2268; x_wconf 78' lang='lat' dir='ltr'>Rhoda-</span> 
     </span>
     <span class='ocr_line' id='line_1_34' title="bbox 136 2282 762 2325; baseline -0.013 0"><span class='ocrx_word' id='word_1_312' title='bbox 136 2300 224 2325; x_wconf 89' lang='lat' dir='ltr'>num</span> <span class='ocrx_word' id='word_1_313' title='bbox 261 2285 294 2322; x_wconf 89' lang='lat' dir='ltr'>se</span> <span class='ocrx_word' id='word_1_314' title='bbox 326 2283 504 2321; x_wconf 89' lang='lat' dir='ltr'>immittit.</span> <span class='ocrx_word' id='word_1_315' title='bbox 549 2282 762 2323; x_wconf 76' lang='lat' dir='ltr'>Defendunt</span> 
     </span>
     <span class='ocr_line' id='line_1_35' title="bbox 134 2333 761 2389; baseline -0.011 -13"><span class='ocrx_word' id='word_1_316' title='bbox 134 2343 280 2389; x_wconf 73' lang='lat' dir='ltr'>poetam</span> <span class='ocrx_word' id='word_1_317' title='bbox 299 2336 361 2380; x_wconf 84' lang='lat' dir='ltr'>fic,</span> <span class='ocrx_word' id='word_1_318' title='bbox 382 2346 420 2372; x_wconf 90' lang='lat' dir='ltr'>ut</span> <span class='ocrx_word' id='word_1_319' title='bbox 438 2333 576 2377; x_wconf 81' lang='lat' dir='ltr'>dicant,</span> <span class='ocrx_word' id='word_1_320' title='bbox 597 2334 716 2370; x_wconf 80' lang='lat' dir='ltr'>hanc·</span> <span class='ocrx_word' id='word_1_321' title='bbox 707 2348 761 2384; x_wconf 87' lang='lat' dir='ltr'>lp-</span> 
     </span>
     <span class='ocr_line' id='line_1_36' title="bbox 134 2385 756 2428; baseline -0.008 -1"><span class='ocrx_word' id='word_1_322' title='bbox 134 2390 210 2428; x_wconf 84' lang='lat' dir='ltr'>sam</span> <span class='ocrx_word' id='word_1_323' title='bbox 239 2389 401 2425; x_wconf 85' lang='lat' dir='ltr'>locorum</span> <span class='ocrx_word' id='word_1_324' title='bbox 437 2385 661 2424; x_wconf 74' lang='lat' dir='ltr'>inscientiam</span> <span class='ocrx_word' id='word_1_325' title='bbox 701 2399 756 2422; x_wconf 84' lang='lat' dir='ltr'>m-</span> 
     </span>
     <span class='ocr_line' id='line_1_37' title="bbox 134 2437 759 2479; baseline -0.01 0"><span class='ocrx_word' id='word_1_326' title='bbox 134 2442 282 2479; x_wconf 73' lang='grc' dir='ltr'>ὀοξὶυῐη</span> <span class='ocrx_word' id='word_1_327' title='bbox 300 2438 372 2475; x_wconf 86' lang='lat' dir='ltr'>serv</span> <span class='ocrx_word' id='word_1_328' title='bbox 378 2439 476 2475; x_wconf 83' lang='lat' dir='ltr'>ulum</span> <span class='ocrx_word' id='word_1_329' title='bbox 495 2450 566 2474; x_wconf 87' lang='lat' dir='ltr'>non</span> <span class='ocrx_word' id='word_1_330' title='bbox 586 2437 674 2473; x_wconf 76' lang='lat' dir='ltr'>male</span> <span class='ocrx_word' id='word_1_331' title='bbox 698 2438 759 2473; x_wconf 88' lang='lat' dir='ltr'>de-</span> 
     </span>
     <span class='ocr_line' id='line_1_38' title="bbox 135 2487 760 2538; baseline -0.005 -10"><span class='ocrx_word' id='word_1_332' title='bbox 135 2505 228 2533; x_wconf 80' lang='lat' dir='ltr'>cere.</span> <span class='ocrx_word' id='word_1_333' title='bbox 282 2490 436 2533; x_wconf 83' lang='lat' dir='ltr'>Verum,</span> <span class='ocrx_word' id='word_1_334' title='bbox 465 2488 614 2538; x_wconf 80' lang='lat' dir='ltr'>populos</span> <span class='ocrx_word' id='word_1_335' title='bbox 633 2487 760 2526; x_wconf 77' lang='lat' dir='ltr'>Gallos</span> 
     </span>
     <span class='ocr_line' id='line_1_39' title="bbox 133 2539 760 2589; baseline -0.008 -8"><span class='ocrx_word' id='word_1_336' title='bbox 133 2554 170 2582; x_wconf 86' lang='lat' dir='ltr'>et</span> <span class='ocrx_word' id='word_1_337' title='bbox 206 2543 408 2580; x_wconf 86' lang='lat' dir='ltr'>Germanos</span> <span class='ocrx_word' id='word_1_338' title='bbox 433 2539 574 2589; x_wconf 75' lang='lat' dir='ltr'>vulgari</span> <span class='ocrx_word' id='word_1_339' title='bbox 600 2539 760 2577; x_wconf 85' lang='lat' dir='ltr'>sermone</span> 
     </span>
     <span class='ocr_line' id='line_1_40' title="bbox 132 2591 758 2636; baseline -0.01 -3"><span class='ocrx_word' id='word_1_340' title='bbox 132 2596 209 2633; x_wconf 82' lang='lat' dir='ltr'>fere</span> <span class='ocrx_word' id='word_1_341' title='bbox 226 2593 420 2636; x_wconf 82' lang='lat' dir='ltr'>confundi,</span> <span class='ocrx_word' id='word_1_342' title='bbox 439 2591 522 2628; x_wconf 82' lang='lat' dir='ltr'>satis</span> <span class='ocrx_word' id='word_1_343' title='bbox 549 2592 697 2629; x_wconf 80' lang='lat' dir='ltr'>constat.</span> <span class='ocrx_word' id='word_1_344' title='bbox 722 2605 758 2630; x_wconf 87' lang='lat' dir='ltr'>v.</span> 
     </span>
     <span class='ocr_line' id='line_1_41' title="bbox 132 2642 760 2686; baseline -0.01 0"><span class='ocrx_word' id='word_1_345' title='bbox 132 2646 329 2686; x_wconf 79' lang='lat' dir='ltr'>Burmann.</span> <span class='ocrx_word' id='word_1_346' title='bbox 350 2645 385 2681; x_wconf 89' lang='lat' dir='ltr'>h.</span> <span class='ocrx_word' id='word_1_347' title='bbox 407 2644 431 2681; x_wconf 95' lang='lat' dir='ltr'>l.</span> <span class='ocrx_word' id='word_1_348' title='bbox 451 2643 537 2680; x_wconf 85' lang='lat' dir='ltr'>item</span> <span class='ocrx_word' id='word_1_349' title='bbox 558 2642 705 2680; x_wconf 79' lang='lat' dir='ltr'>Ruaeum</span> <span class='ocrx_word' id='word_1_350' title='bbox 724 2652 760 2680; x_wconf 89' lang='lat' dir='ltr'>et</span> 
     </span>
     <span class='ocr_line' id='line_1_42' title="bbox 133 2694 758 2737; baseline -0.008 0"><span class='ocrx_word' id='word_1_351' title='bbox 133 2697 351 2737; x_wconf 72' lang='lat' dir='ltr'>Martinam.</span> <span class='ocrx_word' id='word_1_352' title='bbox 407 2696 452 2734; x_wconf 88' lang='lat' dir='ltr'>Et</span> <span class='ocrx_word' id='word_1_353' title='bbox 482 2694 521 2732; x_wconf 90' lang='lat' dir='ltr'>fit</span> <span class='ocrx_word' id='word_1_354' title='bbox 549 2694 617 2730; x_wconf 84' lang='lat' dir='ltr'>hoc</span> <span class='ocrx_word' id='word_1_355' title='bbox 635 2695 758 2732; x_wconf 84' lang='lat' dir='ltr'>eadem</span> 
     </span>
     <span class='ocr_line' id='line_1_43' title="bbox 133 2744 760 2796; baseline -0.006 -9"><span class='ocrx_word' id='word_1_356' title='bbox 133 2749 206 2788; x_wconf 80' lang='lat' dir='ltr'>fere</span> <span class='ocrx_word' id='word_1_357' title='bbox 241 2748 393 2792; x_wconf 74' lang='lat' dir='ltr'>ratione,</span> <span class='ocrx_word' id='word_1_358' title='bbox 430 2759 499 2796; x_wconf 89' lang='lat' dir='ltr'>qua</span> <span class='ocrx_word' id='word_1_359' title='bbox 533 2744 671 2796; x_wconf 88' lang='lat' dir='ltr'>Tigris,</span> <span class='ocrx_word' id='word_1_360' title='bbox 696 2745 760 2796; x_wconf 87' lang='lat' dir='ltr'>qui</span> 
     </span>
     <span class='ocr_line' id='line_1_44' title="bbox 132 2796 759 2843; baseline -0.008 -6"><span class='ocrx_word' id='word_1_361' title='bbox 132 2800 344 2843; x_wconf 84' lang='lat' dir='ltr'>Parthorum</span> <span class='ocrx_word' id='word_1_362' title='bbox 373 2800 458 2836; x_wconf 87' lang='lat' dir='ltr'>fines</span> <span class='ocrx_word' id='word_1_363' title='bbox 481 2796 584 2840; x_wconf 76' lang='lat' dir='ltr'>facit,</span> <span class='ocrx_word' id='word_1_364' title='bbox 614 2797 759 2837; x_wconf 83' lang='lat' dir='ltr'>Partho.</span> 
     </span>
     <span class='ocr_line' id='line_1_45' title="bbox 133 2849 579 2904; baseline -0.009 -11"><span class='ocrx_word' id='word_1_365' title='bbox 133 2865 212 2903; x_wconf 61' lang='lat' dir='ltr'>grum</span> <span class='ocrx_word' id='word_1_366' title='bbox 230 2851 356 2901; x_wconf 83' lang='lat' dir='ltr'>fluvius</span> <span class='ocrx_word' id='word_1_367' title='bbox 370 2849 579 2904; x_wconf 73' lang='lat' dir='ltr'>appellatur.</span> 
     </span>
    </p>
   </div>
   <div class='ocr_carea' id='block_1_8' title="bbox 817 2282 1302 2333">
    <p class='ocr_par' dir='ltr' id='par_1_8' title="bbox 817 2282 1302 2333">
     <span class='ocr_line' id='line_1_46' title="bbox 817 2282 1302 2333; baseline 0.002 -14"><span class='ocrx_word' id='word_1_368' title='bbox 817 2294 916 2333; x_wconf 72' lang='lat' dir='ltr'>pars,</span> <span class='ocrx_word' id='word_1_369' title='bbox 945 2295 1009 2332; x_wconf 89' lang='lat' dir='ltr'>pro</span> <span class='ocrx_word' id='word_1_370' title='bbox 1027 2282 1091 2318; x_wconf 80' lang='lat' dir='ltr'>alii</span> <span class='ocrx_word' id='word_1_371' title='bbox 1117 2294 1152 2318; x_wconf 84' lang='lat' dir='ltr'>et</span> <span class='ocrx_word' id='word_1_372' title='bbox 1171 2282 1246 2320; x_wconf 82' lang='lat' dir='ltr'>alii.</span> <span class='ocrx_word' id='word_1_373' title='bbox 1267 2296 1302 2320; x_wconf 74' lang='lat' dir='ltr'>v.</span> 
     </span>
    </p>
   </div>
   <div class='ocr_carea' id='block_1_9' title="bbox 822 2126 1452 2836">
    <p class='ocr_par' dir='ltr' id='par_1_9' title="bbox 822 2126 1452 2836">
     <span class='ocr_line' id='line_1_47' title="bbox 877 2126 1451 2178; baseline 0.002 -14"><span class='ocrx_word' id='word_1_374' title='bbox 877 2128 940 2178; x_wconf 80' lang='lat'>65¹.</span> <span class='ocrx_word' id='word_1_375' title='bbox 969 2126 1095 2164; x_wconf 79' lang='lat' dir='ltr'>Ibimus</span> <span class='ocrx_word' id='word_1_376' title='bbox 1110 2127 1227 2178; x_wconf 79' lang='lat' dir='ltr'><em>Afros,</em></span> <span class='ocrx_word' id='word_1_377' title='bbox 1243 2127 1368 2164; x_wconf 84' lang='lat' dir='ltr'>elisum</span> <span class='ocrx_word' id='word_1_378' title='bbox 1388 2133 1451 2174; x_wconf 76' lang='grc' dir='ltr'><em>ὴι,·,</em></span> 
     </span>
     <span class='ocr_line' id='line_1_48' title="bbox 824 2179 1452 2229; baseline 0.003 -14"><span class='ocrx_word' id='word_1_379' title='bbox 824 2181 920 2229; x_wconf 84' lang='lat' dir='ltr'>quod</span> <span class='ocrx_word' id='word_1_380' title='bbox 939 2179 977 2216; x_wconf 87' lang='lat' dir='ltr'>in</span> <span class='ocrx_word' id='word_1_381' title='bbox 1005 2179 1110 2228; x_wconf 86' lang='lat' dir='ltr'>epico</span> <span class='ocrx_word' id='word_1_382' title='bbox 1137 2179 1296 2216; x_wconf 81' lang='lat' dir='ltr'>carmine</span> <span class='ocrx_word' id='word_1_383' title='bbox 1325 2179 1452 2217; x_wconf 87' lang='lat' dir='ltr'>melius</span> 
     </span>
     <span class='ocr_line' id='line_1_49' title="bbox 824 2231 1452 2275; baseline 0.005 -8"><span class='ocrx_word' id='word_1_384' title='bbox 824 2232 936 2275; x_wconf 79' lang='lat' dir='ltr'>fieret,</span> <span class='ocrx_word' id='word_1_385' title='bbox 965 2231 1166 2268; x_wconf 82' lang='lat' dir='ltr'>Homerico</span> <span class='ocrx_word' id='word_1_386' title='bbox 1190 2244 1300 2268; x_wconf 86' lang='lat' dir='ltr'>more.</span> <span class='ocrx_word' id='word_1_387' title='bbox 1331 2232 1396 2267; x_wconf 77' lang='lat' dir='ltr'>alii</span> <span class='ocrx_word' id='word_1_388' title='bbox 1414 2242 1452 2270; x_wconf 90' lang='lat' dir='ltr'>et</span> 
     </span>
     <span class='ocr_line' id='line_1_50' title="bbox 1323 2283 1450 2322; baseline 0.016 -3"><span class='ocrx_word' id='word_1_389' title='bbox 1323 2283 1450 2322; x_wconf 84' lang='lat' dir='ltr'>Burm.</span> 
     </span>
     <span class='ocr_line' id='line_1_51' title="bbox 826 2334 1448 2386; baseline 0.002 -15"><span class='ocrx_word' id='word_1_390' title='bbox 826 2334 1012 2384; x_wconf 74' lang='lat' dir='ltr'>MusgraV.</span> <span class='ocrx_word' id='word_1_391' title='bbox 1026 2334 1070 2370; x_wconf 82' lang='lat' dir='ltr'>ad</span> <span class='ocrx_word' id='word_1_392' title='bbox 1088 2334 1213 2384; x_wconf 85' lang='lat' dir='ltr'>Eurip.</span> <span class='ocrx_word' id='word_1_393' title='bbox 1229 2334 1356 2371; x_wconf 77' lang='lat' dir='ltr'>Bacch.</span> <span class='ocrx_word' id='word_1_394' title='bbox 1374 2349 1448 2386; x_wconf 92' lang='lat'>407</span> 
     </span>
     <span class='ocr_line' id='line_1_52' title="bbox 822 2387 1450 2435; baseline -0.002 -11"><span class='ocrx_word' id='word_1_395' title='bbox 822 2397 852 2424; x_wconf 84' lang='lat' dir='ltr'>et</span> <span class='ocrx_word' id='word_1_396' title='bbox 865 2410 880 2416; x_wconf 91' lang='lat'><em>-</em></span> <span class='ocrx_word' id='word_1_397' title='bbox 895 2398 926 2422; x_wconf 81' lang='lat' dir='ltr'>et</span> <span class='ocrx_word' id='word_1_398' title='bbox 951 2387 1016 2424; x_wconf 82' lang='lat' dir='ltr'>effe</span> <span class='ocrx_word' id='word_1_399' title='bbox 1043 2400 1109 2435; x_wconf 86' lang='lat' dir='ltr'>pro</span> <span class='ocrx_word' id='word_1_400' title='bbox 1128 2397 1211 2423; x_wconf 65' lang='lat' dir='ltr'>aasz·</span> <span class='ocrx_word' id='word_1_401' title='bbox 1225 2399 1285 2424; x_wconf 70' lang='lat' dir='ltr'>emt</span> <span class='ocrx_word' id='word_1_402' title='bbox 1301 2397 1450 2423; x_wconf 82' lang='lat' dir='ltr'>conten-</span> 
     </span>
     <span class='ocr_line' id='line_1_53' title="bbox 823 2437 1448 2486; baseline 0 -12"><span class='ocrx_word' id='word_1_403' title='bbox 823 2437 900 2475; x_wconf 87' lang='lat' dir='ltr'>dit:</span> <span class='ocrx_word' id='word_1_404' title='bbox 931 2437 1030 2486; x_wconf 84' lang='lat' dir='ltr'>quod</span> <span class='ocrx_word' id='word_1_405' title='bbox 1063 2437 1142 2475; x_wconf 83' lang='lat' dir='ltr'>sane</span> <span class='ocrx_word' id='word_1_406' title='bbox 1176 2438 1215 2474; x_wconf 87' lang='lat' dir='ltr'>fit</span> <span class='ocrx_word' id='word_1_407' title='bbox 1246 2437 1448 2483; x_wconf 86' lang='lat' dir='ltr'>interdu1n3</span> 
     </span>
     <span class='ocr_line' id='line_1_54' title="bbox 822 2487 1452 2540; baseline 0.002 -15"><span class='ocrx_word' id='word_1_408' title='bbox 822 2488 883 2526; x_wconf 86' lang='lat' dir='ltr'>etfi</span> <span class='ocrx_word' id='word_1_409' title='bbox 921 2489 1005 2526; x_wconf 85' lang='lat' dir='ltr'>AEn.</span> <span class='ocrx_word' id='word_1_410' title='bbox 1040 2487 1132 2530; x_wconf 69' lang='lat' dir='ltr'>VII,</span> <span class='ocrx_word' id='word_1_411' title='bbox 1177 2492 1249 2540; x_wconf 78' lang='lat'>675·</span> <span class='ocrx_word' id='word_1_412' title='bbox 1298 2488 1452 2526; x_wconf 60' lang='lat' dir='ltr'>Hamolen</span> 
     </span>
     <span class='ocr_line' id='line_1_55' title="bbox 825 2540 1452 2591; baseline -0.002 -14"><span class='ocrx_word' id='word_1_413' title='bbox 825 2541 1020 2591; x_wconf 68' lang='lat' dir='ltr'>Othrquue</span> <span class='ocrx_word' id='word_1_414' title='bbox 1062 2540 1212 2579; x_wconf 72' lang='lat' dir='ltr'>nivalem</span> <span class='ocrx_word' id='word_1_415' title='bbox 1254 2541 1452 2590; x_wconf 77' lang='lat' dir='ltr'>Linquentes</span> 
     </span>
     <span class='ocr_line' id='line_1_56' title="bbox 823 2591 1449 2634; baseline 0.002 -6"><span class='ocrx_word' id='word_1_416' title='bbox 823 2592 893 2632; x_wconf 82' lang='lat' dir='ltr'>huc</span> <span class='ocrx_word' id='word_1_417' title='bbox 912 2605 984 2629; x_wconf 89' lang='lat' dir='ltr'>non</span> <span class='ocrx_word' id='word_1_418' title='bbox 1003 2591 1165 2634; x_wconf 72' lang='lat' dir='ltr'>referam.</span> <span class='ocrx_word' id='word_1_419' title='bbox 1212 2593 1264 2627; x_wconf 82' lang='lat' dir='ltr'>At</span> <span class='ocrx_word' id='word_1_420' title='bbox 1283 2591 1318 2627; x_wconf 88' lang='lat' dir='ltr'>h.</span> <span class='ocrx_word' id='word_1_421' title='bbox 1340 2592 1364 2627; x_wconf 88' lang='lat'>1.</span> <span class='ocrx_word' id='word_1_422' title='bbox 1381 2592 1449 2629; x_wconf 77' lang='lat' dir='ltr'>estz</span> 
     </span>
     <span class='ocr_line' id='line_1_57' title="bbox 822 2643 1452 2693; baseline 0.002 -14"><span class='ocrx_word' id='word_1_423' title='bbox 822 2654 857 2682; x_wconf 88' lang='lat' dir='ltr'>et</span> <span class='ocrx_word' id='word_1_424' title='bbox 885 2657 964 2693; x_wconf 82' lang='lat' dir='ltr'>pars</span> <span class='ocrx_word' id='word_1_425' title='bbox 986 2643 1165 2679; x_wconf 84' lang='lat' dir='ltr'>veniemus</span> <span class='ocrx_word' id='word_1_426' title='bbox 1190 2643 1236 2680; x_wconf 83' lang='lat' dir='ltr'>ad</span> <span class='ocrx_word' id='word_1_427' title='bbox 1255 2643 1396 2679; x_wconf 80' lang='lat' dir='ltr'>Oaxem</span> <span class='ocrx_word' id='word_1_428' title='bbox 1414 2652 1452 2680; x_wconf 83' lang='lat' dir='ltr'>et</span> 
     </span>
     <span class='ocr_line' id='line_1_58' title="bbox 824 2693 1449 2745; baseline 0.002 -15"><span class='ocrx_word' id='word_1_429' title='bbox 824 2708 903 2745; x_wconf 82' lang='lat' dir='ltr'>pars</span> <span class='ocrx_word' id='word_1_430' title='bbox 922 2695 966 2732; x_wconf 82' lang='lat' dir='ltr'>ad</span> <span class='ocrx_word' id='word_1_431' title='bbox 993 2693 1194 2731; x_wconf 81' lang='lat' dir='ltr'>Britannos.</span> <span class='ocrx_word' id='word_1_432' title='bbox 1264 2697 1327 2734; x_wconf 84' lang='lat'>66.</span> <span class='ocrx_word' id='word_1_433' title='bbox 1357 2701 1449 2744; x_wconf 55' lang='lat' dir='ltr'><em>rapt}</em></span> 
     </span>
     <span class='ocr_line' id='line_1_59' title="bbox 823 2746 1448 2790; baseline -0.003 -6"><span class='ocrx_word' id='word_1_434' title='bbox 823 2748 901 2784; x_wconf 77' lang='lat' dir='ltr'>dum</span> <span class='ocrx_word' id='word_1_435' title='bbox 939 2747 970 2781; x_wconf 91' lang='lat' dir='ltr'><em>C</em></span> <span class='ocrx_word' id='word_1_436' title='bbox 974 2758 1055 2784; x_wconf 81' lang='lat' dir='ltr'>retae</span> <span class='ocrx_word' id='word_1_437' title='bbox 1084 2752 1253 2782; x_wconf 75' lang='lat' dir='ltr'>veniemus</span> <span class='ocrx_word' id='word_1_438' title='bbox 1288 2746 1419 2784; x_wconf 61' lang='lat' dir='ltr'>Oaxem</span> <span class='ocrx_word' id='word_1_439' title='bbox 1433 2761 1448 2790; x_wconf 87' lang='lat'>,·</span> 
     </span>
     <span class='ocr_line' id='line_1_60' title="bbox 823 2796 1449 2836; baseline -0.003 -1"><span class='ocrx_word' id='word_1_440' title='bbox 823 2798 887 2835; x_wconf 83' lang='lat' dir='ltr'>alii</span> <span class='ocrx_word' id='word_1_441' title='bbox 900 2797 1078 2836; x_wconf 79' lang='lat' dir='ltr'>adibimus</span> <span class='ocrx_word' id='word_1_442' title='bbox 1090 2796 1208 2834; x_wconf 75' lang='lat' dir='ltr'>Creta·</span> <span class='ocrx_word' id='word_1_443' title='bbox 1202 2810 1248 2835; x_wconf 80' lang='lat' dir='ltr'>m.</span> <span class='ocrx_word' id='word_1_444' title='bbox 1279 2797 1336 2835; x_wconf 80' lang='lat' dir='ltr'>De</span> <span class='ocrx_word' id='word_1_445' title='bbox 1350 2796 1449 2834; x_wconf 78' lang='lat' dir='ltr'>Oaxi</span> 
     </span>
    </p>
   </div>
   <div class='ocr_carea' id='block_1_10' title="bbox 824 2848 1450 2942">
    <p class='ocr_par' dir='ltr' id='par_1_10' title="bbox 824 2848 1450 2942">
     <span class='ocr_line' id='line_1_61' title="bbox 824 2848 1448 2899; baseline -0.007 -11"><span class='ocrx_word' id='word_1_446' title='bbox 824 2849 942 2895; x_wconf 78' lang='lat' dir='ltr'>Cretae</span> <span class='ocrx_word' id='word_1_447' title='bbox 960 2863 996 2897; x_wconf 75' lang='lat' dir='ltr'>v,</span> <span class='ocrx_word' id='word_1_448' title='bbox 1016 2848 1104 2890; x_wconf 84' lang='lat' dir='ltr'><strong>Var.</strong></span> <span class='ocrx_word' id='word_1_449' title='bbox 1121 2848 1219 2888; x_wconf 59' lang='lat' dir='ltr'>Leti.</span> <span class='ocrx_word' id='word_1_450' title='bbox 1259 2848 1378 2887; x_wconf 77' lang='lat' dir='ltr'>Totus</span> <span class='ocrx_word' id='word_1_451' title='bbox 1394 2848 1448 2899; x_wconf 38' lang='lat'>140</span> 
     </span>
     <span class='ocr_line' id='line_1_62' title="bbox 1386 2911 1450 2942; baseline 0 -5"><span class='ocrx_word' id='word_1_452' title='bbox 1386 2911 1450 2942; x_wconf 65' lang='lat' dir='ltr'>cua</span> 
     </span>
    </p>
   </div>
  </div>
 </body>
</html>
