1821 3381
384 267 478 318 432
560 250 612 300 Ρ.
670 249 1062 299 VIRGILII
1133 249 1527 302 MARONIS

383 387 516 452 Qid
541 387 697 448 lynces
724 385 897 432 Bacchi
922 385 1079 441 variae,
1104 396 1149 431 et
1171 400 1319 448 genus
1342 401 1448 433 acre
1470 388 1692 450 luporum

382 477 545 541 Atque
583 476 790 523 canum?
829 475 961 539 quid,
996 491 1104 539 quae
1139 476 1338 524 inbelles
1373 478 1490 526 dant
1524 481 1697 544 proelia

1604 572 1693 634 265

445 658 638 706 Scilicet
662 670 769 706 ante
792 651 948 706 omnis
973 659 1102 707 furor
1127 661 1192 708 est
1215 661 1408 725 infignis
1438 678 1667 726 equarum
1681 672 1696 717 ς’

575 566 739 614 cervi?

382 749 447 796 Et
469 760 680 795 mentem
700 749 856 796 Venus
882 749 980 812 ipsa
1001 749 1147 807 dedit,
1171 766 1266 813 quo
1287 764 1500 815 tempore
1525 750 1700 799 Glauci
1727 786 1731 792 .

382 839 634 887 Potniades
659 840 796 887 malis
822 840 1037 888 membra
1056 839 1323 888 ‘absumsere
1344 843 1608 906 quadrigae.

383 937 493 984 Illas
535 937 669 985 ducit
711 953 845 983 amor
891 948 1014 983 trans
1063 934 1293 1000 Gargara,
1346 937 1565 1001 transque
1620 936 1696 985 so-

576 1041 770 1076 nantem

381 1115 640 1169 Ascanium
653 1145 664 1175 ;
684 1120 902 1184 superant
916 1123 1163 1179 montis,et
1178 1123 1373 1171 flumina
1384 1136 1586 1173 tranant.
1602 1125 1697 1185 270⁴

383 1211 733 1273 Continuoque,
757 1211 906 1258 avidis
927 1211 1010 1257 ubi
1033 1211 1218 1258 subdita
1240 1213 1432 1260 flamma
1455 1212 1695 1269 medullis,

380 1303 503 1350 Vere
524 1304 690 1366 magis,
712 1303 823 1366 quia
846 1319 953 1349 vere
975 1303 1102 1349 calor
1125 1303 1249 1349 redit
1271 1303 1457 1361 ossibus,
1482 1303 1578 1350 illae

424 1454 501 1491 264.
520 1461 599 1496 pecus
624 1467 686 1484 acre
717 1453 801 1484 Gud.
833 1463 891 1495 pro
926 1451 993 1484 div.
1025 1452 1089 1483 le&
1161 1452 1305 1484 Eandem
1346 1453 1563 1484 diversitatem
1599 1459 1692 1485 notat

380 1508 491 1537 Burm.
509 1516 546 1536 ex
562 1506 638 1535 AEn.
657 1506 711 1542 ΠΙ,
735 1505 975 1544 221.——265.
1000 1518 1076 1534 mnes
1093 1504 1161 1535 Erf.
1213 1507 1331 1546 quffque,
1353 1507 1476 1545 quidque,
1499 1517 1615 1545 quaeque,
1633 1506 1695 1546 quiss

377 1570 438 1597 quc,
464 1556 678 1587 aberrationes
704 1556 788 1597 apud
814 1556 921 1586 Burm.
940 1555 1054 1586 ultima
1077 1563 1196 1593 tamen,
1213 1559 1318 1596 quique,
1343 1555 1415 1586 satis
1430 1555 1516 1593 felix,
1538 1556 1577 1585 ad
1592 1555 1696 1586 emula

378 1606 522 1638 liendum
539 1606 682 1642 versum;
705 1605 745 1636 ad
762 1606 887 1636 aurium
904 1605 1010 1646 itaque
1024 1605 1180 1647 judicium
1197 1612 1408 1647 attemperate
1425 1605 1506 1635 hanc
1520 1604 1695 1636 leolionem‘.

377 1658 498 1700 recepit
511 1657 645 1695 VoffiUS‚
660 1658 702 1687 V.
719 1657 757 1687 C.
802 1659 833 1686 in
850 1658 924 1687 bellis
947 1659 1042 1687 Rom.
1133 1655 1207 1689 268.
1230 1658 1388 1697 atffitmfi’re,
1407 1656 1546 1698 [fftmfire
1561 1656 1695 1696 ibidem,

376 1713 411 1739 et
439 1709 472 1740 in
498 1708 597 1739 Goth.
689 1707 762 1749 269.
784 1708 1143 1751 Illcimscommentator
1168 1713 1260 1738 vetus
1281 1705 1395 1739 Horat.
1410 1707 1472 1738 Od.
1500 1701 1526 1745 Ῐ,
1551 1708 1692 1746 35.-'·-⁴

382 1768 455 1798 271.
478 1761 522 1790 uhi
537 1759 661 1790 erasum
677 1759 709 1789 in
728 1759 825 1795 Gud.,
843 1758 934 1789 male.
1029 1763 1100 1798 272.
1125 1760 1194 1788 redit
1208 1758 1325 1788 omnibus
1344 1764 1481 1800 quatuor
1495 1754 1547 1800 ap.
1566 1757 1696 1789 Columi

378 1810 437 1850 Vl,
462 1820 516 1851 27,
533 1821 567 1851 5,
591 1809 645 1842 ubi
664 1810 844 1842 excitantur
859 1810 893 1841 hi
910 1810 1028 1842 versus.
1073 1812 1145 1841 redit
1161 1812 1236 1841 calor
1251 1811 1342 1854 ‹ffbus
1357 1811 1414 1841 illis
1430 1811 1607 1841 Romanus.

1067 1933 1111 1966 eo
1145 1927 1191 1966 ab
1226 1929 1427 1967 admistione
1468 1926 1693 1967 arcebantur.

1069 1981 1138 2018 Sed
1156 1980 1310 2019 diversas
1326 1982 1455 2018 caussas
1478 1981 1542 2018 alii
1559 1993 1695 2018 memo-

1069 2043 1160 2070 rant.
1215 2043 1312 2071 How
1317 2033 1391 2070 άὲες
1423 2038 1523 2071 πῶλοι
1561 2032 1692 2081 Eurip-

1070 2084 1236 2123 Phoeniff.
1279 2098 1387 2133 ¹130·
1457 2085 1544 2134 269.
1578 2083 1696 2120 Solito

1069 2150 1166 2173 more
1194 2142 1302 2188 poeta
1325 2149 1390 2186 pro
1418 2136 1545 2186 quovis
1571 2143 1695 2172 monte

1068 2201 1108 2224 ac
1140 2188 1252 2226 fluvio
1286 2197 1425 2225 certum
1459 2197 1615 2224 montem
1648 2198 1692 2223 ac

1067 2239 1219 2277 fluvium
1238 2240 1355 2290 ponit.
1409 2240 1587 2289 Gmgara,
1613 2250 1695 2275 ver

1068 2300 1127 2327 tex
1153 2291 1299 2341 quidam
1329 2291 1463 2327 montis
1480 2280 1601 2326 Idae'
1587 2288 1695 2339 Juxta

376 1933 543 1983 superstes
572 1931 654 1975 effe,
681 1931 780 1968 nolet
807 1944 888 1967 eum
919 1930 1004 1967 reti-

379 1994 451 2022 net.
507 1985 594 2032 264.
629 1984 790 2033 matulosa
815 1984 897 2033 lyzx
915 1982 1001 2020 AEn.

376 2036 410 2080 I,
467 2051 485 2074 z

398 2049 645 2138 2363Q1id
660 2086 736 2122 haec
752 2084 888 2134 singula
903 2098 1003 2122 com-

378 2152 588 2182 memorem,
614 2151 697 2174 eum
724 2136 887 2173 omniurn
915 2151 1001 2187 prae-

376 2191 605 2230 sentiffimum
623 2187 856 2237 exemplum
847 2201 885 2224 m
901 2202 1003 2238 equis

377 2244 460 2294 ipsis
489 2242 546 2285 fit,
575 2240 658 2277 hinc
690 2242 728 2277 τὸ
754 2238 895 2282 Sc1l1et
923 2253 1003 2289 pro-

376 2294 485 2331 feclo.
542 2295 628 2341 267.
647 2302 783 2329 mentem
797 2304 862 2341 pro
879 2290 1003 2329 indole

377 2345 488 2389 dixit,
534 2354 572 2381 ut
604 2354 677 2380 tam
710 2342 848 2379 furioso
882 2356 1003 2379 amore

376 2397 574 2447 rapiantur.
629 2394 765 2431 Fabula
798 2394 843 2430 de
877 2395 1002 2432 Glauco

375 2450 432 2486 vel
466 2462 510 2485 ex
548 2447 747 2496 Palaephato
786 2456 820 2482 et
861 2446 1001 2483 Ovidio

375 2511 484 2539 nota:
513 2498 561 2536 cf.
595 2498 632 2536 h.
653 2498 678 2534 l.
709 2497 859 2535 Probus.
915 2499 1001 2535 Ale-

377 2551 517 2592 batille
534 2563 643 2600 equos
668 2552 805 2594 Pottziis,
837 2549 898 2599 qui
920 2550 1000 2586 Boe-

375 2603 461 2642 otiae
493 2602 592 2638 vicus
620 2611 710 2644 erat,
738 2614 808 2637 non
841 2602 948 2651 longe
980 2615 1001 2637 a

378 2654 534 2697 Thebis,
553 2652 681 2703 quibus
701 2652 824 2689 Venus
841 2652 1000 2690 furorem

374 2705 537 2747 immisit,
556 2715 594 2741 ut
610 2703 714 2754 ipsius
731 2704 870 2740 domini
889 2718 999 2741 mem-

374 2759 440 2796 bra
479 2756 710 2799 dilaniarent,
749 2756 920 2806 quoniam
953 2755 1000 2794 ab

1069 2343 1236 2391 Trojam,
1265 2341 1362 2378 conf.
1382 2342 1522 2391 Georg.
1545 2341 1579 2384 Ι,
1587 2304 1690 2379 102.

1066 2394 1228 2442 Asc-alius
1271 2394 1369 2430 lacus
1412 2392 1590 2441 Bithynice
1624 2392 1692 2429 sub

1066 2445 1229 2496 Ol>1npo
1263 2455 1398 2488 monte,
1425 2445 1508 2481 satls
1541 2444 1691 2500 quidem

1067 2507 1186 2541 notus,
1214 2506 1250 2533 at
1267 2496 1327 2532 hic
1346 2496 1430 2533 fluv
1410 2510 1474 2533 ius
1492 2509 1536 2532 ex
1552 2509 1595 2531 eo
1613 2507 1692 2532 ext-

1066 2561 1128 2585 ens
1157 2548 1430 2597 intelligendus;
1459 2561 1540 2583 nam
1575 2551 1693 2585 sonam:

1066 2611 1129 2636 tem
1162 2610 1197 2636 et
1233 2599 1331 2649 equis
1375 2591 1691 2636 transmittendum

1065 2661 1253 2688 memorat.
1319 2651 1537 2688 Meminerat
1569 2659 1690 2686 autem

1063 2705 1137 2752 ejus
1156 2702 1256 2739 fluvii
1286 2702 1470 2752 Euphorion
1507 2704 1560 2751 (V.
1594 2700 1692 2736 Stra-

1064 2754 1113 2793 bo
1134 2754 1246 2800 XLV,
1273 2758 1361 2806 pag.
1393 2766 1467 2805 999
1487 2754 1536 2792 C.
1569 2752 1641 2798 D),
1668 2754 1691 2787 ε’

1615 2813 1692 2856 quo
