1987 3361
496 325 774 363 ccxxxv111
899 289 1532 354 ARGUMENTA.

496 453 638 499 Tunc
663 447 829 511 apium
854 442 1036 499 seriem,
1060 452 1106 487 et
1129 454 1236 502 quae
1254 435 1407 483 mellis
1425 433 1562 488 dona,
1584 428 1811 478 recenset&

497 532 669 580 AEneas
693 527 920 592 profugus
946 526 1088 572 intrat
1114 518 1421 582 Carthaginis
1439 531 1558 563 oras,
1779 509 1812 559 ὁ

498 612 725 661 Convivis
749 609 883 657 series
909 618 1120 652 narratur
1145 601 1322 648 Troica
1337 598 1468 645 belli.

497 699 687 747 Tertius
711 707 758 742 at
780 692 993 755 complet
1018 685 1250 734 narrantis
1277 685 1323 730 in
1347 683 1513 729 ordine
1535 681 1677 746 gesta.

497 781 650 830 Ardet
672 793 833 825 amans
858 773 988 821 Dido
1013 771 1163 817 fatum
1188 768 1349 814 sortita
1373 765 1665 828 supremum.

499 862 708 927 Qintus
733 858 874 905 habet
898 853 1025 901 varia
1049 850 1222 898 tumuli
1248 846 1511 912 speetaeula
1533 844 1697 908 patris.
1755 855 1836 889 10,-

500 946 715 993 Infernos
737 942 865 989 Ditis
892 940 1061 985 Manes
1086 948 1131 981 et
1155 950 1297 996 regna
1322 943 1548 995 pererrat.

500 1030 558 1078 In
584 1026 775 1073 Latium
800 1022 988 1078 AEneaS,
1013 1018 1152 1065 Italas
1177 1015 1314 1062 fimul
1338 1015 1485 1060 intrat
1507 1013 1555 1059 in
1581 1028 1700 1059 oras.

501 1113 694 1161 Intonat
715 1108 826 1155 hine
850 1105 1032 1152 bellum
1055 1101 1167 1148 teeti
1192 1100 1249 1146 de
1274 1098 1487 1145 culmine
1511 1095 1716 1142 Turnus.

502 1194 765 1256 Euryalum
788 1202 835 1237 et
856 1187 1030 1235 Nisum
1053 1184 1191 1231 deflet
1211 1198 1322 1228 eum
1342 1191 1493 1226 matre
1509 1178 1749 1242 juventus.

503 1274 721 1325 Mezenti
740 1270 951 1318 interitus
968 1266 1168 1320 canitur,
1191 1263 1296 1326 post
1322 1261 1481 1307 funera
1509 1260 1664 1306 Laufi.
1759 1270 1811 1320 15

503 1360 716 1420 Ultaque
738 1354 909 1402 dehine
936 1350 1082 1396 fertur
1103 1348 1198 1393 telo
1223 1345 1423 1391 maetata
1449 1341 1667 1388 Camilla.

505 1438 657 1489 Turni
680 1437 776 1483 vita
801 1433 923 1497 fugit
945 1430 1150 1478 infernas
1175 1427 1340 1474 moesta
1366 1424 1449 1471 sub
1477 1423 1684 1471 umbras.

1101 1529 1206 1583 XII

509 1634 617 1681 Item
652 1631 913 1694 Argumenta
954 1629 997 1672 in
1030 1623 1255 1671 AEncidem
1289 1633 1375 1684 per
1407 1618 1676 1685 Hexcfiicha.
1714 1616 1818 1664 ibid.

574 1715 731 1778 Eplgr.
761 1728 861 1775 194,
895 1709 970 1755 uhi
989 1724 1038 1753 ex
1067 1703 1240 1764 Vqffi'ano
1264 1704 1394 1749 codic-2·
1411 1703 1652 1766 integritati
1651 1702 1761 1761 sunt

648 1795 856 1856 restincta.
882 1791 1034 1852 Imque
1051 1798 1091 1834 el
1110 1804 1178 1832 nos
1201 1786 1295 1831 inde
1314 1785 1665 1847 Wfflqscrlslssmus·

930 1889 955 1918 P
973 1887 1001 1917 R
1019 1887 1035 1916 1
1056 1886 1089 1915 M
1114 1886 1129 1915 1
1183 1884 1209 1914 L
1232 1884 1248 1914 1
1268 1885 1291 1914 B
1316 1886 1345 1914 R
1366 1884 1401 1915 Ι.

509 1969 660 2017 Arma
681 1961 930 2020 virumque
952 1955 1080 2002 canit
1101 1967 1242 2009 vateS,
1265 1952 1463 2012 Junonis
1488 1952 1550 1998 ob
1575 1951 1709 2008 iram,

509 2055 575 2103 Et
597 2062 753 2098 totum
776 2041 944 2091 AEoliis
966 2040 1210 2087 turbatum
1233 2037 1450 2083 fluetibus
1474 2052 1638 2098 aequor
1655 2060 1668 2090 ;

512 2131 744 2199 Disjeetas
765 2125 939 2180 classes,
963 2119 1290 2181 submersaque
1308 2133 1506 2180 corpora
1528 2129 1678 2180 ponto
1693 2140 1708 2171 ;

512 2212 796 2278 Hospitium
821 2205 990 2261 Didus,
1014 2202 1142 2250 casus
1162 2217 1256 2264 quo
1278 2201 1432 2263 gentis
1457 2211 1503 2246 et
1527 2214 1670 2245 annos

514 2301 687 2350 AEneas
708 2292 884 2356 Trojae,
911 2288 1158 2348 fatumque
1183 2297 1233 2331 et
1256 2285 1376 2330 belia
1400 2282 1609 2329 referret.
1794 2293 1818 2344 5

514 2384 735 2448 Qorum
760 2389 865 2438 pars
890 2383 1045 2425 terrae,
1067 2368 1236 2432 pelago
1255 2383 1363 2431 pars
1379 2365 1539 2413 addita
1559 2364 1699 2411 famae
1721 2364 1802 2411 est.

1019 2485 1039 2514 s
1057 2483 1079 2512 E
1096 2482 1121 2512 e
1140 2482 1169 2510 U
1186 2481 1217 2510 N
1236 2481 1266 2511 D
1283 2481 1320 2512 1.

517 2562 799 2614 Conticuere
818 2568 997 2609 omnes,
1013 2548 1276 2610 intentique
1297 2563 1375 2594 ore
1395 2543 1628 2608 loquentis

516 2652 614 2698 Ora
638 2653 811 2694 tenent.
882 2639 953 2687 Ae
978 2648 1083 2682 tum
1108 2633 1243 2679 dolus
1266 2628 1582 2678 introducitur
1599 2625 1760 2672 hostis.

517 2735 584 2782 Et
607 2727 783 2777 fallacis
807 2724 914 2788 equi
937 2718 1219 2769 damnosum
1243 2731 1411 2763 munus
1435 2714 1484 2760 in
1506 2711 1666 2768 armis,

522 2812 729 2864 Perfidia
751 2806 980 2871 notusque
1004 2804 1165 2860 Sinon,
1184 2798 1438 2865 amissaque
1453 2794 1680 2861 conjunx,
1771 2806 1830 2840 10

1739 2875 1830 2925 Per
