1821 3381
325 323 384 372 92
477 307 531 354 P.
564 304 770 353 VIRG.
806 302 991 352 MAR.
1029 302 1198 350 BUC.
1229 301 1390 351 ECL.
1428 303 1513 352 IV.

318 443 422 490 Nec
447 442 561 489 deus
586 441 712 486 hunc
739 437 912 495 mensa,
935 436 1021 484 dea
1044 451 1129 482 nec
1163 435 1359 499 dignata
1383 435 1532 483 cubili
1555 435 1637 485 est.

535 573 590 614 63.
614 573 648 617 sst
659 571 742 604 abest
758 583 775 604 a
791 570 962 604 nonnullis.
1008 568 1136 613 eubilefst
1151 567 1227 608 duo,
1244 578 1281 600 ex
1296 568 1412 613 cubilsst.

320 671 398 709 θεῶν
413 671 530 716 νόμοις,
544 668 590 706 de
606 667 789 705 Centauro
806 665 945 703 Ixionis

319 724 365 767 ᾗ,
399 731 460 759 aut
489 721 588 771 quod
619 718 714 770 apud
743 718 944 755 Homerum

321 776 384 819 est,
423 774 500 811 θεῶν
547 775 661 811 ἀέκητι
711 770 864 817 *γενέσθαι
910 786 946 806 τε

321 829 488 876 τξκφέμεν
507 841 543 862 τε
562 823 688 872 Odyss.
708 841 747 870 Ὺ,
767 824 829 861 28.
872 820 945 858 De-

321 878 453 930 fignari
471 886 588 914 autem
608 874 740 926 recepti
757 873 850 911 inter
863 873 948 910 deos

322 929 441 969 herois
458 929 535 966 vita
562 927 701 965 duabus
726 925 829 963 rebus
846 925 948 968 solet,

325 981 494 1019 convifiu
513 993 596 1018 cum
615 977 707 1027 Jove
735 986 770 1015 et
788 977 864 1014 deae
884 975 948 1012 ali-

325 1034 426 1083 cujus
442 1031 629 1082 conjugio.
683 1029 744 1066 Sic
775 1028 821 1065 de
852 1027 948 1065 Her-

324 1086 406 1122 cule
439 1083 572 1122 Horat.
605 1080 680 1118 Od.
700 1081 773 1124 IV,
806 1083 841 1117 8.
884 1092 945 1127 30.

327 1137 434 1186 Jovis
441 1137 567 1185 interss
578 1138 694 1184 optatis
703 1131 819 1182 epulis,
832 1130 947 1168 idem-

325 1200 397 1238 que
432 1186 564 1224 Heben
597 1185 769 1236 conjugio
800 1181 948 1232 accipit.

326 1239 380 1277 cf.
400 1238 511 1289 Virg.
531 1237 673 1287 Georg.
689 1236 722 1278 I,
743 1248 805 1284 31.
861 1234 951 1271 Haec

327 1288 576 1343 interpretatio
603 1287 657 1327 uti
688 1284 953 1339 fimplicissima,

1010 664 1062 702 ita
1097 662 1271 701 verissima
1301 662 1362 700 est.
1415 661 1478 699 Ad
1497 661 1638 701 Vulca-

1011 729 1095 753 num
1131 716 1300 753 haftenus
1337 712 1397 752 res
1416 712 1466 750 ici
1512 715 1640 765 potest,

1011 767 1125 819 quod,
1154 780 1236 804 cum
1252 767 1327 814 ejus
1345 765 1389 803 de
1410 764 1559 802 ormiter
1575 779 1639 803 na-

1011 821 1038 856 ti
1057 820 1194 869 aspeRu
1213 817 1308 866 juno
1321 829 1447 868 parum
1465 815 1641 856 deleaata
1692 854 1697 858 ,

1011 871 1144 915 fuisset,
1188 869 1238 906 ita
1272 878 1312 906 ut
1355 880 1436 905 eum
1469 867 1515 905 de
1548 869 1639 907 caelo
1690 879 1695 882 ’

1015 920 1272 974 praecipitaret,
1290 920 1430 969 Hymn.
1451 919 1488 956 in
1508 920 1637 971 Apoll.

1018 975 1092 1023 316
1119 974 1212 1024 sqq„
1238 970 1402 1009 exclusus
1427 971 1490 1009 ille
1507 971 1554 1008 est
1576 970 1639 1019 (ad

1016 1037 1153 1077 tempus
1186 1032 1296 1068 certe,
1324 1035 1407 1060 nam
1440 1021 1520 1061 aliis
1549 1022 1639 1061 locis

1013 1077 1052 1115 in
1085 1075 1237 1115 consilio
1281 1074 1382 1124 Jovis
1411 1073 1635 1122 nominatur)

1015 1130 1165 1167 deorum
1196 1126 1353 1164 conseffu
1389 1135 1426 1163 et
1448 1125 1637 1170 convivio,

1015 1191 1051 1218 et
1068 1194 1087 1218 a
1102 1180 1170 1217 dea
1187 1178 1357 1216 Minerva
1373 1175 1523 1228 spretus,
1535 1178 1638 1229 cujus

1017 1233 1078 1271 ille
1093 1229 1306 1283 conjugium
1324 1227 1533 1281 appetierat.
