1987 3361
505 336 561 369 12
662 316 762 366 DE
809 313 1175 364 CARMINE
1223 311 1643 371 BUCOLICO.

499 465 546 500 et
593 450 770 507 hero'e's,
802 449 887 511 qui
925 448 971 494 in
1010 461 1062 492 ca
1104 445 1335 500 vixissent,
1368 443 1624 502 exhiberet,
1658 444 1808 508 iisque

499 534 744 582 sententias
770 547 821 577 ac
857 545 1008 576 mores
1033 543 1265 589 congruos
1289 526 1535 573 tribueret.
1583 527 1638 574 Id
1657 544 1807 590 genus

500 616 707 663 invenire
732 612 850 658 mihi
877 611 1054 666 vidcor,
1092 608 1123 654 fi
1149 609 1376 665 Silenum,
1401 609 1618 671 eclogam
1652 610 1734 666 VI,
1757 618 1805 656 et'

499 696 778 750 Pollionem,
802 692 1017 753 eclogam
1037 691 1118 746 IV,
1132 690 1308 753 cogitO.
1347 690 1410 736 Et
1434 691 1491 737 de
1510 692 1590 737 illo
1607 690 1805 753 quidem

499 793 568 824 res
594 774 867 827 manifesta;
902 772 961 818 de
1000 772 1088 818 hoc
1121 786 1214 817 non
1240 771 1390 834 magis
1413 771 1571 828 dubia,
1595 772 1628 818 fi
1653 771 1805 819 facul-
1871 784 1878 787 “

498 871 645 905 tatem
668 857 800 902 illam
825 853 1110 901 vaticinandi
1146 864 1191 899 et
1223 852 1385 916 po'e‘fin
1408 853 1575 900 afflatis
1610 854 1703 901 illis
1725 854 1804 900 di-
1838 889 1846 900 f

496 942 608 987 vino
634 938 796 1002 spiritu
823 935 1096 982 hominibus
1128 935 1368 998 propriam
1393 934 1452 981 ad
1474 934 1699 998 antiquos
1714 936 1805 982 ho-

497 1023 649 1071 mines
671 1020 901 1084 pertinere
925 1017 1214 1063 memineris.
1284 1016 1428 1079 Qod
1458 1016 1655 1079 quidem
1689 1033 1803 1064 cum

496 1104 706 1152 novaffet
750 1102 904 1157 Maro,
955 1100 1270 1162 consequutus
1312 1099 1377 1145 est
1418 1098 1554 1145 simul
1597 1099 1705 1156 hoc,
1749 1111 1806 1146 ut

495 1189 632 1253 epico
655 1185 855 1233 carmini
879 1183 1072 1245 propius
1089 1183 1359 1229 admoveret
1379 1181 1668 1238 bucolicum,
1690 1197 1803 1228 cum

495 1290 552 1320 ex
578 1271 730 1334 prisca
751 1270 948 1315 heroum
983 1267 1078 1313 vita
1110 1266 1260 1313 sensus
1285 1278 1329 1312 et
1361 1265 1608 1312 sententias
1633 1265 1806 1311 inferre

496 1355 690 1405 liceret;
727 1350 776 1396 id
800 1348 928 1412 quod
951 1347 1150 1394 omnino
1173 1364 1266 1393 non
1301 1347 1446 1393 modo
1481 1346 1540 1392 ad
1575 1345 1802 1392 excusan-

493 1440 626 1493 dum,
659 1449 823 1482 verum
847 1443 894 1478 et
914 1428 1229 1494 probandum,
1266 1428 1479 1475 Maronis
1510 1427 1729 1490 spiritum
1752 1428 1803 1474 in

493 1518 717 1568 bucolico
760 1530 928 1578 genere
971 1513 1109 1559 valet.
1200 1511 1348 1557 Aliud
1390 1526 1531 1573 porro
1577 1509 1802 1557 carminis

491 1599 739 1667 pastoritii‚
774 1596 918 1643 modo
962 1605 1150 1641 tantum
1188 1592 1380 1649 variato,
1413 1608 1560 1655 genus
1596 1593 1661 1639 est
1692 1592 1800 1650 hoc,

490 1696 556 1743 ut,
580 1685 639 1731 ad
658 1683 854 1746 majorem
877 1679 1105 1723 animorum
1126 1676 1399 1737 voluptatem,
1424 1691 1523 1730 rem,
1529 1675 1703 1734 fastum
1725 1683 1801 1721 aut

492 1771 629 1832 casum
652 1767 871 1827 nostrorum
893 1760 1114 1813 hominum,
1145 1759 1364 1817 nostrorum
1387 1766 1627 1818 temporum,
1654 1757 1804 1803 colori..

492 1857 567 1901 bus
592 1861 632 1898 el
663 1846 892 1912 pigmentis
922 1858 948 1887 a
970 1842 1067 1887 vita
1090 1840 1315 1901 pastorilia
1334 1839 1488 1900 petitis
1516 1852 1719 1897 ornemus,
1752 1853 1800 1886 et

488 1954 586 1986 -non
621 1933 765 1982 modo
803 1928 863 1976 ad
902 1925 1076 1973 fabulae
1120 1924 1355 1970 bucolicae
1395 1922 1594 1970 modum
1629 1922 1802 1968 traete-

491 2036 613 2076 mue„
648 2016 725 2063 sed
760 2013 903 2059 etiam
933 2008 981 2054 in
1016 2005 1224 2053 fabulam
1248 2006 1370 2052 inter
1390 2004 1594 2068 pastores
1617 2002 1798 2065 gestam

492 2109 860 2150 commutemus,
875 2089 1114 2137 interdum
1136 2088 1278 2133 etiam
1298 2103 1399 2133 rem
1424 2086 1470 2131 in
1492 2084 1799 2146 antiquorum

490 2185 680 2230 illorum
702 2189 975 2237 temporum
1011 2170 1314 2233 simplicitate
1353 2179 1399 2214 et
1439 2167 1684 2213 securitate
1717 2168 1798 2230 agi.

487 2277 569 2313 aut
594 2258 776 2308 evenire
800 2257 1048 2318 fingamus.
1102 2251 1248 2314 Cujus
1271 2250 1469 2313 generiS,
1487 2247 1615 2311 quod
1638 2249 1798 2311 priore

488 2347 571 2394 illo
617 2340 776 2388 multis
824 2336 979 2384 modis
1037 2332 1227 2379 inferius
1274 2329 1546 2377 habendum
1595 2330 1674 2388 est,
1708 2348 1796 2381 nec

487 2441 646 2478 tamen
684 2422 762 2469 sua
798 2417 950 2474 laude,
984 2415 1062 2462 sua
1103 2413 1254 2477 gratia
1289 2428 1342 2458 ac
1382 2411 1620 2467 suavitate,
1652 2426 1795 2471 caret,

487 2510 683 2571 reliquae
708 2504 801 2551 fere
825 2500 1018 2564 Virgilii
1055 2498 1164 2546 sunt
1198 2498 1394 2560 eclogae.
1462 2494 1596 2559 Qid
1628 2495 1795 2545 enim?

484 2594 625 2656 prima
659 2599 705 2635 et
740 2602 843 2632 nona
881 2600 939 2631 an
982 2582 1240 2645 quicquam
1277 2577 1420 2633 aliud,
1455 2593 1599 2640 quam
1631 2578 1793 2640 poe‘tae

485 2657 646 2722 casum
690 2682 735 2718 et
785 2668 1162 2715 Mantuanorum
1214 2663 1464 2717 fortunam,
1497 2670 1595 2717 aut,
1634 2659 1668 2706 fi
1700 2661 1793 2708 hoc

487 2757 637 2823 magis
679 2754 852 2819 placet,
886 2751 1080 2799 istorum
1114 2759 1240 2797 certe
1283 2759 1556 2809 temporum
1594 2744 1791 2790 calami-

1642 2835 1791 2870 tatem
