1821 3381
351 280 413 342 76
545 273 598 322 P.
647 264 1021 342 VIRGILII
1080 261 1472 310 MARONIS

351 413 521 452 viderunt
542 408 604 446 alii
625 405 691 444 viri
712 403 827 447 dotti,
845 402 953 451 inque
968 398 1024 436 his
1042 398 1214 440 Nmzzeus,
1231 395 1288 434 vir
1305 396 1521 434 doftiffimus
1542 398 1666 445 (Mem.

354 483 393 520 dc
409 480 549 517 lta-ad.
571 479 622 513 dvs
642 476 794 524 Instript.
815 470 927 507 Tem.
947 466 1103 513 XXXI)
1123 475 1156 502 et
1178 466 1252 515 jam
1271 474 1353 501 ante
1368 479 1450 502 eum
1467 465 1523 503 vir
1540 466 1667 504 doetus

355 549 532 599 (Boules-2:-
554 546 591 582 in
624 541 843 592 Rlbliolhcqne
871 538 1042 587 Franfoisc
1065 534 1176 571 Torn.
1193 532 1388 577 XXVIII,
1422 547 1459 583 p.
1488 537 1594 583 243),
1620 545 1666 570 ex

353 617 490 668 nuptiis
509 612 701 651 Ot‘taviani
721 623 802 647 cum
822 606 1028 649 Scribonia,
1060 617 1212 654 quacum
1242 612 1361 640 tamen
1388 615 1481 639 anno
1502 602 1670 653 sequente

354 688 554 727 divortium
575 684 678 727 fecit,
697 681 853 731 suscepta
871 692 915 716 ex
933 691 973 714 ca
993 676 1102 726 Julia.
1149 674 1313 710 Duxerat
1332 686 1409 710 eam
1424 671 1543 709 Caesar
1562 670 1671 708 initio

356 757 460 800 anni,
479 769 550 805 quo
573 753 688 792 Pollio
707 751 795 788 Cos.
815 759 905 792 erat,
933 759 1083 795 eamque
1112 744 1176 781 sub
1203 743 1289 780 anni
1315 741 1471 786 exitum,
1497 753 1570 790 quo
1599 751 1672 790 pax

357 825 572 865 Brundisma
599 823 692 860 faeta
724 821 786 864 est,
815 818 934 870 partui
965 816 1122 854 vicinam
1152 813 1267 858 fuisse,
1298 825 1342 849 ex
1367 824 1410 848 eo
1437 809 1692 859 intelligitur„

356 893 453 944 quod
474 892 572 941 Julia
592 890 654 926 sub
672 887 758 926 anni
783 885 959 937 sequentis
987 883 1132 921 initium
1155 892 1235 918 nata
1253 880 1313 918 est.
1369 879 1466 916 Cum
1485 877 1525 914 in
1540 879 1691 928 expec-'

357 963 496 1002 tatione
521 961 600 997 essct
622 959 756 1002 Roma,
775 969 882 1006 quarn
900 953 1035 1005 prolem
1053 949 1238 989 Scribonia
1257 949 1398 987 editura
1416 948 1512 990 esset,
1539 946 1674 996 quippe

358 1044 454 1069 uxor
472 1025 711 1068 Caesaris,111
739 1024 809 1060 viri
835 1023 910 1072 jarn
942 1030 1019 1058 tum
1052 1018 1185 1070 Lepidi
1211 1026 1246 1054 et
1272 1015 1427 1054 Antonii
1456 1011 1679 1065 praevalentiS

359 1100 507 1151 opibus,
534 1095 652 1147 potuit
671 1092 855 1143 Virgilius
877 1091 992 1128 filium
1020 1086 1175 1126 ominari
1192 1096 1227 1123 et
1245 1085 1430 1122 meliorem
1454 1082 1539 1119 inde
1557 1094 1676 1119 rerum

360 1167 611 1207 conditionem
639 1161 830 1214 augurari3
858 1161 919 1197 etfi
946 1160 992 1195 de
1019 1155 1182 1208 Augusto
1209 1166 1326 1191 rerum
1344 1151 1496 1190 domino
1513 1151 1678 1189 nondum

360 1241 426 1279 illo
446 1249 540 1275 anno
557 1232 746 1285 quisquam
763 1226 925 1278 cogitare
941 1234 1094 1277 poterat.

416 1309 522 1347 Errat
541 1306 634 1343 inter
651 1303 725 1339 duo
743 1300 807 1336 hos
825 1306 945 1348 partus
962 1292 1227 1344 interpretatio,
1256 1304 1339 1328 cum
1367 1299 1515 1341 uterque
1532 1288 1678 1334 habeat,

363 1379 461 1431 quod
490 1373 672 1427 judicium
699 1368 876 1406 inclinare
900 1365 1015 1416 poffit.
1082 1362 1194 1414 Qod
1230 1358 1389 1397 Pollioni
1424 1358 1596 1409 inscripta
1631 1358 1679 1395 est

364 1448 522 1496 Ecloga,
547 1455 614 1494 pro
643 1438 763 1490 priore
789 1434 960 1485 opinione
985 1431 1090 1475 facit,
1117 1428 1415 1481 quandoquidem
1443 1427 1474 1464 is
1501 1427 1593 1464 inter
1618 1439 1680 1464 eos

365 1518 454 1560 fuit,
482 1526 544 1565 per
572 1523 661 1562 quos
689 1519 760 1559 pax
793 1503 1016 1543 Brundusma
1037 1500 1111 1538 fuit
1139 1499 1355 1549 compofita:
1385 1497 1503 1535 miffus
1532 1505 1609 1533 erat
1634 1494 1681 1532 ab

364 1583 548 1626 Antonio,
572 1580 634 1617 cui
665 1578 737 1615 fuit
767 1573 954 1612 familiaris
982 1582 1018 1611 et
1050 1570 1336 1612 studiofiffimus;
1363 1582 1408 1605 ex
1440 1566 1577 1618 nuptiis
1595 1568 1687 1604 adeo

364 1659 441 1708 ejus
469 1666 552 1691 cum
587 1647 740 1686 octavia
769 1644 866 1683 haud
893 1655 1020 1693 parum
1049 1640 1166 1677 laetam
1197 1638 1294 1689 spem
1324 1635 1514 1687 conprere
1541 1635 1682 1683 debuit.

368 1725 453 1764 Nec
472 1722 600 1762 obstat,
624 1715 723 1768 quod
742 1714 839 1751 idem
860 1710 978 1748 Pollio
997 1722 1082 1747 mox
1111 1707 1242 1745 iterum
1272 1705 1312 1743 in
1342 1704 1497 1742 Antonii
1525 1704 1686 1756 partibus

370 1793 467 1838 fuit3
494 1791 542 1828 est
559 1787 657 1826 euim
688 1798 741 1822 res
769 1795 816 1821 ex
846 1782 921 1832 ejus
947 1779 1049 1825 anni,
1080 1791 1152 1830 quo
1171 1790 1242 1829 pax
1264 1775 1434 1821 factaest,
1461 1774 1549 1813 aeus
1573 1774 1687 1826 dispi-

368 1859 512 1901 cienda.

423 1929 506 1979 Jam
535 1923 635 1976 quod
660 1921 704 1959 ad
730 1917 906 1956 Pollionis
933 1917 1065 1960 filium,
1094 1913 1322 1956 Saloninum,
1341 1913 1452 1964 vulgo
1470 1925 1489 1950 e
1509 1911 1686 1951 Servianis

369 1996 587 2041 commentis
606 1993 730 2043 (idque
760 1988 894 2027 caeteris
922 1987 1062 2025 doctius
1090 1985 1320 2037 persequutus
1348 1985 1395 2021 est
1419 1984 1578 2021 Boecler.
1596 1982 1685 2022 Diff.

373 2069 494 2109 Aead.
511 2067 624 2103 Tom.
644 2063 698 2107 II,
723 2074 807 2112 pag.
830 2060 918 2109 388)
948 2067 1009 2095 aut
1027 2056 1074 2094 ad
1092 2055 1254 2093 Salonini
1270 2054 1432 2099 fratrem,
1452 2055 1499 2093 C.
1519 2054 1689 2092 Afinium

374 2138 542 2179 Gallum,
561 2148 605 2171 ex
623 2133 696 2170 alio
715 2131 788 2168 istis
805 2126 1073 2168 commentariis
1100 2124 1227 2163 adsuto
1256 2137 1375 2175 panno
1398 2123 1445 2160 ad
1470 2139 1507 2162 ν.
1541 2138 1603 2169 11,
1627 2133 1690 2162 aut

373 2207 422 2245 ad
451 2203 625 2246 Drusum,
652 2214 673 2237 a
699 2200 780 2236 viro
803 2198 911 2235 docto
939 2196 978 2233 in
1005 2202 1200 2233 comment.
1220 2192 1384 2229 Trevolt.
1409 2205 1520 2243 1703,
1546 2206 1629 2243 pag.
1650 2206 1690 2244 7,

374 2288 429 2313 res
460 2272 624 2315 refertur,
660 2269 700 2306 id
731 2278 933 2318 temporum
967 2276 1159 2314 rerumque
1188 2260 1388 2299 rationibus
1420 2272 1607 2312 repugnat.
1638 2263 1690 2302 cf.

375 2346 509 2384 Ruaeus
534 2355 588 2393 pr.
606 2340 711 2389 hujus
729 2339 891 2389 Eclogae.
944 2337 1069 2375 Multo
1088 2349 1173 2373 vero
1191 2333 1430 2372 molestiorem
1456 2343 1492 2370 et
1510 2334 1607 2370 nulla
1622 2347 1692 2384 ope

375 2415 549 2453 tuendam
576 2410 752 2448 rationem
773 2408 961 2460 proposuit
979 2407 1176 2458 Vignolius
1196 2405 1250 2454 (in
1267 2403 1426 2442 Biblioth.
1446 2404 1561 2441 Germ.
1578 2403 1691 2441 Tom.

378 2481 558 2524 XXXV.
579 2493 662 2531 pag.
688 2492 755 2530 173
773 2477 866 2529 sqq.)
892 2476 956 2527 qui
979 2476 1073 2513 hanc
1097 2475 1271 2525 Eclogam
1289 2473 1328 2510 in
1347 2486 1479 2509 annum
1504 2485 1579 2523 730
1602 2485 1690 2512 con÷

375 2555 483 2606 jecit,
512 2562 551 2590 ut
578 2560 698 2587 tamen
717 2563 752 2589 v.
777 2562 789 2585 1
805 2562 817 2586 1
841 2547 886 2585 de
914 2546 973 2586 M.
992 2545 1122 2586 Tullio
1147 2543 1343 2587 Cicerone,
1365 2540 1435 2582 ,Μ.
1465 2540 1506 2579 F.
1535 2540 1695 2579 Consule

378 2623 524 2661 suffecto
553 2633 643 2672 724,
675 2617 849 2669 accipiat,
874 2626 910 2654 et
936 2616 1046 2654 Tullio
1070 2628 1137 2666 pro
1167 2612 1271 2652 Pollio
1297 2613 1410 2662 legat,
1436 2620 1472 2648 et
1489 2610 1536 2647 ad
1554 2622 1695 2661 magnae

379 2705 459 2731 aerae
477 2688 736 2727 Alexandrinae
760 2686 923 2731 initium,
954 2687 1054 2737 quod
1071 2699 1092 2723 a
1109 2683 1234 2736 magni
1251 2682 1348 2732 cycli
1373 2679 1601 2723 canicularis,
1627 2676 1693 2728 qui

380 2760 428 2797 est
451 2761 541 2809 1461
573 2770 763 2802 annorum,
789 2756 932 2794 decimo
961 2766 1089 2806 quarto
1127 2754 1257 2792 saeculo
1282 2750 1513 2804 procedebat,
1544 2746 1694 2791 retulit;

380 2843 461 2887 quae
477 2829 650 2869 sententia
667 2843 752 2867 cum
769 2829 937 2874 haetenus
963 2827 1119 2880 speciosa
1143 2827 1199 2870 fit,
1228 2834 1269 2864 ut
1294 2823 1399 2863 valde
1415 2819 1605 2880 probabile
1616 2818 1695 2861 fiat,

797 2911 812 2940 1
1550 2895 1696 2942 poetam
