1987 3361
478 289 597 325 v111
860 274 1415 328 PRAEFATIO

479 421 654 485 Qam
687 416 1025 486 interpretum
1054 415 1154 469 five
1180 416 1454 470 sollertiam
1481 418 1580 472 five
1605 420 1782 475 indus-

477 512 629 561 triam
653 528 773 560 cnm
802 508 932 579 saepe
959 510 1012 560 in
1047 509 1233 580 puerili
1271 510 1490 562 lectione
1531 511 1783 565 desidera-

474 605 596 663 rim,
638 603 858 654 aliorum
885 602 1018 654 votis
1048 601 1295 654 fimilibus
1335 601 1450 655 satis
1489 602 1651 656 facere
1683 601 1785 655 hoc

473 695 706 747 instituto
732 693 891 744 volui.
972 694 1314 764 Qatnquam
1353 695 1492 746 enim
1531 696 1618 746 illa
1655 695 1785 748 ratio

473 785 648 856 paullo
696 785 811 854 plus
854 783 1169 835 difficultatis
1214 784 1267 836 in
1310 784 1359 836 se
1406 785 1590 848 habet,
1624 806 1785 859 quam

475 876 774 946 promittere
802 874 1022 935 videtur,
1066 874 1168 926 sine
1207 876 1294 926 tali
1326 888 1498 928 tamen
1532 877 1784 948 interpre-

477 966 682 1018 tationis
730 984 914 1036 genere
960 966 1051 1016 vix
1100 965 1236 1017 ullus
1282 986 1429 1018 verus
1474 966 1672 1020 fructus
1720 968 1785 1020 ad

475 1057 783 1129 elegantiam
817 1068 866 1106 et
907 1055 1101 1126 ingenii
1129 1057 1531 1126 perpolitionem
1558 1070 1644 1110 aut
1669 1077 1785 1112 ora-

475 1148 628 1198 tionis
668 1146 1058 1197 exornationem
1097 1163 1162 1196 ex
1203 1145 1373 1216 poetae
1413 1148 1635 1199 lectione
1669 1149 1784 1222 capi

474 1239 657 1311 potest.

551 1332 710 1382 Poeta
748 1328 852 1400 ipse
891 1348 954 1381 ex
991 1331 1276 1382 Burmanni
1314 1331 1622 1394 recensione,
1662 1352 1782 1404 quae

477 1421 815 1474 Heinsianam
854 1421 1099 1493 sequitur,
1140 1423 1289 1474 unice
1327 1423 1587 1495 expressus
1625 1425 1780 1486 est*,·

473 1530 568 1561 nec
582 1511 864 1581 quicquam
879 1511 930 1561 in
949 1524 1193 1564 contextu
1212 1526 1500 1573 mutatum3
1523 1533 1628 1565 non
1639 1515 1782 1586 quod

475 1622 580 1654 non
607 1603 772 1653 multa
792 1604 904 1654 loca
933 1604 985 1654 in
1015 1605 1237 1676 Virgilio
1265 1604 1432 1657 adhuc
1465 1620 1551 1658 aut
1590 1608 1782 1659 mendo

473 1707 558 1746 aut
587 1693 763 1744 mendi
791 1692 1078 1766 suspicione
1104 1696 1330 1747 laborare
1355 1696 1667 1758 existimem,
1692 1717 1782 1750 ve-

473 1805 585 1838 rum
614 1787 863 1857 quoniam
892 1789 1157 1839 innovatio
1193 1791 1363 1840 omnis
1403 1791 1458 1841 in
1494 1798 1640 1842 textu
1677 1811 1781 1846 non

475 1876 633 1927 modo
649 1876 863 1945 periculi
881 1890 929 1928 et
948 1877 1280 1932 dubitationis
1299 1879 1450 1932 habet
1467 1883 1778 1952 plurimum,

472 1985 654 2019 verum
670 1967 841 2026 etiam,
859 1968 986 2020 dum
1008 1969 1220 2020 subinde
1241 1990 1373 2022 nova
1400 1968 1781 2044 exemplarium

472 2056 808 2127 discrepantia
834 2056 1067 2117 infertur,
1105 2078 1162 2109 ea
1196 2078 1272 2110 res
1303 2061 1419 2130 plus
1456 2062 1704 2115 molestiae
1730 2076 1780 2114 et

472 2146 613 2198 taedii
635 2165 791 2217 quam
814 2145 1012 2200 fructus
1037 2161 1085 2199 et
1107 2150 1342 2202 utilitatis
1370 2149 1543 2211 affert3
1573 2166 1627 2204 ut
1653 2152 1780 2205 adeo

472 2255 537 2287 ex
559 2255 664 2307 quo
689 2237 845 2289 lectio
872 2240 1083 2311 alicujus
1113 2239 1369 2312 scriptoris
1396 2241 1551 2294 semel
1586 2242 1684 2296 fuit
1716 2244 1780 2297 ad

473 2327 709 2379 codicum
750 2328 910 2381 fidem
943 2345 1171 2384 accurate
1213 2332 1328 2386 satis
1369 2335 1659 2398 constituta,
1700 2357 1777 2398 ea,

472 2440 590 2492 quae
620 2421 718 2473 five
752 2423 950 2493 ingenii
985 2426 1222 2477 acumine
1264 2426 1361 2479 five
1400 2428 1642 2480 codicum
1679 2448 1778 2500 ope

472 2513 660 2564 mutari
684 2514 889 2584 poflint,
912 2514 1006 2566 nisi
1022 2516 1186 2587 ipsam
1203 2515 1459 2588 scriptoris
1479 2516 1778 2582 sententiam

470 2603 715 2665 afficiant,
754 2607 888 2657 notis
916 2619 965 2658 et
991 2606 1432 2661 observationibus
1460 2608 1643 2662 servari
1666 2629 1778 2662 ma·-

470 2694 586 2756 lim.
654 2695 847 2747 Nullus
867 2715 1022 2767 porro
1039 2698 1166 2750 alius
1183 2697 1330 2750 facile
1349 2705 1503 2770 po‘eta
1517 2713 1602 2752 aut
1617 2699 1778 2772 scrip-

839 2819 861 2841 *
889 2819 932 2857 In
943 2827 1057 2873 prima
1075 2822 1213 2861 scilicet
1231 2816 1403 2864 editione.

1698 2901 1780 2940 tOl‘
