1987 3361
492 309 554 346 1v
857 284 1416 342 PRAEFATIO

493 453 674 486 omnes
719 452 746 483 a
786 451 869 483 me
918 431 1171 502 perlectos
1214 426 1327 485 esse,
1365 425 1631 477 neminem
1657 444 1684 477 a
1714 442 1798 476 me

492 526 762 594 expectare
789 522 976 573 velim:
1022 521 1190 590 primo
1225 519 1339 569 loco
1367 517 1619 574 Servium,
1647 516 1802 568 Probi

494 613 704 664 lacinias
732 629 850 662 cum
877 608 1184 678 exscriptore
1212 606 1355 674 Julio
1383 604 1590 664 SabinO,
1625 603 1804 655 Dona--

496 716 608 754 tum
647 714 694 752 et
729 700 1129 769 Pliilargyrium,
1157 709 1268 747 tum
1299 693 1571 746 Heinsium
1598 706 1646 745 et
1674 695 1804 746 Bur-

495 811 768 852 mannum,
810 807 838 840 a
877 789 1064 860 quibus
1103 800 1273 838 tamen
1318 783 1379 834 ad
1425 783 1806 855 interpretatio-

495 904 617 937 nem
647 902 831 955 parum
862 882 1063 934 fructus
1094 878 1246 939 feras,
1290 878 1535 936 Cerdam,
1578 873 1806 927 doetiffi-

496 995 643 1027 mum
682 976 1031 1045 interpretem,
1073 983 1255 1041 proeter
1294 969 1563 1021 Guellium
1589 978 1637 1017 et
1662 962 1807 1017 Urfi-

496 1085 646 1126 num,
688 1082 807 1115 cuni
837 1062 1092 1119 Martino‚
1135 1059 1400 1110 interdum
1441 1058 1712 1108 Catroeum
1757 1066 1807 1105 et

499 1158 745 1215 Ruaeum,
772 1157 1003 1207 evolvere
1027 1152 1141 1203 satis
1165 1150 1354 1202 habui:
1398 1169 1424 1200 e
1451 1149 1638 1221 quibus
1662 1165 1808 1198 com—

498 1245 761 1297 mentariis
801 1244 1089 1314 plurimum
1133 1259 1218 1291 me
1257 1237 1523 1310 profeciffe
1557 1256 1663 1289 non
1689 1234 1809 1287 infi-

501 1336 620 1396 tior,
651 1335 780 1406 saepe
809 1348 979 1385 tamen
1007 1332 1096 1383 vix
1119 1350 1201 1382 me
1224 1330 1475 1388 continui,
1504 1347 1608 1399 quo
1635 1327 1808 1378 minus

501 1444 586 1476 eos
633 1423 869 1474 manibus
914 1421 1132 1472 omnino
1179 1419 1508 1490 deponerem,
1554 1435 1675 1468 cum
1715 1435 1810 1468 nec

502 1515 618 1568 satis
665 1515 783 1566 inde
829 1512 1084 1570 utilitatis,
1141 1511 1279 1562 taedii
1319 1529 1439 1561 vero
1491 1506 1811 1560 immensum

501 1620 779 1678 quantum,
811 1606 870 1655 ad
895 1623 977 1654 me
1003 1603 1208 1655 rediret.
1265 1601 1552 1652 Destitutus
1578 1599 1719 1650 enim
1744 1597 1808 1650 ab

502 1702 565 1752 iis
594 1700 644 1750 in
672 1699 732 1749 iis
758 1697 877 1768 ipfis
904 1696 1049 1756 locis,
1093 1695 1145 1745 in
1174 1693 1361 1764 quibus
1389 1709 1569 1742 eorum
1596 1707 1810 1760 operam

503 1789 864 1846 desiderabam,
905 1788 955 1838 in
996 1786 1211 1843 caeteris,
1255 1803 1370 1856 quae
1405 1783 1608 1833 nullum
1635 1780 1812 1832 alienae

504 1881 617 1950 opis
656 1877 960 1929 desiderium
1002 1875 1276 1933 faciebant,
1329 1887 1434 1925 tam
1477 1869 1711 1943 copiosos
1756 1888 1815 1920 ac

505 1971 688 2022 doetos
732 1989 818 2021 eos
863 1969 958 2021 esse
1001 1968 1259 2027 videbam,
1307 1980 1384 2028 ut,
1427 1961 1691 2037 quomodo
1738 1975 1815 2014 tot

507 2062 818 2132 elegantium
846 2075 893 2112 et
921 2076 1184 2112 acutarum
1206 2059 1621 2111 observationum
1642 2054 1817 2107 fruetu

506 2151 846 2204 adolescentes
893 2171 985 2203 nec
1029 2153 1179 2222 plane
1229 2151 1504 2222 privarem,
1557 2165 1651 2198 nec
1695 2164 1818 2197 cum

509 2242 665 2293 taedio
703 2243 952 2300 satiarem,
1002 2262 1108 2293 non
1154 2242 1268 2293 satis
1313 2239 1616 2291 invenirem,
1696 2235 1819 2287 Alia
1888 2237 1891 2239 ’

508 2346 683 2384 contra
722 2333 775 2383 in
815 2331 874 2381 iis
922 2350 1075 2402 prave
1121 2345 1345 2400 accepta,
1389 2327 1523 2378 male
1565 2323 1814 2396 exposita,

510 2437 593 2476 aut
634 2425 688 2474 in
726 2425 956 2475 tenebras
993 2424 1225 2475 involuta
1263 2420 1357 2474 effe
1397 2419 1656 2480 videbam,
1698 2437 1817 2490 quae

510 2514 645 2568 mihi
678 2516 877 2568 nullam
915 2518 1063 2588 plane
1103 2515 1462 2568 difficultatem
1496 2511 1680 2563 habere
1715 2508 1820 2562 visa

511 2621 687 2667 erant‚·
724 2622 781 2660 ut
807 2628 1051 2680 magnam
1078 2608 1370 2660 doetrinam
1395 2604 1656 2657 ostendere
1681 2616 1729 2654 et
1755 2602 1819 2653 ad

512 2698 711 2751 vastum
756 2699 871 2752 satis
917 2700 1346 2752 commentarium
1397 2716 1568 2749 meam
1609 2712 1819 2766 operam

512 2787 724 2843 educere
762 2790 1053 2863 potuissem,
1092 2791 1129 2844 fi
1167 2810 1233 2845 ex
1272 2787 1562 2843 refellendis
1597 2787 1819 2842 aliorum

1719 2875 1821 2928 five
