1821 3381
298 260 843 323 GEORGICON‚

930 259 1082 311 ΜΒ.
1153 258 1220 309 11.
1304 255 1398 326 383

69 398 188 455 Non
212 419 284 450 res
309 400 559 456 Romanae,
579 399 884 461 perituraque
906 406 1080 459 regna;
1126 410 1279 457 neque
1301 394 1401 467 ille,

72 495 174 545 Aut
197 493 352 542 doluit
374 488 598 539 miserans
623 488 834 551 inopem,
857 497 939 534 aut
964 485 1138 534 invidit
1161 486 1378 534 habenti.

118 638 194 682 498.
218 650 260 670 res
277 638 406 670 Gomanae
428 634 575 666 Reiskius
603 631 805 670 emendabat,
831 631 864 663 id
891 631 946 670 est,
970 632 1122 664 Armenae
1144 633 1197 665 vel
1222 633 1406 678 Parthicaeg

13 720 16 724 ,
72 691 151 722 'cum
176 689 347 731 indignum
373 693 481 729 poeta,
506 692 538 717 et
555 685 687 727 quidem
713 686 875 722 Romano,
903 684 952 723 fit,
967 685 1200 727 rempublicam
1217 687 1405 718 Romanam

70 745 203 787 peritura
218 751 306 784 regna
322 738 491 782 appellare.
538 736 620 769 conf.
642 737 765 768 Notam
781 735 934 767 nostram.
978 736 1089 766 Simile
1106 736 1173 768 fere
1196 748 1330 768 acumen
1349 746 1400 767 ar-

77 793 221 836 gutantis
238 789 450 822 Grammatici
474 787 518 820 est
540 788 625 831 apud
642 786 805 818 Rufinian.
828 787 869 818 de
900 786 1015 818 schem.
1043 788 1138 820 Dian.
1167 799 1239 830 pag.
1259 790 1333 827 267⁵
1350 788 1404 830 (1Πῖ

79 843 188 876 locum
205 844 289 874 inter
307 853 358 874 eas
373 840 492 884 figuras
507 839 618 879 refert,
645 850 718 871 cum
736 838 840 870 dicere
865 838 1031 870 manifeste
1061 850 1177 881 parum
1203 848 1311 871 tutum
1337 841 1404 872 est<

77 894 212 928 noluiss'e
241 895 321 926 adeo
347 893 525 936 Virgilium
542 893 667 924 dicere:
691 892 760 924 Non
789 903 833 922 res
856 893 993 922 Romanae
1014 894 1163 934 peritum.
1208 893 1406 934 Argutantis

80 946 299 979 Grammatici
314 955 457 978 acumen.

82 998 183 1030 tione.

69 1127 207 1180 scripta
233 1129 299 1168 effe
327 1137 364 1168 et
394 1128 559 1167 feruntur
582 1136 620 1166 et
651 1127 709 1165 vi-

75 1179 226 1226 dentur,
270 1182 366 1219 inter
409 1180 709 1231 consanguinem,

76 1231 267 1270 Phraatem
295 1242 332 1269 et
362 1232 586 1276 Tiridatem,
622 1244 711 1281 quos

75 1296 142 1333 per
179 1284 307 1322 fratres
344 1284 518 1327 declarat,
559 1283 709 1334 agitata.

77 1335 173 1374 Sane
198 1336 308 1374 etiam
339 1337 380 1373 in
407 1335 582 1374 Armenia
599 1336 711 1385 majo-

75 1396 133 1432 re,
175 1392 261 1429 curn
311 1387 474 1426 Artaxiae
512 1387 713 1424 Artabazes

77 1439 176 1477 filius
221 1439 438 1483 succefliffet,
490 1439 625 1477 bellum
677 1436 712 1474 ei

77 1490 191 1528 civile
224 1504 246 1528 a
278 1491 444 1542 Tigrane
476 1491 602 1535 fratre,
638 1488 715 1526 Ro-

78 1553 140 1580 ma
166 1542 211 1580 ab
238 1543 408 1580 Armenis
437 1543 609 1587 arcessito,
637 1553 716 1578 mo-

79 1601 159 1632 tum
197 1594 268 1639 est,
311 1607 434 1631 verum
464 1594 540 1632 haec
572 1593 612 1630 in
652 1605 715 1629 an-

80 1658 171 1683 num
205 1659 296 1696 734,
327 1645 511 1683 decimum
541 1658 562 1681 a
593 1657 715 1695 pugna

80 1697 249 1742 Affiaca,
284 1697 489 1748 proximum
517 1706 597 1733 ante
626 1695 713 1732 Vir-

81 1749 166 1799 gilii
206 1749 364 1792 obitum,
398 1749 581 1786 incidunt.
635 1746 714 1784 vid.

81 1801 164 1840 Dio
199 1800 307 1846 LIV,
343 1814 382 1850 9.
434 1801 601 1838 Catroeus
634 1798 716 1850 qui-

83 1854 168 1890 dem
187 1851 381 1890 secundam
407 1852 565 1902 aliquam
590 1851 714 1888 Geor-

82 1904 251 1956 gicorum
283 1904 524 1941 recensionem
562 1903 715 1940 commi-

83 1955 253 2001 niscitur,
288 1956 350 1993 sed
384 1956 485 1993 nullo
519 1955 623 2005 plane
653 1963 715 1991 aut

84 2006 159 2044 levi
181 2016 405 2058 argumento,
468 2007 563 2044 Daci
581 2016 716 2050 autem,

83 2057 150 2108 qui
169 2059 349 2096 montium
364 2060 453 2109 juga
475 2069 572 2096 trans
587 2058 717 2094 Istrum

86 2110 311 2154 incolebant,
324 2111 421 2147 unde
437 2111 622 2160 descendens
641 2111 717 2146 Da—

86 2177 158 2206 cus,
177 2171 218 2198 ut
236 2161 308 2198 fere
326 2162 476 2213 semper,
505 2168 624 2213 quotics
646 2177 718 2198 con-

84 2224 191 2251 cretus
202 2213 282 2266 gelu
300 2214 479 2252 Danubius
484 2217 656 2265 junxerat
673 2218 720 2250 ri·

80 2274 162 2315 pas,
187 2269 356 2302 decurrere
370 2265 523 2314 solebant
550 2275 585 2301 et
603 2269 722 2301 vicina

81 2316 253 2366 populari,
286 2316 410 2354 Florus
442 2316 516 2360 IV,
554 2329 612 2358 12,
646 2319 718 2353 18:

88 2366 218 2404 itaillo
238 2378 397 2419 tempore
411 2368 568 2418 Mysiam
579 2378 614 2404 et
635 2379 720 2404 mox

89 2418 291 2457 Thraciam
324 2419 519 2457 vastabant.
591 2417 722 2455 Miffus

88 2470 257 2508 adversus
283 2484 347 2508 eos
382 2481 419 2508 et
454 2471 634 2507 Bastarnas
662 2469 720 2507 M.

88 2522 246 2565 Craffus,
261 2523 308 2560 C.
328 2522 470 2560 Caesare
496 2521 549 2565 V,
576 2531 613 2559 et
641 2521 722 2559 Sex.

89 2573 250 2624 Apuleio
268 2574 364 2611 Coff.
384 2573 437 2612 U.
456 2573 504 2612 C.
524 2580 611 2624 725.
649 2572 725 2610 Dio

90 2623 160 2669 LI,
173 2638 206 2662 c.
224 2638 270 2673 23
289 2625 366 2676 sqq.
419 2626 504 2674 Ister
517 2628 720 2676 conjuratus,

89 2674 128 2712 h.
148 2676 272 2726 populi
292 2677 337 2714 ad
362 2675 503 2721 Istrum,
530 2675 594 2725 qui
625 2689 723 2712 arma

91 2740 176 2764 cum
202 2727 248 2764 iis
269 2727 467 2766 sociabant.
522 2726 579 2764 Ex
607 2728 725 2764 nostro

92 2778 228 2816 Statius
244 2778 263 2815 I
281 2779 402 2817 Theb.
425 2793 473 2818 20
491 2780 538 2816 Et
554 2781 727 2830 conjurata

89 2831 225 2883 dejeb‘ios
261 2837 386 2870 vertice
420 2831 544 2872 Dacon
610 2830 728 2870 Iidem

547 953 623 987 499.
635 944 763 989 mzserans
777 952 831 975 aut
843 954 893 974 nen
904 944 1011 975 invidit
1028 943 1170 983 Zulich.,
1185 954 1223 976 ex
1234 944 1408 988 interpolas

772 1127 875 1166 'Daci
893 1128 1108 1170 rebellarunt
1128 1129 1190 1185 Q
1213 1133 1411 1171 Tuberone

775 1189 813 1217 et
846 1179 971 1219 Paullo
995 1183 1109 1222 Fabio
1143 1184 1242 1224 Coss'.
1272 1185 1324 1223 U.
1357 1186 1410 1225 Co

779 1244 870 1282 743,
905 1234 952 1269 ad
987 1248 1092 1284 quem
1134 1248 1267 1273 annum
1307 1236 1410 1274 Flori

777 1283 877 1320 locus
888 1284 1094 1324 referendus
1107 1287 1174 1325 effe
1185 1287 1306 1326 videtu
1312 1303 1340 1326 r.
1359 1288 1412 1327 cf.

778 1333 926 1373 Sueton.
955 1336 1085 1376 octav.
1114 1351 1146 1375 e.
1177 1352 1238 1378 21.
1292 1341 1413 1378 Caetee·

778 1398 860 1423 rum
887 1387 1103 1438 Epicuream
1128 1390 1338 1441 sapientiam
1364 1392 1413 1429 ab

779 1436 884 1474 omni
913 1440 1100 1491 republica
1130 1442 1293 1480 homines
1326 1457 1413 1481 avo-

780 1489 883 1532 caffe,
909 1503 964 1527 res
990 1492 1036 1528 est
1059 1492 1142 1530 satis
1169 1505 1256 1531 nota
1280 1497 1338 1534 vel
1364 1507 1411 1533 ex

781 1539 972 1580 Ciceronis
988 1542 1307 1594 disputationibus.

832 1597 920 1642 498.
943 1602 1097 1643 peritura
1113 1613 1234 1649 regna,
1252 1612 1331 1647 quae
1353 1611 1415 1650 pe·

779 1655 897 1689 reunt,
925 1646 1078 1691 afflic‘ta3
1114 1647 1153 1684 in
1180 1649 1304 1700 prosa3
1343 1650 1414 1688 im-

781 1696 965 1744 periorum
1020 1699 1153 1744 ruinas,
1202 1702 1414 1747 eversiones,

780 1747 948 1786 interitus
965 1747 1017 1786 nil
1041 1763 1165 1797 curat3
1191 1762 1298 1803 atque
1324 1755 1416 1791 adeo

782 1814 832 1835 res
851 1800 1013 1838 Romame
1037 1801 1282 1854 intelligendae
1308 1805 1417 1843 vicist-

782 1849 951 1889 fitudines
1000 1863 1036 1890 et
1080 1854 1227 1892 fortuna
1272 1857 1417 1907 imperii

784 1900 957 1940 Romani.
1011 1905 1102 1942 Sunt
1126 1917 1245 1944 autem
1267 1908 1341 1945 haec
1357 1923 1419 1946 ac-

776 1955 1007 1992 commodate
1079 1958 1124 1994 ad
1201 1959 1416 2010 hypothesin

784 2004 951 2056 Epicuri,
987 2018 1022 2044 et
1049 2007 1147 2046 intra
1177 2012 1253 2060 ejus
1284 2013 1422 2062 placita.

782 2057 1008 2108 accipienda.
1063 2061 1217 2113 Alioqui
1236 2065 1347 2106 enim,
1378 2064 1419 2101 in

782 2109 864 2146 cive
889 2109 1069 2156 Romano,
1105 2113 1257 2163 impium
1287 2115 1357 2152 hoc
1384 2127 1420 2153 et

784 2160 992 2198 sceleratum
1004 2164 1110 2208 foret,
1125 2166 1333 2217 reipublicae
1347 2167 1420 2206 sor*³

785 2221 857 2249 tem
870 2212 922 2250 nil
939 2227 1076 2254 curare.

840 2277 928 2316 499.
957 2281 1056 2317 neque
1073 2267 1131 2306 ille
1147 2279 1208 2306 aut
1221 2269 1322 2307 doluit
1338 2271 1420 2318 (dm

787 2315 851 2364 let)
871 2321 1028 2367 miseram
1055 2326 1191 2370 inopem,
1219 2333 1279 2359 aut
1296 2326 1423 2360 invidit>

787 2366 938 2413 habenti,
965 2383 1039 2407 non
1062 2372 1199 2410 duritie
1226 2383 1262 2410 et
1285 2374 1422 2411 ferocia

788 2418 918 2464 animi,
953 2431 1015 2457 aut
1042 2422 1166 2461 Stoica
1194 2424 1314 2475 aliqua
1341 2439 1425 2475 apa-

784 2470 880 2516 thia,
906 2484 986 2521 quae
1009 2475 1116 2519 male,
1139 2489 1159 2511 a
1177 2476 1299 2513 Servio
1323 2476 1422 2519 inde,

790 2523 861 2559 huc
888 2525 1102 2569 advocatur,
1134 2526 1193 2563 sed
1227 2540 1290 2564 nec
1323 2528 1424 2565 dolet

789 2586 856 2611 nee
883 2573 1037 2621 invidet,
1064 2579 1163 2628 quod
1192 2578 1230 2614 in
1258 2591 1346 2628 agro
1372 2593 1425 2616 re-

787 2635 905 2662 motus
932 2627 978 2662 ab
1002 2629 1102 2665 omni
1128 2642 1323 2680 pauperum
1356 2631 1423 2667 mi-

787 2677 877 2713 seria
910 2687 946 2714 et
972 2678 1128 2717 divitum
1155 2682 1243 2717 luxu
1269 2694 1311 2718 ao
1336 2682 1427 2719 fastu

789 2727 949 2766 animum
968 2730 1013 2766 ab
1032 2731 1132 2768 omni
1151 2733 1425 2782 perturbatione

792 2793 944 2818 vacuum
987 2781 1118 2820 habere
1149 2784 1274 2834 potest.
1347 2785 1426 2822 Co:-

791 2832 890 2883 piose
936 2832 1086 2871 illustrat
1129 2836 1252 2873 locum
1299 2835 1424 2873 Burni„

1282 2887 1428 2927 Doceat·
