1987 3361
503 318 594 351 C1v
854 302 968 352 DE
1037 296 1459 354 VIRGILII

502 438 620 477 editio
647 437 954 490 Henricopetrina
986 438 1013 476 f.
1047 452 1158 490 1551,
1188 438 1335 489 repetita
1366 438 1431 475 illa
1459 451 1560 482 mox,
1585 446 1621 476 et
1635 438 1818 479 variorum

503 499 736 549 interpretum
767 498 1050 536 Commentariis
1068 499 1298 547 locupletata,
1326 497 1382 535 seu
1404 506 1547 535 onerata
1565 507 1600 535 et
1616 498 1761 542 obruta,
1788 497 1817 536 f-

509 559 619 607 1561.
643 572 751 611 1575.
778 559 875 611 1586
892 568 927 596 et
944 558 1039 596 Lud.
1057 557 1165 595 Lucii
1184 557 1301 594 studio
1325 560 1434 606 1613.
1488 556 1602 609 Qod
1615 558 1819 609 exemplum

503 616 763 668 Henricopetri
793 617 912 668 operis
939 617 1094 655 librariis
1117 616 1394 668 exprimendum
1413 615 1620 662 tradiderit,
1647 616 1819 667 nusquam

502 688 734 716 memoratur.
786 678 887 715 Mihi
917 691 1001 715 cum
1029 676 1188 726 Juntinis
1205 676 1280 714 fere
1307 686 1343 714 et
1362 676 1441 714 aliis
1458 676 1609 715 Venetis
1626 675 1819 714 convenire

501 748 543 773 ea
560 737 675 775 editio
702 737 777 775 visa
793 738 853 776 est.
909 736 1094 787 Postquam
1115 735 1301 774 Fabricius
1316 737 1499 787 exemplar
1517 736 1619 774 suum
1638 737 1738 787 prelo
1754 748 1818 787 pa-

503 808 657 841 raverat,
683 806 733 841 et,
752 797 886 834 tametfi
907 797 1007 834 nullo
1026 796 1154 834 codiee
1174 795 1252 832 usus
1270 795 1367 838 effet,
1388 806 1506 833 tamen
1523 795 1615 833 illud
1631 808 1820 846 operarum

503 856 684 895 erroribus
717 866 953 908 purgaverat:
985 856 1110 905 Joach.
1142 856 1358 893 Camerarius
1385 855 1474 901 illud
1492 855 1712 906 descriptum
1731 853 1842 905 Lip-·

504 916 589 953 fiam
610 915 725 953 seeum
741 917 875 955 attulit.
931 917 1034 953 Hinc
1054 913 1234 965 Virgilius
1248 913 1398 952 excusus
1421 915 1531 965 1546.
1569 917 1678 966 1548·
1708 927 1818 966 155¹·-

509 989 521 1013 1
537 975 618 1027 556.
675 977 773 1014 Tum
793 976 981 1014 Fabricius
999 976 1140 1013 leffionis
1157 981 1364 1012 varietatem
1391 974 1530 1023 adjecit
1549 973 1670 1011 nescio
1686 987 1731 1011 an
1747 972 1822 1024 priv

503 1049 603 1073 mum
623 1035 660 1072 in
679 1036 768 1074 edit.
788 1037 942 1087 Argent.
975 1050 1031 1074 an.
1067 1048 1109 1087 15
1116 1048 1176 1086 57.
1231 1034 1333 1072 Hinc
1352 1051 1395 1073 ex
1421 1034 1629 1072 Fabricium
1648 1034 1821 1084 recenfione

503 1093 629 1145 saepius
646 1097 815 1146 repetitus
833 1095 1014 1146 Virgilius
1038 1110 1048 1132 1
1064 1095 1146 1145 568.
1172 1107 1262 1145 1591
1274 1123 1282 1131 .
1310 1096 1404 1146 1598
1422 1104 1458 1132 et
1474 1093 1569 1131 forte
1583 1093 1682 1130 alias.

556 1153 695 1191 Interea
726 1155 855 1206 Lipfiae
886 1154 1001 1206 prima
1034 1156 1096 1192 Ge.
1130 1155 1330 1203 Beffitmnni
1359 1157 1394 1192 8.
1431 1157 1521 1204 1581
1545 1151 1699 1204 prodiit,
1725 1150 1822 1189 bona

503 1211 635 1255 editio,
663 1212 723 1252 sed
741 1228 819 1264 quae
835 1213 973 1266 criticis
989 1214 1104 1251 usibus
1137 1225 1210 1249 non
1231 1211 1429 1249 admodum
1446 1211 1630 1249 inserviat.
1685 1209 1821 1261 Saepius

503 1283 544 1307 ea
562 1271 625 1309 sub
643 1275 780 1324 prelum
800 1282 964 1311 revocata
983 1273 1042 1310 est.

556 1332 844 1372 ‘Tauhmanniana
860 1332 974 1369 editio
989 1332 1114 1369 Viteb.
1173 1331 1287 1372 1618.
1313 1344 1349 1379 4.
1371 1330 1489 1366 Henr.
1505 1328 1676 1380 Stephani
1689 1326 1822 1366 editio-

503 1404 585 1430 nem
602 1392 792 1431 secundam
814 1393 987 1443 sequitur,
1015 1400 1054 1428 ut
1069 1392 1107 1428 in
1126 1391 1263 1441 praefat.
1281 1389 1411 1426 diserte
1431 1398 1660 1427 memoratur.

558 1451 728 1488 Ces-dame
741 1451 918 1489 editiones
931 1449 970 1486 in
986 1459 1104 1487 textus
1122 1449 1259 1486 ratione
1274 1448 1335 1484 vix
1350 1447 1548 1497 quidquam
1566 1447 1821 1494 immutarunt,

503 1523 570 1548 nec
590 1511 743 1548 multum
761 1510 917 1562 praefidii
934 1510 978 1546 ad
996 1522 1073 1546 eam
1095 1522 1170 1546 rem
1185 1508 1223 1545 in
1241 1507 1284 1544 iis
1298 1508 1357 1545 est.
1393 1506 1504 1544 Unde
1521 1517 1640 1545 tamen
1656 1508 1824 1557 expreffae

504 1570 586 1614 sint,
613 1570 774 1607 nondum
792 1569 924 1619 afi‘equi
942 1568 1059 1619 potui.

556 1632 826 1681 Antwerpiensts
852 1642 896 1665 ex
915 1628 1060 1665 officina
1078 1628 1303 1665 Flaminiana
1336 1625 1515 1664 editiones
1532 1638 1606 1663 non
1625 1625 1728 1664 unius
1743 1625 1823 1673 sunt

503 1690 658 1740 generis.
688 1689 807 1727 Prima
825 1689 896 1726 fuit
911 1703 929 1725 e
950 1686 1074 1726 Thead.
1096 1687 1283 1725 Pulmanni
1301 1686 1504 1723 recensione
1516 1694 1553 1722 et
1571 1685 1823 1724 emendatione

506 1752 543 1787 8.
583 1749 694 1801 1546,
723 1749 872 1800 repetita
901 1747 1070 1798 deinceps
1102 1747 1216 1799 ¹554·
1259 1760 1369 1798 1571.
1410 1747 1535 1797 15811.Δ
1560 1748 1668 1796 1588.
1711 1747 1822 1796 1589.

509 1823 620 1861 1591.
644 1810 752 1860 1596.
778 1811 886 1857 1604.
911 1809 1021 1859 1625.
1044 1808 1152 1857 1634.
1212 1805 1349 1843 Doceri
1367 1817 1551 1856 cuperem,
1577 1805 1623 1841 de
1641 1803 1824 1855 prioribus

504 1870 642 1913 saltem,
670 1881 715 1905 an
746 1868 839 1905 inter
862 1867 896 1904 se
910 1866 1058 1904 diversae
1076 1867 1142 1904 sint
1159 1882 1167 1910 ;
1195 1865 1269 1916 ipse
1287 1865 1324 1902 in
1342 1863 1553 1915 praefatione
1566 1863 1627 1901 ed.
1663 1867 1761 1915 1564
1775 1877 1823 1902 ex

506 1929 699 1966 collatione
714 1927 970 1977 exemplarium
990 1939 1073 1963 cum
1093 1924 1416 1975 manuscriptorum
1436 1933 1511 1960 tum
1529 1923 1622 1973 typis
1640 1923 1824 1974 impress‘ffi

505 2001 585 2025 rum
615 1992 762 2038 poetam
793 1985 827 2023 se
855 1985 1038 2023 restituisse
1081 1985 1280 2034 profitetur.
1335 1983 1436 2020 Idem
1474 1982 1599 2033 Chph.
1641 1983 1825 2021 Plautinus

506 2046 534 2085 f.
565 2060 658 2098 1575
690 2045 893 2096 Virgilium
920 2045 1036 2081 nitide
1062 2044 1337 2095 exprimendum
1366 2042 1507 2080 curavit
1535 2056 1620 2081 cum
1646 2042 1825 2083 Germani

510 2107 661 2145 Valentis
681 2104 822 2143 Guellii
844 2104 1226 2142 Commentationibus
1244 2102 1472 2154 pereruditis,
1499 2102 1560 2146 sed
1576 2116 1728 2153 quarum
1746 2112 1824 2141 tan-

507 2174 585 2203 tum
613 2165 651 2203 in
677 2165 970 2215 interpretatione.
988 2164 1080 2201 ratio
1096 2163 1222 2200 haberi
1240 2164 1365 2214 potest.
1420 2162 1589 2200 Tandem
1618 2162 1727 2202 etiam
1755 2162 1834 2199 Ah·

506 2225 602 2261 dinae
632 2224 806 2261 editiones
842 2228 936 2274 1558
967 2234 1026 2260 aut
1050 2226 1146 2274 1560
1162 2236 1245 2260 cum
1265 2221 1380 2258 Paulli
1396 2221 1560 2259 Manutii
1579 2221 1825 2259 adnotationi-

504 2284 571 2321 bus
599 2284 853 2334 marginalibus
882 2283 928 2320 ab
960 2283 1087 2322 eodem
1117 2282 1284 2320 Plantino
1303 2281 1367 2319 sub
1385 2282 1523 2332 prelum
1543 2295 1575 2320 a.
1600 2282 1699 2333 1566
1718 2295 1823 2320 revo-

507 2354 596 2381 catae
614 2344 705 2381 sunt.

560 2402 736 2453 Volgares
766 2403 960 2448 editiones,
988 2415 1138 2452 quarum
1173 2402 1298 2452 ingens
1334 2415 1502 2439 numerus
1544 2400 1825 2440 commemorari

507 2462 634 2513 posset,
662 2463 720 2500 hic
752 2477 824 2500 non
852 2476 1030 2500 curamus.
1086 2463 1177 2499 Inde
1205 2462 1250 2499 ab
1283 2475 1316 2499 a.
1341 2463 1436 2501 1622
1456 2463 1658 2513 procedunt
1679 2462 1825 2500 Elzevi-

509 2521 617 2559 rianae
637 2522 679 2560 L.
709 2523 748 2559 E.
780 2524 874 2560 doct.
893 2523 1002 2560 viror.
1036 2522 1282 2573 castigatione.
1315 2522 1407 2559 Ace.
1429 2521 1693 2561 Animadverff.
1721 2522 1824 2562 liber.

509 2580 568 2617 Ex
586 2582 711 2618 eodem
730 2596 860 2633 genere
886 2583 933 2619 est
952 2582 1029 2626 illa,
1057 2582 1117 2619 cui
1135 2581 1300 2632 praefatus
1320 2581 1367 2618 est
1388 2579 1484 2618 Dan.
1517 2580 1704 2625 Heinfius,
1727 2581 1826 2630 1636

508 2642 553 2678 P.
575 2643 619 2678 V.
637 2643 692 2679 M.
710 2643 823 2692 Opera
839 2658 921 2679 nunc
939 2644 1172 2680 emendatiora.
1230 2640 1317 2678 Non
1333 2650 1453 2678 tamen
1471 2649 1632 2691 apparet,
1650 2640 1826 2690 quidnam

509 2714 625 2749 operae
642 2701 696 2739 vir
709 2702 831 2738 doctus
847 2701 1066 2739 adhibuerit,
1120 2701 1178 2738 Est
1195 2700 1293 2737 enim
1322 2700 1397 2738 haec
1424 2714 1507 2738 cum
1527 2700 1607 2737 aliis
1621 2700 1706 2737 hinc
1723 2712 1824 2750 repe-

508 2759 585 2797 titis
613 2761 890 2810 inquinatiffima
917 2770 952 2797 et
982 2761 1050 2798 fine
1070 2761 1231 2798 lectionis
1259 2761 1406 2798 dilectu.
1460 2761 1523 2797 Ad
1541 2770 1679 2811 tergum
1698 2760 1826 2811 praefa-

510 2817 620 2857 tionis
636 2820 795 2870 appit‘tuS
813 2821 859 2857 est
886 2834 1013 2857 numus
1041 2834 1124 2858 cum
1144 2819 1300 2872 Virgilii
1319 2820 1452 2871 capite,
1481 2833 1553 2873 quo
1577 2819 1642 2857 fibi
1660 2819 1824 2859 fraudem

511 2879 586 2918 fieri
606 2881 717 2931 paffus
728 2881 775 2917 est
797 2880 852 2918 111
864 2880 1002 2918 doetus.

1655 2936 1827 2985 Tandem
