1987 3361
276 322 433 370 PER
461 281 762 369 *ANNOS
817 317 1205 366 DIGESTA.
1280 331 1426 364 cxc1x

100 454 236 492 Galliae
254 455 450 505 Cisalpinae
476 454 521 491 ab
551 451 715 490 Antonio
732 451 913 502 praefeRas
944 450 1059 488 fuerat
1080 450 1192 498 (conf.
1211 448 1363 486 Mardn.
1384 461 1422 498 p.

104 513 279 562 XL111);
309 514 378 550 hoc
398 525 507 556 anno,
535 525 626 562 713,
653 509 846 547 Octaviani
879 509 1002 560 copias
1033 509 1078 545 ab
1101 509 1251 559 Alpium
1271 507 1418 544 transitu

105 572 323 622 prohibuisse
342 580 574 613 memoratur,
602 569 677 606 vid.
700 567 855 618 Appian.
887 581 924 617 p.
950 570 1061 611 1088,
1089 577 1123 604 et
1143 567 1179 603 in
1199 567 1293 603 bello
1314 565 1419 602 Peru-

100 631 176 667 fino
195 631 272 680 ejus
289 631 328 667 fit
353 630 446 667 inter
478 629 587 666 duces
616 626 842 664 Antonianos
862 624 1011 668 mentio,
1039 625 1102 675 qui
1136 624 1380 662 Salvidienum
1400 636 1421 660 e

102 689 239 727 Galliis
258 690 459 728 Ooaviano
477 687 598 738 copias
617 685 853 723 adducentem
884 685 1104 735 persequuti,
1132 695 1166 722 et
1185 684 1230 722 L.
1251 683 1418 720 Antonio

102 746 283 799 suppetias
316 748 408 785 ferre
443 745 598 783 cunRati
633 744 713 781 sunt
745 743 836 780 ibid.
864 755 950 794 pag.
976 755 1069 793 ¹927
1092 743 1167 793 sqq.
1223 742 1347 793 Qum
1366 742 1413 781 L.

101 807 284 843 Antonius
305 819 397 843 anno
417 803 575 855 sequenti
593 803 626 840 se
643 801 833 840 dedidisset
851 815 860 839 :
891 815 971 839 cum
989 801 1048 844 iis,
1075 816 1159 852 quas
1175 802 1416 846 habebat,co-

99 864 171 914 piis
191 865 306 903 Pollio
324 864 502 914 profectus
518 864 581 906 est,
608 872 646 900 ut
668 862 828 898 Antonio
857 862 895 898 in
912 860 1056 897 Italiam
1073 861 1230 899 venienti
1247 874 1412 899 occurre-

95 932 168 969 ret3
197 923 235 960 in
254 923 382 960 itinere
400 921 605 959 Domitium
624 933 706 956 cum
725 919 840 970 copiis
854 918 918 956 fibi
934 920 1117 969 adjunxit.
1148 921 1224 958 vid.
1246 921 1408 971 Appian.

95 995 133 1032 p.
157 995 266 1030 1113.
292 994 397 1030 1114.
437 980 571 1018 Vellei.
603 978 655 1022 II,
692 981 741 1029 76
784 979 877 1015 Nam
909 978 1011 1016 Pollio
1043 980 1173 1028 Asinius
1201 984 1412 1030 cumsc'plem

93 1040 271 1092 legionibus
304 1043 361 1079 diu
389 1052 516 1078 retenta
535 1046 570 1076 in
582 1040 738 1088 pofqftate
762 1039 902 1075 Antonii
930 1039 1081 1081 Venetia,
1110 1041 1411 1089 magnisspecffissfi

94 1115 157 1150 que
175 1099 269 1137 rebus
283 1105 371 1137 circa
389 1099 541 1136 Altinum
568 1098 715 1148 aliasque
746 1100 814 1148 ejus
845 1103 982 1148 regionis
1011 1098 1107 1135 urbes
1124 1100 1216 1135 editis
1233 1098 1412 1136 Ausonium

88 1167 220 1207 petens,
247 1174 377 1209 ‘vagum
413 1158 523 1197 adhuc
550 1158 897 1207 Domilium-junxit
925 1157 1079 1194 Anlmn'o.
1134 1155 1254 1193 Potuit
1289 1156 1412 1207 itaque

93 1209 187 1253 inter
204 1217 266 1254 has
286 1230 400 1254 rerum
419 1214 674 1253 vicissitudines
691 1214 782 1259 fieri,
809 1225 849 1256 ut
869 1214 985 1257 Pollio
1002 1228 1047 1252 ex
1072 1215 1166 1267 agris
1185 1215 1411 1266 Transpada.-

96 1274 152 1312 nis
165 1276 418 1325 expelleretur.

146 1334 310 1372 Haberet
327 1335 395 1372 hoc
417 1335 573 1384 aliquam
592 1332 666 1370 veri
687 1333 840 1383 speciem
858 1349 868 1378 3
906 1332 966 1370 sed
989 1342 1065 1370 tuxn
1088 1333 1126 1370 in
1145 1333 1282 1371 Alfeno
1304 1333 1406 1374 Varo

92 1406 194 1435 novae
219 1394 444 1432 difficultates
471 1394 653 1435 oriuntur,
686 1405 792 1443 quem
821 1392 981 1429 nobilem
1014 1392 1152 1442 JCtum
1183 1396 1276 1432 male
1302 1398 1407 1435 nobis

96 1452 342 1491 Grammatici
356 1452 395 1489 in
412 1453 487 1489 haec
505 1461 665 1502 tempora
683 1450 865 1488 intrudere
888 1450 1069 1488 videntur.
1107 1465 1144 1489 v.
1166 1466 1303 1503 argum.
1327 1456 1407 1494 Ecl.

95 1511 169 1550 VI.
222 1513 261 1550 Si
287 1522 404 1550 tamen
435 1511 516 1549 satis
549 1512 583 1547 se
602 1511 656 1548 vel
687 1510 732 1547 de
750 1523 965 1561 quocunque
982 1509 1054 1546 alio
1076 1510 1176 1548 Varo
1192 1526 1233 1550 ea
1251 1516 1409 1552 narratio

95 1570 326 1621 probaverit:
355 1580 389 1608 et
413 1570 485 1607 fuit
508 1569 635 1619 aliquis
654 1568 771 1606 Varus
789 1568 953 1619 Virgilio
971 1569 1213 1616 amicissimus,
1240 1576 1299 1611 etfi
1330 1577 1410 1626 quis

96 1630 159 1668 ille
174 1630 298 1674 fuerit,
326 1643 397 1667 non
416 1629 462 1665 ad
478 1627 661 1678 liquidum
691 1627 838 1678 perduci
862 1628 997 1678 potest:
1039 1628 1114 1665 vid.
1135 1628 1284 1671 Excurs.
1305 1634 1341 1670 II
1359 1637 1406 1673 ad

97 1688 225 1726 Bucol.
250 1705 260 1734 3
289 1698 364 1725 tum
384 1688 474 1724 alius
492 1699 535 1724 ex
551 1686 724 1723 Serviano
742 1695 890 1724 centone
915 1686 1014 1723 locus
1033 1700 1105 1724 non
1124 1697 1195 1725 tam
1216 1690 1290 1728 falfi
1320 1708 1409 1731 con-

97 1747 272 1790 vincitur,
299 1761 409 1797 quum
429 1746 576 1782 innuere
591 1745 747 1789 videtur,
777 1746 894 1794 plures
913 1743 949 1781 in
968 1745 1011 1781 iis
1031 1746 1237 1796 regionibus
1256 1751 1407 1790 Trium-

102 1806 262 1843 virorum
281 1806 427 1857 negotia
444 1805 592 1842 curaffe:
623 1804 664 1841 ad
686 1804 761 1841 Eel.
781 1803 816 1839 V
822 1803 853 1845 I,
866 1806 915 1853 64
941 1803 1174 1856 Gallus—qui
1183 1818 1215 1844 et
1233 1827 1256 1846 a
1274 1809 1409 1850 Trium-

101 1871 191 1903 viris
202 1866 479 1916 proepofitusficit
497 1866 547 1901 ad
559 1865 735 1914 exigendas
745 1869 901 1912 pecunias
919 1862 964 1900 ab
982 1862 1032 1899 his
1050 1871 1244 1915 munkspffl,
1273 1885 1407 1920 qum-2073

95 1931 178 1976 agri
204 1930 239 1961 in
263 1924 509 1974 Transpadana
544 1928 667 1974 regione
693 1937 755 1958 non
782 1921 1036 1959 dividebantur.
1093 1922 1272 1962 Caeterum
1294 1928 1407 1974 vides,

97 1981 158 2019 hic
177 1994 317 2019 omnem
335 1981 433 2017 illam
450 1980 634 2017 licentiam
651 1981 724 2030 jam
746 1989 821 2016 tum
840 1979 1003 2029 viguisse,
1033 1995 1138 2031 quam
1155 1996 1218 2020 nos
1237 1985 1408 2037 superiori

100 2041 197 2078 bello
212 2040 421 2091 septennali,
448 2053 542 2076 novo
559 2039 681 2089 aliquo
700 2039 858 2076 militum
876 2039 1055 2085 acumine,
1083 2042 1130 2079 ad
1157 2042 1408 2095 despoliandos

100 2099 261 2137 homines
280 2099 505 2136 increbruiffe
526 2099 747 2149 putabamus.

149 2157 351 2209 Virgilium
371 2159 524 2196 Romam
543 2157 799 2203 discedentem,
827 2171 908 2195 narn
936 2157 1052 2209 ipsum
1081 2158 1236 2198 Romam
1266 2164 1406 2211 adiisse,

98 2230 144 2255 ex
178 2218 238 2262 iis,
266 2231 345 2268 quae
374 2217 525 2266 Tityrus
543 2217 586 2253 de
607 2218 638 2253 se
658 2227 777 2254 narrat
806 2216 886 2254 Ecl.
907 2217 941 2257 I,
971 2231 1018 2255 20
1049 2218 1140 2268 sqq„
1167 2223 1405 2266 contendunt,

98 2285 140 2313 ut
171 2288 274 2326 agros
306 2286 538 2325 recuperaret.
599 2275 800 2311 Octaviano
836 2275 970 2312 Caesari
1005 2279 1294 2317 commendatum
1325 2284 1407 2328 effe,

99 2346 220 2370 omnes
235 2334 307 2371 fere
325 2333 495 2376 tradunt3
526 2333 584 2369 sed
601 2332 660 2370 alii
684 2334 729 2369 ab
750 2333 875 2370 Afinio
898 2333 1075 2376 Pollione,
1094 2350 1127 2373 v.
1147 2337 1244 2375 Serv.
1259 2341 1304 2376 ad
1326 2340 1406 2381 Ecl.

99 2392 174 2435 IX,
200 2406 259 2430 11.
288 2392 422 2430 Donat.
443 2392 523 2431 Vir.
542 2392 650 2443 Virg.
671 2392 700 2433 ὅ,
725 2393 788 2440 36,
814 2392 878 2430 alii
908 2393 953 2429 ab
983 2394 1118 2431 Alfeno
1137 2396 1251 2441 Varo,
1291 2399 1353 2435 alii
1385 2414 1406 2438 a

101 2451 231 2492 Gallo,
259 2461 297 2487 ut
317 2451 425 2488 modo
442 2450 614 2495 vidimus,
641 2451 688 2488 cf.
717 2451 851 2487 Donat.
882 2451 913 2502 ᾗ
944 2465 1004 2499 30.
1032 2453 1095 2501 96,
1124 2454 1187 2491 alii
1203 2468 1284 2493 cum
1305 2456 1408 2496 Mar-

100 2508 187 2547 tiale
206 2508 316 2550 VIII,
338 2510 399 2559 56,
426 2518 461 2545 et
478 2510 593 2546 multo
611 2509 725 2559 magis
744 2523 826 2546 cum
857 2511 999 2546 aufflore
1018 2511 1200 2550 Carminis
1231 2516 1276 2551 ad
1310 2516 1409 2554 Piso-

99 2581 182 2607 nem
198 2583 234 2606 V.
256 2571 328 2610 218
349 2569 423 2619 sqq.
455 2570 543 2620 (Ipse
554 2580 617 2620 per
632 2571 791 2619 Azffonias
808 2572 944 2613 AEneia
960 2577 1112 2608 carmina
1123 2584 1238 2624 gentes
1265 2577 1340 2625 Qu*
1351 2581 1408 2626 so-

99 2638 175 2671 nat,
201 2631 328 2680 ingenti
342 2634 399 2678 qui
413 2635 536 2665 nomine
548 2629 660 2678 pullat
679 2629 868 2679 Ogympzmb
896 2631 1137 2681 Maeom'umque
1152 2636 1265 2681 finem
1286 2637 1407 2674 Roma-

99 2703 139 2725 no
149 2697 309 2738 pro-vocat
325 2702 392 2731 ore,
406 2687 438 2722 F
436 2688 556 2736 orsi‘an
574 2685 661 2725 illius
674 2692 808 2725 nemoris
825 2689 967 2738 latufft
982 2694 1015 2724 in
1033 2689 1166 2732 umbra,
1193 2692 1295 2740 Qtod
1302 2701 1406 2746 canit,

100 2757 132 2783 et
141 2745 253 2796 sterili
271 2755 400 2783 tantum
417 2748 572 2796 cantcssbt
588 2763 704 2785 avena
723 2747 856 2797 Ignotus
869 2747 995 2796 populis
1009 2761 1022 2784 .·
1037 2749 1078 2797 st
1093 2748 1281 2787 llffaecenate
1314 2768 1407 2791 care-

100 2807 204 2853 ret5J
229 2817 249 2840 a
267 2804 463 2842 Maecenate
482 2803 521 2841 id
550 2804 681 2842 fastum
710 2806 774 2842 effe
806 2815 1017 2843 memorant.
1088 2807 1249 2852 Scilicet,
1278 2820 1316 2847 ut
1330 2812 1406 2860 jam

101 2862 216 2906 Ruaeo
232 2863 346 2901 visum
365 2866 426 2908 est,
455 2877 535 2901 curn
554 2864 710 2902 Pollioni
727 2865 881 2916 primum
899 2871 1006 2916 po'eta
1027 2866 1246 2911 innotuisset,
1273 2870 1318 2905 ab
1337 2871 1407 2907 hoc

101 2922 294 2971 Maeeenati
307 2923 568 2970 commendari,
597 2923 770 2977 hujusque
788 2925 904 2965 studio
928 2924 969 2965 in
996 2925 1188 2965 Oflaviani
1208 2926 1408 2966 amicitiam

1292 3000 1412 3028 venire
