1987 3361
498 293 534 331 x
875 274 1437 330 PRAEFATIO

492 420 651 475 litatis
672 418 1058 492 expectandum
1074 418 1168 470 effe
1184 419 1418 472 arbitror.
1475 422 1755 499 Plerisque,
1780 447 1807 482 e

495 512 698 566 Latinis
715 524 868 572 certe,
912 511 1226 572 auctoribus,
1252 513 1341 584 qui
1361 514 1572 585 quidem
1600 536 1806 573 accura-

489 613 542 652 ta
568 600 819 652 etsollcrti
841 602 1059 653 lectione
1088 602 1231 673 digni
1255 601 1365 663 fint‚
1393 606 1726 661 emendandis
1754 625 1803 664 et

488 692 743 764 poliendis
767 692 883 745 satis
904 693 1197 746 insudatum
1217 695 1307 757 est,
1350 708 1405 748 ut
1427 697 1537 767 jam
1565 700 1627 750 iis
1654 703 1800 756 venia

488 797 622 835 certe
643 785 807 837 danda
834 785 909 846 fit,
951 787 1039 858 qui
1067 787 1349 841 emendatae
1380 789 1532 861 hujus
1560 793 1800 848 lectionis

486 875 714 946 aliquem
734 875 961 928 fructum
981 896 1177 949 capere,
1195 892 1243 931 et
1260 883 1494 932 auctores
1517 903 1620 935 non
1639 886 1800 938 modo

484 965 546 1018 ad
568 968 960 1036 grammaticam
983 980 1031 1018 et
1053 971 1283 1021 criticam
1307 969 1639 1026 subtilitatem
1658 981 1797 1030 reete

481 1057 789 1127 intelligere,
817 1074 998 1108 verum
1015 1059 1170 1110 etiam
1190 1080 1370 1113 eorum
1393 1076 1554 1117 artem
1577 1067 1630 1118 in
1651 1067 1798 1122 inve-

481 1147 705 1208 niendi<,
732 1149 1065 1211 collocandis,
1094 1164 1142 1203 et
1169 1153 1411 1205 ornandis
1441 1175 1613 1210 rerum
1641 1178 1797 1232 argu-

481 1244 692 1304 mentiS,
709 1241 1070 1294 sententiarum
1088 1262 1144 1295 ac
1158 1244 1432 1296 verborum
1449 1246 1661 1310 dilectu,
1678 1271 1798 1323 per.

479 1334 669 1406 spicere
709 1346 757 1385 et
795 1353 973 1386 eorum
1013 1336 1266 1406 exemplis
1307 1336 1563 1389 addiscere
1604 1343 1787 1408 velint,

479 1427 748 1501 quomodo
768 1427 861 1499 ipfi
878 1428 967 1480 fibi
985 1429 1238 1500 majorem
1255 1430 1450 1502 ingenii
1470 1445 1518 1483 et
1536 1435 1787 1489 orationis

474 1518 787 1590 elegantiam
800 1531 1118 1589 comparent.
1153 1519 1295 1570 Cum
1314 1532 1484 1571 tamen
1502 1522 1789 1594 Virgilium

475 1626 595 1659 eum
623 1607 719 1658 effe
745 1605 1106 1667 meminissem,
1141 1608 1194 1660 in
1219 1628 1327 1679 quo
1356 1611 1545 1664 criticae
1571 1614 1786 1688 alicujus

475 1699 731 1752 facultatis
756 1700 983 1771 copiam,
1008 1719 1110 1771 qua
1129 1702 1302 1752 nullus
1329 1702 1567 1773 ingenuae
1590 1707 1787 1763 doctri-

473 1809 555 1844 nae
579 1788 741 1842 homo
766 1789 867 1841 fine
893 1809 1084 1861 magno
1109 1803 1159 1842 et
1186 1790 1275 1842 suo
1297 1805 1345 1843 et
1382 1792 1687 1865 disciplinae,
1718 1801 1781 1854 ad

470 1901 632 1958 quarn
652 1882 753 1935 sese
773 1883 1026 1954 adjungit,
1068 1883 1378 1937 detrimento
1414 1906 1579 1940 carere
1606 1894 1779 1962 poffit,

468 1971 811 2026 adolescentes
836 1973 1034 2043 optime
1059 1973 1246 2043 poffint
1275 1974 1365 2027 fibi
1401 1995 1593 2047 parare,
1635 1985 1780 2040 nolui

469 2065 551 2117 vel
578 2062 710 2116 hanc
735 2064 1010 2115 utilitatem
1038 2065 1099 2115 ab
1120 2063 1214 2116 hac
1239 2065 1466 2118 editione
1492 2067 1775 2144 sejungere,

466 2155 647 2227 Itaque
672 2173 778 2205 non
794 2153 954 2210 modo
979 2155 1230 2207 variantes
1258 2157 1504 2217 lectiones
1546 2181 1610 2218 ex
1640 2167 1776 2220 Bur-

465 2245 742 2299 manniana
757 2246 1000 2308 editione,
1022 2261 1207 2320 praeter
1225 2250 1545 2320 pauciffimas
1567 2258 1773 2325 prorsus

462 2337 690 2396 inutileS,
706 2356 886 2389 omnes
905 2339 1149 2411 excerpfi,
1172 2341 1224 2392 in
1245 2343 1514 2398 meliorem
1534 2347 1771 2403 ordinem

463 2429 661 2500 digeffi,
678 2429 876 2500 judicio
895 2430 1050 2483 etiam
1079 2433 1423 2506 qualicunque
1452 2454 1570 2488 meo
1598 2439 1771 2511 adjec÷

461 2531 516 2571 to
539 2544 555 2579 ;
593 2539 774 2572 verum
797 2522 952 2572 etiam
980 2524 1139 2573 varias
1160 2524 1407 2582 lectiones
1429 2546 1494 2585 ex
1521 2529 1770 2585 Pierianis

457 2611 831 2674 notationibus,
881 2633 997 2685 quae
1065 2617 1241 2668 Tomo
1304 2619 1445 2672 istius
1507 2623 1766 2679 Editionis

460 2717 641 2775 quarto
667 2705 889 2757 seorsum
916 2707 1116 2760 excusse
1158 2708 1291 2773 sunt,
1335 2711 1600 2784 subjunxi.
1679 2719 1764 2776 Ex

459 2795 777 2850 Martiniana
790 2816 944 2870 porro
965 2801 1279 2874 Eclogarum
1300 2817 1348 2856 et
1378 2807 1760 2878 Georgicorum

676 2906 698 2942 1
1473 2898 1760 2961 recensione
