1987 3361
424 290 905 340 CODICIBUS
964 292 1107 341 MSS.
1345 312 1430 343 mx

100 426 285 476 cussum
307 438 352 472 et
375 436 654 487 excerptum
678 421 782 480 effe,
806 423 1046 485 quemille
1062 441 1088 472 a
1104 425 1297 490 Maqu.
1321 426 1429 475 Gu-

102 514 185 561 dio
217 519 479 571 acceperat,
503 523 656 570 quum
690 506 728 552 is
762 521 873 552 eum
909 504 1136 569 Lugduni
1169 507 1219 553 in
1254 508 1423 557 Galliis

100 590 383 642 redemiffet.
420 589 547 636 Illud
573 588 696 635 forte
718 602 912 635 monere
933 602 1028 635 non
1052 603 1229 636 vanum
1253 603 1298 637 et
1315 592 1425 637 inu-

101 675 186 722 tile
209 675 365 731 fuerit,
386 673 434 719 in
461 671 553 718 Ge.
585 670 609 717 I
637 670 741 734 post
763 686 808 716 v.
836 684 893 731 52
915 685 1012 716 non
1034 668 1124 716 effe
1148 670 1348 729 hiatum,
1371 685 1424 721 ut

35 785 38 789 f
100 758 151 804 in
167 755 378 818 margine
394 753 686 816 adscriptum
700 750 780 809 est,
797 749 877 797 sed
891 749 1301 814 transpositionem
1319 769 1426 799 ver-

98 837 252 884 suurn.
324 836 594 899 Sequuntur
625 835 756 881 enim
809 831 965 880 versus
1001 845 1227 894 53--104
1260 835 1422 897 paullo

98 919 204 983 post
236 916 393 964 versus
432 929 686 977 105-130
719 914 844 959 male
877 912 958 959 hie
991 912 1203 962 insertos.
1274 916 1424 966 Porro

100 1002 191 1050 Ge.
215 1001 262 1047 II
278 1000 380 1064 post
395 1016 440 1046 v.
460 1012 482 1061 5
496 1014 517 1045 2
533 998 700 1045 lacuna
714 998 763 1044 in
779 997 942 1045 oculos
961 996 1161 1045 incurrit
1174 999 1232 1047 ad
1248 1017 1294 1051 V.
1313 1005 1422 1063 260,

97 1102 246 1149 quam
268 1084 458 1148 explere
481 1083 632 1130 voluit
655 1082 748 1129 alia
767 1080 847 1129 sed
863 1080 1102 1129 indoctior
1123 1099 1306 1143 manuS,
1331 1103 1419 1135 nec

98 1182 259 1216 tamen
274 1167 374 1213 folii
388 1166 597 1230 spatium
611 1165 717 1228 plus
730 1181 876 1228 quam
890 1181 916 1211 a
929 1181 976 1212 v.
996 1178 1053 1227 52
1070 1165 1129 1214 ad
1147 1183 1171 1215 2
1182 1183 1200 1214 1
1214 1184 1232 1215 1
1258 1170 1421 1234 capie-

96 1251 195 1298 bat.
265 1252 334 1298 At
347 1251 407 1297 ab
420 1252 617 1314 antiqua
634 1250 894 1314 manujam
907 1250 1027 1297 olim
1043 1251 1173 1300 idem
1186 1252 1418 1303 damnum

95 1335 272 1384 sartum
296 1332 384 1380 effe
407 1332 807 1398 deprehendimus
830 1333 880 1380 in
904 1333 1036 1392 foli0‚
1059 1336 1189 1398 quod
1213 1338 1337 1385 male
1359 1340 1418 1387 ad

96 1420 292 1476 calcem,
327 1418 506 1465 inversa
527 1418 726 1481 quidem
750 1416 886 1475 facie,
919 1418 1040 1465 dum
1071 1421 1419 1485 compingeba-

95 1512 174 1547 tur
196 1501 328 1557 liber,
343 1499 559 1548 adsutum
576 1501 642 1548 est
658 1525 669 1556 ;
695 1516 989 1564 quamquam
1004 1518 1091 1549 nec
1109 1503 1202 1551 hoc
1218 1507 1415 1556 ulterius

96 1599 243 1646 quam
265 1583 324 1630 ad
348 1582 466 1632 vers.
496 1598 519 1628 2
525 1598 589 1644 34
611 1583 858 1646 procedit;
895 1583 974 1630 sed
998 1583 1126 1631 frons
1150 1585 1249 1650 ejus
1269 1589 1415 1639 altera

95 1666 255 1712 abrasa
288 1682 437 1729 nugas
470 1667 530 1713 ab
576 1678 765 1713 recente
810 1682 956 1713 manu
1001 1667 1211 1730 recipere
1255 1675 1413 1723 coacta

94 1747 200 1796 fuit.
271 1748 474 1796 Videtur
493 1748 719 1796 Heinsius
743 1750 834 1797 hoc
856 1749 941 1796 sub
965 1748 1223 1814 fragmenti
1259 1755 1417 1804 Gudi„

94 1833 172 1880 ani
189 1832 381 1879 nomine
395 1833 585 1880 laudare
603 1832 661 1879 ad
680 1832 769 1880 Ge.
797 1833 863 1891 II,
891 1836 945 1881 82
964 1856 977 1888 ;
1014 1849 1143 1890 nam,
1165 1837 1295 1898 quod
1319 1838 1415 1885 ibi-

92 1913 205 1967 dem
228 1930 317 1976 pro
342 1913 553 1960 Gudiani
575 1914 688 1961 libri
712 1914 914 1962 lectione
948 1915 1234 1975 venditatur,
1258 1921 1415 1967 miram

90 1994 148 2059 est
169 2013 258 2058 que,
277 1997 325 2042 in
349 1996 609 2043 recentiore
629 1996 715 2043 illo
738 1996 869 2054 folio,
890 1998 1021 2061 quod
1042 2011 1153 2047 ante
1174 2015 1416 2052 memora..

89 2079 273 2134 bamus,
297 2078 484 2141 legitur.

161 2158 404 2204 Caeterum
429 2156 629 2205 infinitis
653 2157 703 2202 in
738 2156 855 2203 locis
878 2158 1124 2211 turbatum
1159 2167 1224 2215 est
1256 2170 1307 2217 in
1341 2172 1414 2221 his

92 2238 288 2292 variant.
315 2236 609 2295 lectionibus,
632 2238 764 2301 quod
785 2255 854 2287 eae
875 2240 935 2287 ad
956 2241 1159 2294 diversas
1183 2251 1413 2304 editiones

92 2333 294 2369 enotatae
316 2333 362 2367 et
375 2320 625 2384 adscriptae
639 2334 800 2379 erant3
825 2324 877 2371 id
894 2328 1024 2389 quod
1039 2346 1127 2392 per
1142 2343 1300 2383 totum
1318 2338 1410 2387 hoe

90 2405 234 2451 variae
259 2405 472 2451 lectionis
494 2422 658 2470 genus,
678 2408 727 2454 in
749 2410 853 2456 aliis
878 2428 1070 2477 quoque
1089 2416 1412 2483 scriptoribus,

91 2487 325 2534 molestias
339 2488 453 2536 facit
473 2490 760 2549 innumeras,
779 2493 1094 2561 inprimisque
1111 2502 1259 2550 fidem
1273 2518 1319 2553 et
1334 2508 1413 2555 di-

89 2569 340 2633 ligentiam
356 2571 661 2620 exscribentis
673 2574 799 2622 haud
813 2593 918 2624 raro
931 2579 980 2626 in
996 2580 1313 2645 suspicionem
1323 2591 1411 2638 ad-

89 2649 239 2698 ducit.
311 2651 461 2703 Valde
483 2654 736 2704 molestum
760 2670 807 2705 et
841 2659 959 2706 illud
984 2663 1063 2720 est,
1087 2669 1217 2728 quod
1251 2669 1411 2719 Hein..

91 2732 180 2780 slus
203 2750 295 2780 non
320 2736 519 2794 notavit,
543 2754 689 2801 quam
712 2740 989 2801 editionem,
1022 2747 1082 2792 ad
1116 2748 1250 2797 suam
1273 2754 1411 2801 criti-

90 2829 178 2870 cen
193 2818 509 2878 emendatam,
523 2822 680 2884 operis
699 2823 899 2874 librariis
915 2829 1243 2887 excudendam
1260 2835 1410 2882 tradi-

1271 2915 1409 2981 derit,

1956 3058 1964 3071 ³2
1957 2914 1971 3033 ·==-x,;
1963 2881 1965 2886 <
1962 2756 1976 2839 ,φηγ
1974 2723 1975 2726 „
1968 2689 1970 2691 .
1968 2642 1973 2644 2

1980 3167 1981 3177 ⁴
1974 3139 1986 3153 ί
1970 3013 1978 3104 -ι--ὴ
