1821 3381
324 338 414 383 142

505 320 558 370 P.
615 320 989 371 VIRGILII

1058 321 1452 372 MARONIS

318 454 702 519 Jungenrurjam
735 455 940 520 gryphes
965 456 1097 520 equis
1114 480 1125 511 ;
1165 472 1364 521 aevoque
1386 457 1599 521 sequenti

321 545 449 592 Cum
473 545 667 591 canibus
692 545 852 592 timidi
870 548 1070 595 Nenient
1088 546 1145 593 ad
1172 548 1345 610 pocula
1364 549 1539 598 damae.

317 635 505 698 Mopse,
540 652 682 682 novas
706 636 864 683 incide
888 637 1035 684 faces:
1072 636 1160 683 tibi
1183 635 1373 683 ducitur
1395 651 1531 684 uxor.

314 728 510 791 Sparge,
521 728 701 785 marite,
714 744 876 776 nuces:
895 730 985 778 tibi
999 729 1172 777 deserit
1185 727 1427 791 Hesperus
1441 727 1630 778 OEtam.

316 816 484 880 Incipe
507 817 762 866 Maenalios
785 835 995 878 mecum,
1019 835 1123 867 mea
1143 818 1276 876 tibia,
1297 818 1474 866 versus.
1566 834 1625 882 31

357 954 413 988 27.
437 949 603 992 ergunlur
626 951 750 983 Nl'orct.
776 962 827 994 pr.
871 953 955 995 tigre:
976 956 1040 994 pro'
1058 953 1176 995 gryphes
1198 951 1344 984 Parrhas.
1381 959 1483 996 grypes
1509 950 1635 983 Medic.

315 1000 429 1043 γρῦπες.
453 1003 579 1043 fi'quentc
593 1003 686 1034 Leid.
704 1004 741 1035 C.

835 1002 885 1035 28.
909 1007 1007 1035 tumidi
1018 1004 1105 1036 Vols.
1143 1007 1253 1035 timidae
1268 1004 1412 1035 Parthas.
1430 1012 1464 1036 et
1478 1002 1637 1035 Rottend.

314 1052 375 1083 sec.
392 1052 516 1084 Medic.
532 1060 563 1084 et
579 1053 734 1091 Ven.‚sed
747 1053 816 1096 jam
832 1054 994 1086 Charisius
1009 1065 1110 1096 genus
1125 1056 1158 1087 in
1175 1055 1206 1086 h.
1225 1055 1247 1086 1.
1263 1056 1400 1087 notavit.
1428 1055 1519 1086 timide
1535 1052 1636 1085 Goth-

313 1101 374 1134 fec.

464 1112 515 1144 29.
539 1103 601 1135 Vir
616 1104 730 1136 doctus
740 1115 789 1147 ap.
805 1105 916 1136 Burm.
934 1106 1134 1148 conjecerat:
1158 1108 1262 1136 incende
1267 1107 1362 1148 faces,
1383 1106 1432 1138 uti
1448 1113 1480 1137 et
1494 1105 1527 1136 in
1545 1104 1632 1137 Cod.

319 1154 510 1187 Divioncnfi
534 1164 622 1195 (τι-ατς
660 1157 747 1199 quia,
776 1157 887 1200 sponsa
912 1158 1061 1196 deducta,
1083 1157 1264 1190 incenditur
1292 1158 1356 1196 fax,
1381 1169 1447 1190 non
1470 1156 1634 1189 inciditur.

315 1205 424 1237 Nimis
439 1207 570 1249 argute!
594 1208 656 1239 Sed
673 1216 783 1240 tuetur
810 1209 980 1251 vulgarem
1004 1210 1114 1241 Burm.

1206 1218 1259 1250 30.
1273 1212 1339 1251 jam
1354 1212 1449 1254 dfirit
1464 1210 1637 1241 Ven.—-·

316 1266 371 1298 31.
391 1258 478 1290 tibia:
495 1259 535 1291 de
554 1259 677 1302 pastore
693 1260 937 1303 expectabamus
951 1261 1102 1294 fistulam,

370 1386 432 1423 ²7·
454 1372 653 1424 Jungentur
668 1385 803 1412 amore.
826 1373 943 1411 Color

315 1422 445 1461 duetus
462 1437 507 1461 ex
533 1425 692 1462 Theocr.
710 1425 744 1470 I,
771 1438 840 1475 132
865 1425 941 1476 sqq.

316 1474 466 1526 Gryphes
485 1480 593 1526 poeta
603 1490 696 1514 novo
708 1477 875 1527 exemplo
889 1477 944 1514 in-

315 1525 448 1572 duxit3
469 1527 669 1564 fabulosum
687 1528 880 1565 monstrum
899 1540 944 1565 ex

317 1576 562 1630 hieroglypho
589 1579 752 1624 ductum,
772 1580 871 1630 quod
898 1580 945 1617 ad

317 1628 529 1679 Apollinem
554 1630 745 1680 spenabat.
799 1634 940 1681 aevoft-

315 1686 440 1730 quenti,
491 1681 606 1732 fimpl.
659 1682 698 1719 in
746 1683 939 1733 posterum.

317 1734 378 1769 28.
399 1733 592 1783 adpocula,
619 1734 665 1771 ad
683 1745 824 1784 potum.

367 1797 429 1835 29.
448 1799 558 1823 novas
573 1789 676 1825 incide
679 1790 795 1836 faces,
820 1786 941 1825 incisis

311 1833 424 1886 lignis
456 1849 544 1887 para
576 1838 701 1883 taedas,
727 1838 775 1875 ad
810 1833 941 1877 novam

311 1896 462 1938 nuptam
515 1888 667 1927 domum
721 1890 941 1929 ducendam.

312 1938 515 1989 Epitheton
541 1956 650 1979 novas
675 1950 782 1978 ornat
805 1941 941 1993 fimpli-

312 1990 418 2030 citer.
474 2004 535 2040 303
553 1993 695 2045 Sparge,
724 1999 860 2039 marite,
877 2009 940 2032 nu-

312 2057 376 2086 ces,
395 2042 460 2094 qui
475 2043 644 2095 antiquus
655 2044 694 2082 in
710 2044 845 2096 nuptiis
863 2044 940 2083 Ro-

314 2106 506 2133 manorum
542 2109 620 2133 mos
658 2105 758 2134 erat:
787 2109 941 2148 eumque

311 2145 404 2183 adeo
429 2151 541 2196 poeta
562 2147 606 2184 ad
624 2148 803 2199 pastorum
826 2148 940 2187 vitam

311 2197 491 2237 traduxit.
528 2216 530 2218 ·
557 2199 824 2251 Spargebantur
878 2213 940 2237 au-

311 2256 387 2286 tem
414 2261 523 2288 nuces
553 2261 665 2302 nupta
695 2251 772 2302 jam
802 2250 841 2288 in
873 2251 939 2288 do-

312 2313 414 2339 mum
454 2312 491 2340 et
531 2301 729 2340 thalamum
769 2302 940 2347 deducta,

312 2352 474 2403 adeoque
491 2354 594 2392 nocie
608 2354 684 2404 jam
701 2363 804 2391 orta:
830 2368 939 2404 quam

312 2402 426 2453 sponfi
455 2404 494 2441 in
515 2407 671 2455 gratiam
695 2405 801 2443 solito
831 2405 941 2444 citius

312 2455 404 2492 oriri
423 2455 475 2493 ait
486 2472 496 2503 3
516 2457 587 2494 hoc
603 2457 701 2495 enim
717 2458 787 2495 est:
807 2458 872 2495 tibi
884 2459 939 2494 de-

299 2509 389 2555 firit
402 2508 565 2558 Hesperus
582 2509 718 2547 Oetam.
753 2508 882 2560 Itaque
899 2508 939 2546 in

311 2558 405 2596 votis
425 2572 527 2597 novae
543 2571 665 2612 nuptae
678 2573 721 2597 ac
735 2560 849 2611 sponfi
866 2571 940 2599 tam

310 2608 477 2660 frequens
487 2612 535 2648 est
547 2611 703 2662 Hesperi
712 2611 849 2649 mentio
864 2626 872 2649 :
890 2612 939 2650 cf.

312 2660 451 2700 Catull.
472 2662 644 2712 LX‚328
661 2663 713 2713 sq.
743 2662 802 2701 Est
821 2674 940 2702 autem

311 2712 398 2758 hoc,
429 2715 529 2763 quod
561 2715 607 2752 ab
638 2714 727 2752 OEta
757 2714 941 2767 Hesperus

310 2764 401 2802 oriri
430 2765 583 2811 dicitur,
612 2767 659 2803 ab
688 2767 812 2817 aliquo
831 2771 942 2818 po'eta

313 2814 450 2854 Graeco
491 2818 655 2862 ductum,
690 2818 755 2869 qui
797 2829 858 2855 aut
901 2818 939 2855 in

310 2867 402 2906 locis
421 2867 549 2907 OEtaeis
567 2870 749 2907 montibus
776 2869 942 2919 subjeffis

313 2919 422 2965 vixit,
450 2931 512 2957 aut
531 2933 604 2958 rem
622 2922 661 2958 in
679 2920 723 2958 iis
747 2922 835 2960 locis
860 2920 939 2973 ges-

1007 1382 1097 1418 tam,
1124 1372 1149 1410 fi
1169 1374 1261 1411 rec'te
1277 1372 1455 1424 conjicio,
1486 1372 1580 1411 Pelei
1598 1380 1635 1410 et

1008 1424 1179 1462 Thetidis
1236 1427 1396 1475 nuptias,
1453 1424 1635 1469 narravit3

1008 1476 1093 1514 inde
1104 1477 1173 1515 hoc
1188 1477 1226 1513 in
1238 1476 1430 1514 sollennem
1445 1480 1635 1527 poetarum
1697 1525 1699 1527 Ι

1010 1528 1113 1566 usum
1144 1528 1285 1566 versum
1318 1529 1383 1572 est,
1410 1537 1446 1565 et
1484 1527 1635 1578 quidem

1008 1578 1213 1630 promiscue
1230 1580 1341 1617 modo
1360 1579 1398 1616 in
1414 1588 1496 1617 ortu
1523 1579 1636 1616 modo

1009 1631 1049 1668 in
1077 1631 1208 1669 occasu
1238 1630 1322 1669 solis
1355 1644 1396 1668 ac
1423 1630 1522 1668 diei:
1551 1643 1637 1668 eum

1010 1692 1162 1733 uterque
1178 1682 1223 1720 ab
1242 1683 1405 1734 Hespero
1430 1692 1465 1721 et
1483 1696 1504 1719 a
1523 1680 1636 1733 Luci-

1010 1734 1089 1771 fero
1122 1733 1299 1784 designari
1324 1734 1449 1779 soleat,
1475 1743 1515 1772 ut
1538 1733 1633 1771 fidus

1008 1785 1101 1823 illud
1118 1786 1164 1824 ab
1178 1785 1266 1823 OEta
1278 1786 1317 1823 in
1328 1786 1557 1837 conspthum
1573 1797 1635 1822 ve-

1009 1837 1088 1875 nire
1119 1837 1278 1876 dicatur.
1318 1851 1354 1876 v.
1390 1837 1502 1875 Cirin
1545 1849 1637 1888 350.

1009 1889 1141 1927 Seneca
1172 1888 1288 1927 Herc.
1323 1888 1394 1927 fur.
1430 1901 1514 1939 132.
1549 1901 1636 1938 133.

1008 1941 1108 1978 conf.
1127 1941 1249 1979 laudd.
1285 1954 1305 1978 a
1323 1940 1447 1979 Barth.
1477 1940 1525 1977 ad
1541 1939 1634 1978 Stat.

1011 1991 1048 2029 V
1067 1992 1157 2030 Silv.
1187 2008 1227 2044 4,
1257 1994 1296 2031 8.
1349 1991 1499 2030 Maroni
1515 2000 1636 2029 autem

1009 2044 1175 2094 proxime
1245 2043 1435 2096 praeiverat
1496 2041 1638 2081 Catull.

1010 2095 1123 2139 LIX,
1152 2110 1171 2147 7
1195 2096 1321 2133 Oetaeos
1342 2096 1472 2147 [stendit
1499 2098 1641 2145 nofflfir

1010 2153 1114 2198 agnes,
1141 2147 1205 2185 ubi
1222 2161 1258 2185 v.
1279 2147 1402 2198 Intpp.
1431 2146 1638 2198 Porrigitur

1010 2198 1103 2237 illud
1133 2199 1311 2236 montium
1335 2200 1466 2249 jugum
1494 2198 1540 2235 ab
1561 2197 1638 2235 ori-

1010 2260 1092 2288 ente
1133 2250 1252 2288 versus
1288 2250 1532 2294 occidentem,
1557 2248 1637 2286 vid.

1011 2302 1129 2340 Strab.
1157 2301 1234 2347 IX,
1260 2315 1346 2353 pag.
1375 2304 1466 2352 655.
1519 2301 1564 2338 In
1592 2300 1638 2337 iis

1009 2354 1147 2405 itaque,
1174 2354 1238 2405 qui
1252 2354 1360 2392 illum
1370 2353 1523 2391 tracium
1534 2351 1637 2390 habi-

1009 2405 1150 2450 tabant,
1176 2406 1292 2449 fuere,
1318 2405 1448 2457 quibus
1471 2403 1561 2441 OEta
1589 2403 1637 2441 ab

1010 2458 1297 2495 occidentefita
1328 2457 1435 2500 effet3
1471 2455 1517 2493 iis
1545 2454 1638 2493 adeo

1011 2508 1166 2547 Veneris
1209 2508 1268 2547 seu
1315 2506 1470 2559 Hesperi
1522 2507 1636 2550 stella,

1010 2561 1151 2611 quoties
1178 2561 1256 2612 post
1285 2559 1369 2598 solis
1402 2557 1569 2597 occasum
1598 2557 1638 2595 in

1010 2611 1244 2664 conspectum
1276 2610 1458 2656 veniebat,
1486 2609 1532 2647 ab
1566 2609 1637 2650 (Ε-

1011 2664 1086 2701 taeis
1105 2663 1288 2702 montibus
1313 2662 1403 2701 oriri
1424 2660 1544 2700 videri
1568 2674 1638 2712 po-

1013 2715 1085 2752 tuit
1115 2715 1264 2754 heliace.
1301 2715 1362 2752 Sic
1382 2723 1418 2752 et
1438 2714 1524 2752 Cul.
1560 2725 1635 2752 202

1011 2768 1058 2804 Et
1079 2770 1178 2819 ptger
1205 2778 1323 2804 aurato
1347 2766 1490 2817 procedit
1518 2765 1640 2815 Vesper

1010 2819 1056 2857 ab
1075 2820 1176 2857 Oeta.
1230 2818 1358 2856 Minus
1385 2817 1532 2855 definite
1546 2815 1637 2854 Mu-

1010 2870 1097 2907 saeus
1142 2882 1214 2907 111.
1287 2870 1345 2907 Ἐκ
1384 2871 1530 2919 weg-&Tm
1564 2870 1636 2906 ἀνέ-

1011 2931 1101 2972 φαινε
1135 2922 1320 2964 βαθύσκιος
1352 2925 1484 2972 ἕσπεςος
1535 2921 1638 2969 devig-

1477 2970 1634 3022 Vulgari
