1987 3361
462 304 583 342 xrvr
835 288 941 340 DE
1008 291 1393 340 VIRGILII

460 428 720 484 Secundus,
772 428 819 474 in
865 428 1030 476 cadem
1075 429 1214 492 praef.
1260 445 1372 492 pag.
1422 428 1534 478 XL.
1595 433 1767 494 Dqffi’rd

459 515 627 559 tatione
664 513 733 558 del
767 511 911 556 Codice
954 510 1211 573 Aproniano,
1254 512 1358 557 dall'
1395 511 1565 558 Abbate
1598 515 1766 575 Scfiim'.

459 591 662 638 Firenze.
717 604 763 638 et
810 591 1068 655 Fogginius
1115 592 1161 638 in
1203 591 1341 655 praef.
1420 592 1643 657 Namque
1688 597 1768 644 hic

457 674 638 721 dostiss'.
685 675 757 721 vir
800 686 957 721 totum
1011 675 1231 721 codicem
1284 675 1453 722 litteris
1496 677 1769 741 majusculis

459 757 628 803 excudi
653 757 851 813 curavit,
875 756 963 802 hoc
989 756 1155 802 titulo:
1672 813 1673 816 Ἰ

522 838 581 884 P.
610 838 771 901 Vergili
792 839 992 885 Maronis
1016 838 1147 884 Codex
1168 840 1380 901 antiqug'ff.
1415 857 1442 886 a
1468 840 1591 900 Rufio
1616 841 1770 890 Turcio
1819 873 1826 876 >

457 922 704 984 Aproniano
744 925 790 969 V.
836 921 884 967 C.
923 922 1141 982 distinfflus
1175 930 1216 966 et
1254 922 1507 978 emendatus,
1539 926 1615 986 qui
1654 941 1763 971 nunc

457 1007 683 1054 Florentia>
717 1009 761 1052 in
792 1005 1038 1051 bibliotheca
1076 1005 1594 1052 Mediceo-Laurentiana
1612 1009 1766 1070 affer-

454 1102 602 1147 vatur,
637 1091 732 1136 bono
746 1089 910 1151 publico
932 1090 1045 1150 {ypis
1067 1087 1302 1148 descriptus
1326 1087 1509 1134 Florent.
1541 1103 1677 1151 1741,
1709 1109 1760 1150 4.

454 1191 564 1221 cura
591 1177 641 1220 P.
669 1174 833 1221 Franc.
863 1169 1109 1233 Fogginii.

521 1256 685 1302 Codex
710 1254 806 1317 ipse
827 1264 1038 1300 exaratus
1064 1251 1129 1297 est
1153 1250 1199 1296 in
1228 1250 1492 1298 tenuiffima
1520 1254 1766 1302 membra...

452 1354 513 1383 na
551 1337 816 1383 charac‘iere
855 1333 1047 1397 capitali
1094 1333 1295 1389 minore,
1331 1335 1558 1382 admixtis
1602 1350 1760 1384 tamen

453 1419 692 1465 nonnullis
719 1416 1021 1470 minusculis;
1058 1415 1318 1462 interstitiis
1348 1416 1602 1464 verborum
1641 1436 1762 1467 non-

455 1500 611 1557 nullis,
645 1515 937 1563 quamquam
972 1498 1231 1561 Fogginius
1258 1497 1323 1562 (v.
1347 1498 1487 1560 praef.
1523 1517 1571 1562 p.
1613 1501 1757 1561 XIV)

452 1584 682 1630 distineris
708 1583 862 1629 verbis
891 1594 938 1628 et
962 1583 1147 1645 vulgari
1177 1582 1332 1629 nostro
1356 1583 1620 1631 charatstere
1643 1602 1762 1648 qua-

451 1665 589 1712 drato
632 1681 741 1712 eum
778 1665 1082 1728 representari
1114 1667 1312 1712 curavit.
1381 1664 1544 1712 Plures
1572 1684 1761 1714 correc-

450 1757 575 1793 tores
611 1759 830 1809 expertus
857 1748 938 1805 est,
962 1764 1006 1793 v.
1035 1748 1237 1811 Foggin.
1263 1746 1399 1812 praef.
1427 1764 1473 1810 p.
1511 1748 1655 1807 XIII.
1675 1750 1760 1796 Est

451 1845 499 1880 et
522 1833 610 1879 hoc
635 1833 755 1878 inter
777 1832 933 1878 laudes
970 1831 1165 1888 codicis,
1195 1832 1322 1895 quod
1354 1833 1533 1895 integer
1563 1832 1643 1888 est,
1672 1847 1758 1878 nec

450 1914 537 1961 nifi
561 1915 620 1961 ab
649 1914 786 1961 initio
812 1914 872 1960 ad
908 1914 1144 1977 Eclogam
1182 1913 1392 1960 sextam:
1436 1915 1646 1962 Praesides
1675 1918 1758 1962 im-

442 2000 635 2060 plerunt,
666 2010 923 2045 truncatuS.
994 1997 1266 2061 Specimina
1322 1998 1564 2060 scripturae
1616 1999 1758 2045 multi

449 2080 719 2138 exhibuere,
763 2080 984 2126 omnium
1022 2081 1362 2128 accuratissime
1414 2081 1672 2144 Fogginius
1708 2081 1755 2126 in

448 2164 587 2226 praef.
626 2181 675 2226 p.
713 2163 807 2210 XV
851 2174 898 2208 et
935 2179 993 2209 ex
1026 2178 1083 2209 eo
1114 2162 1207 2211 ΡΡ.
1243 2164 1536 2212 Βεηεόἰᾶἰῐιί
1570 2165 1630 2214 T.
1665 2166 1758 2225 III,

447 2246 544 2292 tab.
569 2246 784 2294 XXXV.
806 2245 870 2304 II,
894 2246 980 2304 IV,
1015 2245 1369 2312 subscriptionis
1402 2260 1579 2306 autem,
1609 2265 1755 2313 quam

448 2329 604 2377 statim
616 2333 1005 2390 memorabimus,
1014 2333 1355 2382 Nic.Heinfius
1368 2336 1413 2382 in
1423 2335 1560 2399 praef.
1567 2334 1756 2401 Virgilii

449 2411 614 2459 Burm.
658 2429 707 2476 p.
755 2414 996 2462 XXXVI.
1068 2415 1261 2463 Codicis
1299 2417 1440 2482 hujus
1475 2419 1755 2465 vetustatem

447 2500 649 2546 mirifice
663 2501 929 2547 extulerunt
943 2500 1162 2547 laudibus
1182 2512 1227 2547 et
1245 2513 1471 2548 ornarunt
1496 2502 1582 2547 viri
1606 2502 1750 2548 docsti.

448 2582 522 2628 Ut
549 2581 756 2627 breviter
779 2594 876 2628 tota
900 2581 1219 2645 disputatione
1251 2583 1584 2646 defungamur,
1611 2600 1753 2631 omne

446 2662 504 2709 de
528 2662 855 2726 eojudicium‚
883 2663 989 2725 post
1025 2664 1291 2711 litterarum
1324 2665 1658 2721 chara&erem‚
1693 2680 1752 2711 ex

445 2744 682 2807 adscripto
730 2745 814 2790 sub
875 2745 1208 2792 Bucolicorum
1273 2747 1419 2793 finem
1474 2747 1751 2792 correc'ioris

445 2826 638 2874 nomine
662 2827 851 2889 pendet.
920 2827 1003 2875 Est
1035 2828 1074 2875 is
1107 2828 1309 2876 Turcius
1342 2829 1509 2877 Rufius
1539 2829 1752 2893 Aproni-

1636 2929 1750 2960 anus
