1987 3361
189 722 252 774 P.
294 716 672 771 VIRGILII
713 704 1115 769 'MARONIS
1155 714 1363 766 VITA

274 854 428 892 PER
497 851 792 890 ANNOS
856 850 1262 891 DIGESTA.

386 1116 453 1164 U.
480 1112 537 1164 C.
562 1115 698 1165 Varr.
726 1115 835 1174 684„-
909 1115 1013 1162 Cat.
1041 1116 1150 1163 682.

117 1194 197 1248 M.
239 1199 435 1246 Licinius
475 1198 656 1259 erffus.
728 1197 805 1247 Cn.
847 1197 1074 1259 Pompeius
1109 1196 1304 1261 Magnus
1328 1200 1429 1262 Coff.

437 1279 538 1317 ante
563 1270 610 1319 C.
639 1268 701 1316 N.
729 1282 806 1331 70.
880 1269 1053 1339 Virgilii
1078 1285 1120 1316 1.

127 1369 274 1462 HIS
311 1370 427 1415 Coss„
452 1378 488 1407 et
515 1368 662 1419 quidem
685 1367 811 1406 Idibus
844 1365 1079 1410 Oeiobribus,
1106 1376 1232 1408 natum
1259 1372 1326 1408 effe
1345 1371 1435 1412 Vic-

255 1430 385 1483 gilium
404 1428 549 1466 tradunt
568 1428 613 1466 ad
632 1441 744 1465 unum
762 1439 899 1465 omnes.
953 1425 1197 1465 Consentiunt
1222 1438 1258 1466 et
1282 1430 1321 1468 in
1349 1431 1435 1480 hoe,

123 1493 264 1535 Andes,
291 1490 369 1541 agri
395 1488 588 1526 Mantuani
615 1488 752 1531 vicum,
779 1486 814 1524 ei
842 1485 961 1523 natale
987 1484 1102 1522 solum
1130 1486 1246 1526 fuiffe.
1301 1489 1359 1528 De
1376 1506 1437 1542 pa-

123 1558 181 1589 *tre
212 1550 358 1601 ejusque
389 1548 537 1586 nomine
570 1556 610 1585 ut
643 1556 678 1584 et
713 1547 759 1584 de
794 1555 908 1583 matre
941 1545 1055 1582 multa
1086 1545 1267 1596 ineptiunt
1302 1549 1436 1589 Gram-

125 1610 265 1649 matici.
320 1609 461 1646 Patrem
495 1606 699 1657 Virgilium
732 1605 941 1648 Maronem,
969 1613 1118 1643 matrem
1152 1605 1308 1654 Maiam,
1334 1611 1440 1650 fuisse

125 1660 287 1708 dubitari
321 1666 460 1718 nequit.
513 1666 660 1704 Nomen
693 1674 729 1704 et
760 1664 941 1717 Virgilius
971 1672 1007 1701 et
1039 1663 1226 1716 Vergilius
1255 1667 1436 1712 scfibitur.

127 1728 198 1767 Sed
213 1728 395 1765 videamus
412 1727 458 1763 de
475 1724 637 1776 singulis.

182 1789 280 1826 Coss'.
314 1787 480 1825 laudatos
510 1798 582 1823 non
620 1784 731 1822 modo
768 1782 1062 1822 Pseudodonatus
1091 1783 1222 1823 diserte
1251 1797 1440 1833 memorat,

127 1858 165 1887 et
193 1848 329 1884 Phocas
363 1859 396 1883 v.
433 1858 495 1884 20.
531 1857 596 1888 21,
622 1856 748 1880 verum
773 1842 882 1879 etiam
911 1841 1160 1894 Hieronymus
1191 1844 1232 1882 in
1258 1846 1440 1887 Chronic.

127 1898 260 1944 Euseb.
295 1919 332 1956 p.
368 1917 431 1957 151
457 1913 545 1954 etp.
574 1915 626 1951 40
647 1902 720 1950 (ed.
762 1901 874 1952 1658)
904 1901 1066 1953 Virgilius
1085 1903 1189 1942 Maro
1205 1908 1358 1956 inpago,
1383 1912 1447 1958 qui

130 1968 242 2005 Andes
268 1967 400 2008 dicitur,
428 1963 527 2001 haud
543 1961 662 2013 procul
685 1976 709 1998 a
736 1961 903 2005 Mantua,
931 1965 1090 2012 nascitur,
1118 1964 1265 2015 Pompeio
1280 1976 1311 2002 et
1325 1966 1357 2001 C
1360 1969 1444 2017 rzffl
1471 2000 1477 2006 Ι

130 2027 218 2077 Coffi
246 2024 294 2062 cf.
325 2022 458 2073 scalig.
481 2020 680 2061 Animadv.
711 2034 746 2071 p.
771 2033 839 2071 152
858 2020 896 2060 b.
950 2021 1050 2059 Nam
1069 2021 1200 2060 Graeca
1220 2023 1441 2073 respicienda

129 2101 202 2126 non
220 2086 315 2130 sunt,
331 2084 370 2121 in
390 2083 518 2133 quibus
535 2096 570 2133 p.
583 2094 655 2134 529
671 2080 831 2131 sequenti
848 2094 942 2118 anno
957 2080 1177 2133 adscriptum
1192 2084 1260 2121 est:
1282 2087 1444 2135 Βιςιγίλιος

130 2141 276 2196 ἓνενήῇη·
303 2143 402 2194 quod
427 2143 524 2181 idem
547 2142 743 2192 sequuntur
773 2140 989 2179 Chronicon
1015 2140 1182 2180 Paschale
1205 2142 1233 2181 s.
1264 2143 1355 2182 Fasti
1386 2147 1444 2184 Si.

129 2207 207 2245 culi
223 2218 307 2257 pag.
329 2207 412 2253 184.
463 2203 514 2240 C.
532 2201 669 2239 Idatius
689 2199 798 2238 Fastis
816 2201 1004 2239 Consular.
1034 2213 1067 2239 a.
1085 2203 1132 2242 68
1138 2214 1174 2253 5.
1229 2204 1341 2253 Apud
1358 2218 1444 2243 eun·-

131 2267 217 2305 dem
249 2264 514 2313 Hieronymum
543 2262 588 2299 ad
608 2261 757 2311 Olymp.
797 2274 883 2312 177,
913 2274 932 2310 3
959 2261 988 2300 is
1016 2274 1128 2299 annus
1158 2263 1255 2300 reste
1277 2262 1442 2303 refertur.

133 2320 296 2376 Phlegon
313 2321 519 2360 Trallianus
537 2320 575 2358 in
596 2319 873 2370 Olympicornm
888 2329 924 2357 et
940 2319 1207 2359 Chronicorum
1231 2321 1445 2361 colleftione

133 2385 230 2436 apud
250 2381 420 2420 Photium
447 2380 621 2418 Biblioth.
653 2378 825 2423 XCVII,
851 2393 888 2430 p.
920 2379 1010 2431 267,
1039 2392 1084 2431 25
1112 2380 1171 2418 ed.
1201 2380 1445 2434 Rothomag.,

136 2442 201 2483 ubi
218 2443 265 2480 de
281 2441 432 2492 Olymp.
457 2453 543 2492 177,
573 2453 592 2489 3
623 2437 683 2476 καὶ
701 2440 886 2490 Οὗκξτγίλιος
911 2441 1050 2490 Μάξων,
1080 2440 1096 2476 ὃ
1119 2441 1270 2485 ποιητὴς,
1298 2442 1447 2490 ἐγεννήθη

135 2504 228 2542 a-Aw
245 2507 288 2540 τὲ
304 2503 393 2544 ἕτες,
410 2499 503 2537 εἴδοις
517 2499 751 2549 Ὀκτωβξίσιις.

189 2563 302 2601 Andes
333 2560 576 2609 Hieronymus
606 2559 632 2597 l.
664 2559 689 2596 l.
720 2569 754 2597 et
774 2558 938 2597 Donatus
955 2559 1090 2611 aliique
1108 2570 1320 2600 memorant.
1372 2563 1446 2602 An·-

135 2623 217 2663 dino
236 2627 326 2664 vico,
353 2618 472 2668 inquit
494 2617 641 2662 Probus,
668 2624 726 2669 qui
748 2618 836 2669 abest
862 2635 886 2657 a
902 2619 1054 2657 Mantua
1072 2619 1178 2657 millia
1189 2623 1342 2671 paffitum
1361 2623 1445 2661 III.

138 2680 236 2719 Situs
251 2679 356 2729 hujus
387 2677 460 2715 vici
479 2677 632 2715 incertus
649 2678 708 2714 est.
762 2678 958 2716 Mantuani
974 2688 1095 2716 tamen
1113 2693 1196 2717 eum
1213 2682 1279 2717 effe
1297 2690 1448 2719 conten-

138 2739 246 2783 dunt,
281 2738 345 2788 qui
380 2749 474 2774 nunc
509 2736 584 2774 duo
617 2735 733 2774 millia
762 2739 921 2787 passuum
956 2737 1001 2775 ab
1035 2738 1123 2777 urbe
1159 2738 1308 2784 diffitus,
1337 2741 1448 2793 vulgo

139 2797 276 2846 dicitur
294 2796 449 2835 Pietola:
477 2809 511 2836 v.
543 2795 692 2837 Cluver.
712 2795 792 2837 Ital.
821 2806 897 2840 ant.
923 2811 962 2850 p.
994 2811 1013 2836 2
1021 2812 1081 2851 57.
1134 2798 1193 2837 Ex
1208 2792 1307 2839 more
1327 2809 1447 2838 tamen

365 2869 392 2898 2
1365 2860 1451 2904 satis
